3608 5460
1278 279 1280 282 '
1347 275 1392 323 DE
1414 275 1677 324 excefflosleus

545 1098 692 1170 trane
719 1096 1132 1178 commaneamus
1159 1096 1392 1177 cunnus.
1696 1062 1797 1180 „tu

304 1455 341 1532 lt
380 1453 444 1530 DE
478 1450 851 1529 EXCEPTIONIBUS
885 1382 1362 1531 PRAliSCRIPTIONIBUS
1395 1453 1458 1531 ΕΤ
1492 1454 1634 1531 PRAE-
1698 1461 1751 1522 us
1768 1445 1804 1508 ²

839 1575 1024 1654 IUDIOIIS
1064 1577 1102 1654 lt

217 1743 234 1800 1
308 1703 473 1802 Uurrauue
490 1739 561 1798 libro
579 1745 676 1812 quamn
694 1739 730 1796 ad
748 1740 877 1798 edictum.
912 1741 1005 1813 Agere
1024 1742 1105 1798 etiarn
1124 1741 1148 1798 ie
1166 1741 1284 1814 uidetur,
1302 1743 1349 1814 qni
1367 1745 1529 1816 exceptione
1547 1738 1722 1828 [ΜΕ

254 1834 353 1890 utitur:
372 1848 434 1888 nam
453 1847 516 1888 reus
533 1831 561 1887 iu
579 1829 740 1900 exceptione
758 1835 835 1886 actor
852 1833 903 1886 eet.
1700 1847 1712 1886 e

216 1919 235 1978 2
307 1923 384 1978 Innu
401 1920 471 1976 libro
489 1919 711 1990 septuagensimo
729 1925 827 1989 quarto
845 1919 881 1974 ad
899 1917 1028 1990 edictum.
1056 1920 1188 1990 Exceptio
1207 1921 1282 1976 dicta
1299 1926 1342 1977 est
1354 1922 1432 1991 quasi
1444 1938 1528 1994 quae·
1561 1935 1684 1990 e.er,1,a
1700 1929 1734 1984 li·

254 2013 317 2068 dam
343 2010 477 2080 exclusio,
501 2023 571 2080 quae
594 2008 696 2078 opponi
714 2009 814 2064 actioni
833 2009 964 2078 cuiusque
982 2008 1022 2063 rei
1040 2009 1110 2064 solet
1126 2009 1162 2064 ad
1180 2009 1374 2066 excludendum
1393 2009 1435 2080 id,
1459 2011 1535 2081 quod
1553 1998 1685 2067 inin—teu

223 2109 235 2154 1
254 2102 354 2158 tionem
378 2097 668 2155 condemnationemne
692 2095 840 2152 deductum
864 2103 916 2153 est.
951 2097 1152 2168 Replicatioues
1175 2097 1239 2154 nihil
1262 2099 1336 2154 aliud
1360 2104 1425 2154 eunt
1445 2115 1529 2170 quam
1548 2096 1685 2184 [eser}

254 2190 437 2262 exceptiones,
455 2191 484 2244 et
501 2203 519 2244 a
536 2191 614 2258 parte
631 2186 732 2242 actoris
749 2187 893 2243 ueniunt¹r
912 2201 983 2257 quae
996 2187 1106 2258 quidem
1118 2187 1181 2243 ideo
1193 2189 1364 2244 neceesamae
1375 2193 1448 2258 sunt,
1466 2192 1498 2244 ut
1510 2191 1685 2260 exceptiones
1703 2197 1727 2240 10

221 2289 236 2334 a
254 2279 412 2338 excludant:
431 2291 539 2348 semper
557 2275 628 2332 enim
647 2276 788 2346 replicatio
806 2275 908 2332 idcirco
926 2275 1051 2347 obicitur,
1069 2282 1101 2332 ut
1118 2277 1306 2347 exceptionem
1324 2283 1474 2348 oppugnet.
1504 2277 1576 2334 Illud
1592 2285 1685 2334 tenen·

253 2370 318 2425 dum
337 2373 380 2424 est
397 2383 505 2424 omnem
524 2365 712 2436 exceptionem
726 2365 770 2420 uel
782 2365 985 2435 replicationem
999 2365 1178 2422 exclusoriam
1191 2381 1265 2423 esse:
1284 2367 1410 2437 exceptio
1422 2372 1543 2424 actorem
1556 2367 1685 2437 excludit,

221 2468 235 2513 e
253 2457 393 2529 replicatio
410 2471 495 2512 reum.
526 2453 582 2510 Sed
599 2457 629 2509 et
646 2457 742 2510 contra
759 2454 963 2524 replicationem
982 2456 1052 2512 solet
1069 2455 1128 2511 dari
1145 2456 1300 2526 triplicatio,
1318 2462 1348 2511 et
1364 2461 1460 2512 contra
1475 2457 1684 2527 triplicationem

220 2555 235 2602 4
253 2563 347 2604 rursum
365 2552 393 2602 et
410 2546 540 2614 deinceps
558 2543 771 2613 multiplicantur
790 2543 924 2614 nominer,
943 2544 1008 2601 dum
1027 2550 1075 2600 aut
1092 2560 1156 2600 reus
1174 2549 1223 2601 ant
1239 2550 1317 2601 actor
1334 2543 1427 2600 obicit.
1454 2543 1527 2602 Sane
1545 2547 1615 2602 sole
1635 2541 1684 2629 [ζῇ

254 2653 315 2693 mue
333 2636 424 2692 dicere
442 2633 575 2705 cumdem
595 2633 771 2702 exceptiones
789 2647 850 2688 esse
868 2633 1021 2704 dilatorias,
1040 2633 1172 2705 quasdam
1190 2635 1401 2705 peremptoriae:
1425 2639 1457 2690 ut
1473 2638 1543 2705 puta
1560 2635 1686 2691 dilatoria
1702 2645 1728 2687 ιι

253 2731 297 2782 est
314 2725 448 2796 exceptio,
467 2737 538 2792 quac
556 2720 647 2776 differt
665 2722 808 2792 actionem,
827 2723 912 2778 ueluti
930 2724 1117 2794 procuratorio
1134 2724 1259 2794 exceptio
1271 2723 1397 2779 dilatoria
1408 2729 1465 2779 eet:
1483 2740 1548 2780 nam
1560 2725 1609 2795 qui
1621 2725 1686 2781 dicit

253 2831 308 2872 uon
324 2815 406 2870 licere
424 2811 610 2884 procuratorio
628 2811 737 2866 uomiue
755 2811 809 2881 agi,
829 2827 882 2868 non
900 2828 1012 2882 prorsus
1029 2813 1104 2868 litem
1123 2810 1262 2883 infitiatur,
1281 2812 1331 2870 sed
1348 2827 1492 2883 personam
1511 2815 1609 2870 euitat.

217 2901 236 2960 3
307 2903 400 2960 Gerus
417 2901 486 2958 libro
504 2902 593 2973 primo
611 2899 647 2956 od
665 2900 785 2956 edictum
802 2901 977 2971 prouinciale.
1006 2901 1189 2972 Exceptiouee
1207 2907 1255 2958 cut
1266 2907 1414 2973 perpetuae
1426 2908 1455 2959 et
1466 2918 1528 2974 per·
1546 2901 1726 2988 [ΒῖῖιῖιῖῑΒ

254 2993 403 3063 emptoriae
428 2995 493 3047 sunt
516 2995 565 3044 cut
588 2991 751 3060 temporales
775 2995 804 3044 et
827 2989 977 3046 dilatoriae.
1009 2995 1159 3062 perpetuae
1182 2997 1264 3062 atque
1286 2993 1486 3063 peremptoriae
1510 2981 1685 3066 sung-Euae

254 3097 362 3152 semper
379 3081 470 3137 locum
488 3078 590 3136 habent
607 3093 658 3134 uec
676 3079 774 3135 euitari
791 3083 915 3150 possum,
934 3081 1023 3150 qualis
1040 3085 1084 3136 est
1100 3081 1156 3137 doli
1174 3081 1257 3136 mali⁸
1274 3086 1303 3138 et
1319 3082 1358 3138 rei
1376 3081 1514 3139 indicatae
1531 3089 1561 3139 et
1578 3085 1604 3140 ei
1621 3085 1686 3156 quid
1702 3093 1728 3135 ao

254 3177 349 3228 contra
365 3171 452 3242 legem
471 3173 619 3225 senatusue
637 3169 790 3224 consultum
809 3167 911 3224 iactum
931 3184 992 3224 cese
1010 3169 1125 3240 dicetur,
1143 3171 1209 3226 item
1225 3170 1300 3241 pacti
1311 3171 1439 3227 conuenti
1450 3173 1586 3244 perpetui,
1604 3173 1687 3230 idest

254 3276 289 3316 ne
307 3261 416 3316 omnino
434 3259 551 3330 pecunia
568 3261 686 3328 petatur.
713 3258 878 3328 temporales
897 3262 979 3328 atquc
997 3257 1139 3314 dilatoriae
1157 3265 1229 3330 suut,
1247 3275 1318 3330 quae
1336 3274 1391 3316 uon
1409 3275 1519 3331 semper
1535 3263 1627 3319 locum
1640 3263 1686 3320 ha·

254 3349 334 3419 bent,
353 3349 402 3404 sed
420 3348 518 3404 enitari
535 3351 664 3418 possunt,
683 3347 772 3416 qualis
790 3351 834 3402 eet
850 3347 924 3416 poeti
942 3349 1069 3402 conuecti
1088 3349 1253 3420 temporalis,
1271 3349 1300 3404 id
1318 3355 1413 3406 estne
1431 3348 1502 3406 iorte
1520 3352 1593 3408 intra
1610 3353 1686 3422 quin·

254 3438 402 3510 quennium
420 3441 561 3508 ageretur:
580 3435 783 3506 procuratoriae
797 3451 906 3506 quoque
918 3437 1093 3506 exceptiones
1106 3437 1247 3494 dilatoriae
1259 3443 1331 3509 sunt,
1349 3453 1421 3510 qnae
1433 3440 1532 3495 euitari
1544 3443 1685 3511 possuntt
1703 3451 1730 3491 aa

217 3529 237 3587 4
306 3529 426 3584 Pronus
444 3525 512 3582 libro
531 3525 681 3581 uicensimo
697 3525 733 3580 sd
751 3525 881 3581 edictum.
910 3526 939 3580 ln
958 3526 1069 3596 pupillo,
1088 3527 1133 3582 cni
1151 3527 1530 3599 solutaestdebitapecunia
1549 3525 1727 3613 [affin

255 3619 314 3674 siue
332 3617 430 3672 tutoris
448 3615 625 3684 auctoritate,
650 3615 673 3670 si
691 3619 849 3684 quaeratur,
870 3631 904 3670 au
923 3614 978 3670 doli
996 3615 1157 3686 exceptione
1176 3618 1341 3672 summoueri
1358 3617 1472 3690 debeat,
1491 3619 1558 3676 illud
1578 3628 1687 3693 tempos

253 3707 403 3778 inspicitur,
423 3721 458 3762 an
475 3704 620 3776 pecuniam
638 3703 682 3758 uel
700 3717 734 3757 ex
753 3717 786 3757 ea
805 3703 905 3774 aliquid
925 3703 1033 3775 habeat,
1052 3719 1107 3774 quo
1124 3703 1202 3775 petit.
1498 3717 1501 3722 ·

218 3795 236 3854 5
307 3797 384 3852 quu
402 3793 471 3850 libro
489 3799 588 3849 octauo
606 3793 713 3848 decimo
732 3791 768 3847 ad
786 3787 915 3849 edictum.
934 3793 970 3863 Is,
989 3795 1035 3864 qui
1054 3793 1121 3849 dicit
1139 3809 1170 3850 ee
1187 3795 1301 3864 iurasse,
1319 3800 1412 3866 potest
1429 3801 1459 3852 et
1469 3797 1531 3853 aliis
1549 3793 1686 3882 [asiae
1702 3801 1737 3857 Ε·

254 3882 460 3955 exceptionibus
478 3883 519 3938 uti
537 3897 598 3938 cum
617 3883 778 3954 exceptione
796 3882 969 3939 iurisiurandi
988 3883 1032 3938 uel
1050 3883 1110 3938 aliis
1128 3884 1225 3940 soliel:
1248 3883 1370 3954 pluribus
1388 3885 1460 3941 enim
1480 3875 1687 3946 defensimriffifs

254 3974 294 4029 nti
312 3971 484 4044 permittitur.
1702 3987 1728 4029 ao

218 4063 236 4122 6
307 4063 384 4118 lours
402 4061 470 4118 libro
488 4061 710 4132 septuagensimo
726 4061 814 4131 primo
833 4059 869 4116 ad
883 4059 1011 4116 edictum.
1039 4059 1068 4118 st
1081 4075 1137 4116 rem
1150 4061 1269 4134 legatam
1281 4061 1529 4138 perallegatarius,
1549 4061 1726 4153 [WB

254 4169 446 4239 rrxrmoo)

256 4325 265 4358 ¹
284 4321 459 4391 exceptiones
477 4325 590 4390 aparte
609 4320 708 4376 actoris
727 4321 784 4386 (del.
802 4323 830 4375 et
848 4327 872 4375 et
889 4320 1031 4390 nemone?
1105 4321 1116 4356 ²
1134 4322 1347 4394 multiplicantur
1364 4323 1477 4380 nomina
1501 4327 1549 4380 det
1629 4329 1686 4384 ⁸et

255 4398 345 4449 metue
365 4402 411 4447 tna.
430 4396 465 4459 (c.
478 4395 506 4459 t.)
576 4393 675 4462 ‘quae
692 4391 789 4446 euitari
807 4396 924 4462 possunt
941 4395 988 4448 del.
1058 4394 1133 4449 luel
1152 4394 1211 4450 aliis
1229 4395 1294 4450 solis
1312 4396 1358 4450 del.

255 4543 456 4612 eexcepttone]
468 4543 609 4598 exactione
618 4544 654 4598 F¹
691 4544 807 4613 iqnaei]
822 4543 894 4613 quali
905 4544 941 4597 ΡΙ
993 4545 1103 4616 plicatio
1127 4551 1157 4601 et
1178 4551 1274 4604 contra
1299 4546 1513 4618 duplicationem
1541 4549 1686 4621 triplicatio

255 4617 273 4670 8
303 4630 373 4684 qnae
395 4613 479 4669 ‘iuter'
499 4615 600 4684 opponi
632 4615 676 4681 F’,
706 4629 776 4684 quae
806 4615 941 4686 interponi
995 4617 1132 4682 rurensG,
1152 4618 1255 4674 tunM⁶
1305 4621 1336 4674 18
1349 4623 1377 4674 et
1387 4621 1536 4691 perempt]
1550 4627 1598 4677 aut
1609 4639 1637 4694 p.
1652 4623 1687 4676 Ρ

254 4685 414 4752 XYMOOl
430 4685 465 4740 ad
478 4685 685 4755 excludendum]
699 4685 840 4742 XYMOG
850 4687 943 4742 cumB
995 4690 1031 4745 20
1048 4689 1104 4746 doli
1121 4689 1185 4744 mali
1203 4695 1232 4746 et
1243 4695 1332 4747 metue
1350 4695 1379 4746 et
1389 4691 1428 4746 rei
1441 4691 1582 4749 iudicatae
1599 4697 1686 4749 uideu-

256 4757 379 4824 (Anon.):
399 4757 413 4810 ἡ
432 4756 583 4844 uaparfadt'r
602 4756 746 4812 ducater'era
766 4758 844 4813 εἴωθε
862 4757 894 4812 τὰ
912 4756 941 4811 is
995 4768 1037 4815 tur
1054 4764 1144 4834 lepieee
1157 4761 1267 4817 Graeci:
1286 4763 1325 4818 dte
1339 4762 1353 4816 r'r
1365 4762 1414 4825 τοῨ
1432 4765 1514 4827 toton
1536 4763 1684 4836 παραγραφὴ

255 4829 286 4898 τῷ
306 4827 415 4882 'enrrdoer
436 4847 474 4882 aar
493 4830 658 4900 retroredire
673 4829 887 4895 nereensersrdaa,
907 4828 942 4883 ad
996 4833 1034 4887 sai
1056 4832 1069 4885 ἡ
1089 4832 1137 4894 ro?
1154 4831 1241 4898 ΦόΒογ
1265 4835 1303 4888 nai
1324 4833 1338 4887 r'r
1357 4837 1414 4906 περὶ
1434 4837 1585 4906 rrpe'saaron
1604 4857 1685 4908 acapr-

255 4899 418 4956 cludeudum
432 4900 458 4953 F
494 4902 526 4954 11
544 4901 682 4956 tenendim
696 4902 731 4954 F¹
774 4902 806 4955 13
824 4901 942 4971 triplica-
996 4903 1078 4968 cisoa
1095 4904 1123 4958 B
1141 4905 1249 4970 (Anca)
1311 4907 1345 4962 21
1367 4907 1463 4978 leges*
1481 4913 1632 4966 senatusue
1651 4909 1687 4964 Ρ

254 4972 294 5027 tio
306 4976 335 5026 et
346 4977 441 5027 contra
452 4971 659 5042 triplicationem
670 4971 829 5042 (duplicatio
840 4972 943 5039 tm.0¹)
996 4977 1029 5031 et
1048 4975 1208 5046 inspicitur
1225 4976 1263 5030 Ρ

255 5059 349 5100 rursus
359 5043 585 5116 (quadurplicatio
598 5053 643 5102 tna
653 5044 716 5117 Μὴ]
728 5042 881 5112 FXYMio,
893 5043 942 5100 du·
