3584 5454
106 289 153 336 nr
175 287 322 336 ιιιιοιιι
344 287 496 336 mansura
705 279 706 284 ’
780 265 867 346 779
1165 271 1343 339 xxxxvu
1365 273 1407 338 10
1428 277 1543 341 ιιι-ιι

51 433 86 479 ιι
107 426 201 482 animo
224 431 272 482 eut
290 427 314 481 si
332 426 393 496 quis
411 427 590 497 emendandi,
614 443 669 483 non
687 432 803 484 tenetur.
841 427 919 484 Unde
937 429 1045 498 quaerit
1063 428 1171 499 Labeo,
1194 429 1217 484 si
1235 429 1413 498 magistratus
1431 429 1544 484 munici-

106 515 178 586 palis
197 530 306 570 seruum
326 530 417 571 meum
435 516 500 570 loris
517 517 629 587 ruperit,
648 532 683 571 an
701 517 803 586 possim
823 532 885 572 cum
905 531 938 572 eo
957 518 1082 587 experiri,
1100 517 1179 587 quasi
1198 516 1332 572 aduersus
1351 517 1437 572 bonos
1454 531 1545 572 mores

107 602 304 660 uerberauerit.
336 608 365 659 ct
382 605 421 660 ait
437 603 555 659 iudicem
574 604 675 661 debere
694 607 838 676 inquirere,
857 605 923 675 quid
941 603 1086 661 facientem
1105 621 1214 662 seruum
1234 621 1325 660 meum
1343 604 1544 661 uerbereucrit:

107 709 172 748 nens
199 694 223 748 si
249 693 379 748 honorem
407 698 622 763 ornamentaque
648 695 803 764 petulanter
830 694 1048 764 adtemptantem
1074 695 1218 764 ceciderit,
1248 693 1445 750 absoluendum
1472 709 1544 750 eum.

16 789 85 835 ιιι
108 780 291 838 ‘Ucrberasee'
315 781 415 837 dicitur
438 780 553 837 abrrsiue
575 787 604 837 et
626 783 673 852 qui
697 783 798 852 pugnis
823 783 960 838 ceciderit.
998 782 1207 849 ‘Quaestionem’
1230 784 1388 852 intellegere
1413 782 1545 838 debemus
1564 796 1577 838 ι

108 875 245 926 tormenta
267 875 297 926 et
319 871 440 940 corporis
462 871 582 928 dolorem
608 871 644 926 ad
667 871 814 927 eruendam
839 873 992 928 ueritatem.
1025 873 1100 927 nuda
1119 887 1189 942 ‘ergo
1212 872 1390 940 interrogatio
1414 872 1459 926 uel
1477 872 1546 927 leuis

107 959 214 1015 territio
232 974 287 1016 uon
305 960 423 1028 pertinet
441 959 476 1014 ad
494 959 546 1016 hoe
564 959 692 1016 edictum.
721 961 891 1028 quaestionis
910 960 995 1016 uerbo
1012 962 1095 1016 etiam
1108 975 1149 1030 ea,
1168 976 1251 1030 quam
1264 959 1362 1015 malam
1376 961 1545 1016 mansionem

108 1047 217 1116 dicunt,
242 1047 433 1104 continebitur.
467 1064 528 1103 cum
553 1049 636 1118 igitur
658 1065 708 1120 per
725 1049 782 1104 uim
801 1053 830 1103 et
847 1053 985 1106 tormenta
1001 1047 1097 1104 habita
1114 1050 1240 1118 quaestio
1258 1054 1313 1117 est,
1335 1053 1402 1104 tunc
1420 1049 1546 1118 quaestio

56 1143 89 1188 42
108 1135 284 1205 intellegitur.
320 1135 375 1192 Sed
399 1140 427 1191 et
450 1137 475 1192 ιι
498 1137 575 1192 iussu
598 1137 701 1193 domini
722 1139 784 1208 quis
802 1139 991 1208 quaestionem
1009 1137 1124 1207 habeat,
1148 1138 1259 1194 modum
1277 1141 1372 1193 'tamen
1390 1139 1547 1210 excesserit,

57 1231 89 1277 ιι
108 1225 197 1279 teneri
215 1239 278 1280 eum
297 1223 398 1280 debere
415 1224 509 1280 Labeo
528 1227 575 1282 ait.
603 1227 716 1282 Praetor
732 1229 783 1282 ait:
802 1225 839 1281 ‘Si
852 1226 917 1295 qaid
931 1227 1120 1301 aliudscctum
1134 1241 1196 1281 esse
1207 1225 1322 1296 dicetur,
1341 1222 1547 1298 caasucognita
1566 1239 1595 1279 ιι

109 1313 248 1369 'iudicium
266 1311 356 1368 debo'.
383 1313 499 1383 pminde
517 1315 540 1369 si
558 1315 669 1384 quidem
688 1315 850 1372 uerberatns
868 1317 905 1370 sit
923 1330 1020 1370 seruus
1038 1315 1082 1370 nel
1100 1315 1244 1370 tormentis
1262 1315 1297 1370 de
1315 1330 1349 1371 cc
1363 1317 1487 1386 quaestio
1499 1316 1548 1372 ha·

108 1401 169 1458 bita
185 1407 236 1472 est,
255 1403 314 1457 sine
332 1417 433 1480 causae
451 1404 608 1472 cognitione
626 1404 755 1459 iudicium
774 1405 803 1460 in
822 1419 886 1459 eum
905 1403 1061 1474 competit¹,
1080 1401 1104 1457 si
1121 1417 1189 1458 uero
1206 1404 1287 1458 aliam
1306 1405 1432 1460 iniuriam
1448 1419 1547 1476 passus

58 1497 91 1544 44
109 1491 154 1560 sit,
173 1505 228 1546 uon
246 1491 325 1546 aditor
342 1491 474 1558 competit
492 1511 568 1563 qaam
586 1508 671 1548 causa
688 1493 808 1562 cognita.
839 1493 936 1562 ltaque
953 1497 1065 1562 praetor
1082 1507 1137 1547 nou
1155 1507 1190 1547 ex
1207 1493 1280 1548 omni
1293 1508 1378 1548 causa
1389 1493 1547 1548 iniuriarum

107 1579 240 1634 iudicium
264 1579 337 1634 serui
360 1580 470 1634 nominc
494 1581 641 1650 promittrt:
666 1597 730 1636 nam
754 1582 778 1636 si
802 1581 900 1635 leuiter
920 1596 1068 1651 percussus
1086 1581 1123 1635 sit
1140 1580 1378 1636 uel'maledictum
1398 1582 1423 1636 ei
1441 1582 1548 1651 leuiter,

108 1683 165 1724 non
183 1667 262 1722 dabit
279 1668 428 1724 actionem:
446 1674 476 1724 at
494 1669 517 1724 si
535 1667 683 1724 infamatus
701 1669 738 1724 sit
756 1669 800 1724 uel
818 1667 892 1724 facto
911 1670 1003 1738 aliquo
1021 1669 1066 1724 nel
1084 1669 1204 1724 carmine
1223 1669 1335 1738 scripto.
1360 1675 1428 1740 puto
1446 1685 1548 1726 causae
1568 1682 1596 1724 re

108 1756 294 1826 cognitionem
312 1757 446 1826 praetoris
464 1758 655 1827 porrigendam
674 1763 703 1812 et
721 1757 757 1812 ad
775 1758 848 1812 serui
867 1758 1040 1827 qualitatem:
1062 1757 1162 1812 etenim
1182 1757 1298 1812 multum
1316 1757 1443 1830 interest,
1461 1759 1549 1829 qualis

108 1861 208 1902 seruus
226 1845 270 1915 sit,
289 1843 377 1900 bonae
395 1843 476 1914 frugi,
495 1845 657 1914 ordinarius,
676 1845 857 1916 dispensator,
876 1862 911 1900 an
930 1861 996 1900 aero
1015 1846 1138 1915 uulgaris
1152 1846 1197 1900 uel
1210 1846 1389 1902 mediastinus
1401 1863 1437 1902 an
1449 1848 1548 1917 qualis-

66 1991 68 1996 ,
108 1935 209 2006 qualis.
240 1939 271 1989 et
292 1933 357 2003 qaid
376 1935 400 1988 si
419 1933 592 2004 compeditus
610 1935 654 1989 uel
673 1935 744 1990 male
762 1939 844 1990 notus
861 1935 906 1990 uel
924 1940 1006 1990 notae
1024 1933 1182 1990 extremae?
1208 1933 1322 1990 babebit
1337 1935 1422 2005 igitur
1439 1940 1549 2006 praetor

108 2023 243 2078 rationem
261 2027 319 2078 tam
337 2022 465 2092 iniuriae,
484 2037 555 2092 quae
574 2021 695 2078 admissa
712 2023 820 2093 dicitur,
838 2038 921 2092 qnam
939 2037 1073 2093 personae
1091 2022 1179 2092 serui,
1197 2023 1225 2077 in
1242 2037 1324 2092 quem
1343 2023 1465 2080 admisse
1482 2025 1548 2081 dici-

57 2119 90 2166 ιι
108 2117 169 2182 tur,
194 2117 222 2166 et
244 2111 285 2166 sic
303 2115 352 2166 sut
370 2112 512 2182 permittet
528 2117 578 2166 aut
595 2111 744 2181 denegabit
762 2112 907 2166 actionem.
943 2109 1085 2166 Interdum
1103 2110 1202 2165 iniuria
1218 2126 1299 2166 seruo
1316 2110 1392 2168 iacta
1409 2113 1445 2168 sd
1463 2114 1548 2170 domi·
1567 2124 1597 2165 so

108 2217 176 2258 num
194 2199 339 2269 redundat,
357 2199 494 2255 interdum
512 2215 581 2256 non:
600 2217 662 2255 nam
681 2201 706 2255 si
723 2215 773 2270 pro
791 2199 876 2255 libero
895 2215 925 2256 ιι
943 2203 1084 2270 gerentem
1104 2203 1153 2254 eut
1170 2213 1232 2253 eum
1251 2213 1314 2254 eum
1332 2201 1444 2257 alterius
1455 2204 1548 2272 potius

108 2305 194 2360 quam
217 2303 308 2344 meum
332 2288 471 2344 existimat
487 2289 560 2358 quis,
586 2303 640 2344 aon
659 2304 790 2344 caesurus
808 2303 885 2360 eum,
909 2288 933 2344 ιι
951 2303 1043 2344 meum
1061 2288 1173 2355 scisset,
1197 2303 1251 2343 non
1269 2303 1351 2358 posse
1369 2305 1446 2361 eum,
1469 2293 1549 2361 quasi

59 2385 91 2432 ιι
110 2377 178 2434 mihi
195 2377 320 2432 iniuriam
338 2375 443 2446 lecerit,
461 2377 501 2432 sic
520 2377 659 2433 subueniri
677 2377 748 2433 liele
766 2377 869 2433 scribit.
897 2376 1006 2447 Siquis
1024 2390 1106 2432 seruo
1123 2374 1269 2432 uerberato
1280 2375 1439 2433 iniuriarum
1452 2380 1548 2450 egerit,

109 2465 211 2522 deinde
229 2471 327 2538 postea
344 2465 438 2521 damni
455 2466 568 2522 iniuriae
587 2471 666 2536 agat,
684 2465 776 2522 Labeo
795 2465 890 2522 scribit
907 2465 1023 2521 eandem
1041 2479 1098 2520 rem
1117 2479 1172 2521 non
1190 2479 1266 2535 esse,
1290 2474 1356 2535 quta
1373 2467 1459 2522 altera
1476 2469 1548 2524 actio

60 2562 92 2610 47
111 2555 148 2612 ad
171 2555 302 2610 damnum
325 2555 477 2634 pertineret
499 2555 582 2624 culpa
603 2555 713 2624 datum,
738 2556 825 2610 altera
847 2555 883 2610 ad
901 2553 1102 2610 contumeliam.
1139 2552 1169 2609 Si
1186 2569 1268 2618 usum
1285 2552 1403 2610 fructum
1420 2556 1449 2611 in
1467 2571 1549 2612 seruo
1568 2565 1599 2607 ιι

110 2643 243 2714 habeam,
268 2649 299 2698 tu
317 2643 513 2714 proprietatem
531 2643 609 2713 isque
627 2643 789 2700 uerberatus
806 2644 844 2700 sit
861 2645 905 2698 uel
923 2643 1049 2713 quaestio
1066 2643 1101 2698 de
1119 2641 1278 2712 cohabita,
1299 2642 1457 2698 iniuriarum
1476 2645 1549 2700 aetio

111 2733 202 2803 magis
220 2733 400 2802 proprietario
418 2747 501 2801 quam
519 2731 585 2787 mibi
603 2733 743 2802 competit.
771 2732 899 2802 idemque
916 2731 1048 2802 probatur
1065 2731 1129 2786 etsi
1142 2746 1252 2786 seruum
1266 2747 1365 2801 meum,
1383 2747 1464 2802 quem
1477 2731 1550 2789 bona

63 2829 93 2876 ts
111 2821 167 2878 lide
184 2819 374 2892 possidebam,
397 2821 545 2876 cecideris:
570 2819 681 2876 domiuo
699 2821 770 2876 euim
791 2821 879 2890 magis
897 2821 1029 2890 competit
1046 2819 1203 2874 iniuriarum
1222 2820 1303 2876 actio.
1339 2821 1423 2891 Item,
1442 2822 1466 2876 si
1483 2821 1549 2878 libe·

111 2927 173 2967 rum
192 2910 342 2980 bominem,
365 2910 413 2979 qui
431 2909 508 3012 mibi·
513 2908 587 2964 bona
604 2907 659 2964 tide
678 2908 829 2977 seruiebat,
852 2909 914 3010 quis
933 2907 1076 2977 ceciderit,
1098 2907 1321 2977 distinguendum
1341 2914 1398 2980 est,
1416 2915 1460 2980 ιιι,
1479 2911 1504 2966 ιι
1521 2911 1550 2967 in

112 3088 187 3144 bona
209 3085 264 3142 fide
286 3085 353 3142 mihi
375 3087 524 3156 senciente,
548 3091 578 3142 ut
601 3088 703 3142 totiens
721 3086 925 3142 admittamus
916 3086 1075 3141 iniuriarum
1094 3086 1244 3156 actionem,
1268 3087 1422 3155 quotiens
1414 3105 1442 3143 m
1460 3103 1550 3144 meam

113 3175 337 3234 contumeliam'
329 3175 428 3232 iniuria
450 3175 476 3230 ei
499 3173 574 3230 laeta
597 3176 641 3230 sit.
675 3191 738 3230 nam
757 3175 844 3246 ipsius
861 3174 971 3244 quidem
990 3174 1063 3230 serui
1081 3173 1191 3228 nomine
1209 3173 1320 3230 domiuo
1338 3175 1490 3231 dabimus
1481 3177 1550 3234 iniu-

113 3267 214 3324 riarum
233 3264 379 3320 uctiouem.
413 3264 436 3318 si
455 3269 546 3320 autem
566 3279 610 3320 rue
628 3269 726 3334 tangat
743 3268 773 3318 ct
789 3264 905 3333 pulset⁴,
923 3263 1081 3318 iniuriarum
1099 3261 1165 3318 mibi
1183 3277 1292 3334 quoque
1310 3267 1360 3318 ιιι.
1392 3279 1458 3334 ergo
1476 3270 1506 3320 et
1522 3266 1551 3322 in

66 3361 96 3408 ιι
114 3353 263 3412 irnetuario
286 3353 359 3408 idem
383 3352 516 3424 distingui
537 3357 638 3424 potest.
675 3353 705 3409 Si
729 3369 838 3409 seruum
858 3353 1037 3424 complurium
1055 3351 1194 3422 cecidero,
1218 3357 1374 3422 competere
1391 3353 1551 3412 iniuriarum

114 3445 251 3500 actionem
269 3441 397 3500 omnibus
414 3443 477 3513 plus
495 3458 578 3512 quam
596 3441 771 3498 manifestum
789 3447 847 3499 est:
1247 3514 1248 3518 Ἰ
1571 3451 1600 3492 es

60 3530 97 3588 16
167 3533 288 3588 Ριιιιιιι
311 3530 380 3587 libro
402 3530 649 3600 quadragensimo⁸
673 3532 768 3600 quinto
793 3531 828 3586 ad
853 3531 982 3588 edictum.
1014 3528 1064 3585 sed
1087 3543 1142 3584 non
1160 3541 1222 3583 esse
1240 3543 1358 3598 aequum
1377 3525 1551 3613 Qus
1571 3536 1607 3589 'S

115 3635 166 3692 pro
183 3621 288 3676 maiore
305 3625 399 3692 parte,
424 3635 506 3690 quam
524 3635 575 3690 pro
593 3635 649 3690 qua
665 3620 791 3675 dominus
809 3624 866 3690 est,
890 3619 1094 3676 damnationem
1112 3616 1171 3672 fieri
1188 3615 1289 3672 Pedius
1308 3616 1360 3672 ait:
1384 3624 1413 3674 ct
1430 3618 1493 3674 ideo
1512 3618 1551 3675 ot·

115 3709 178 3766 licio
196 3709 295 3765 iudicis
312 3710 452 3779 portiones
469 3708 669 3778 aeslltimaudae
687 3714 776 3764 crunt.
1570 3727 1592 3773 q.
1603 3714 1633 3760 90
1653 3713 1669 3760 t.
1684 3713 1729 3761 ιιι

60 3795 97 3853 17
170 3799 322 3856 chrsrrus
345 3797 414 3854 libro
438 3798 684 3868 quinquagensimo
708 3798 825 3868 septimo
849 3797 884 3853 ad
908 3797 1037 3852 edictum.
1074 3794 1130 3852 Sed
1152 3796 1176 3851 si
1197 3795 1279 3850 unius
1296 3809 1357 3864 per·
1376 3790 1479 3877 [s.
1425 3806 1463 3862 eo,
1475 3807 1512 3861 ιι
1522 3808 1551 3854 ιι
1586 3801 1612 3854 li

116 3889 202 3944 missu
220 3888 250 3943 id
267 3887 371 3958 iecore,
390 3888 413 3942 si
431 3887 541 3956 quidem
561 3887 646 3942 solius
664 3887 724 3942 eius
742 3901 803 3942 esse
822 3885 933 3956 putaui,
951 3886 1018 3942 nulli
1036 3885 1193 3955 competit'
1184 3884 1342 3939 iniuriarum
1361 3885 1441 3939 actio.
1472 3870 1552 3952 plane
1571 3893 1601 3934 ro

116 3980 141 4034 ιι
160 3977 210 4033 scii
227 3977 361 4048 plurium,
385 3976 411 4031 ei
429 3975 554 4045 quidem,
573 3977 619 4044 qui
637 3976 773 4046 permisit,
791 3990 846 4030 non
864 3975 1022 4045 competit·
1014 3974 1173 4029 iniuriarum
1191 3973 1277 4042 actio,
1296 3971 1395 4027 ceteris
1413 3972 1552 4040 competit.

82 4075 95 4120 1
115 4067 178 4124 si·
169 4082 247 4122 ιιιιιι
269 4066 369 4122 tutoris
393 4071 442 4120 aut
458 4065 642 4135 procuratoris
660 4065 704 4120 uel
723 4065 857 4120 curatoris
875 4063 1001 4134 quaestio
1019 4061 1114 4119 habita
1131 4062 1181 4131 sit,
1204 4075 1374 4130 consequeus
1392 4060 1445 4116 erit
1463 4060 1553 4116 dicere

116 4172 311 4242 aaaron)

117 4323 195 4394 ¹qui
213 4321 325 4376 admisit
341 4325 469 4377 similiare
488 4330 535 4376 sne.
610 4321 730 4376 ‘meam
749 4329 796 4376 tar.
815 4320 897 4389 (deti.)
973 4319 1026 4374 3ιι
1045 4319 1092 4374 del.
1163 4317 1217 4373 ‘si
1235 4320 1327 4374 autem
1345 4332 1390 4374 me
1408 4321 1441 4373 ut
1457 4320 1555 4387 tangat

115 4393 229 4466 pulset?
299 4391 576 4463 ‘quinquagesimol

115 4547 134 4601 4
148 4544 307 4630 petulanius
320 4545 345 4596 F
345 4544 356 4580 ¹
400 4544 418 4598 5
430 4541 621 4645 caeciderit
604 4545 628 4596 F
630 4543 641 4578 ²
657 4544 662 4610 Ι
678 4541 810 4648 debemus}
863 4541 912 4596 rrlc
924 4541 1005 4596 ιιὲιιιι
1017 4539 1156 4610 inspectes
1170 4559 1224 4594 uror
1239 4557 1376 4610 περιχγτιιι
1388 4539 1438 4593 RS
1450 4539 1554 4606 (Dora)

116 4613 810 4772 distullerit,trullissetur,
863 4613 1110 4754 istoricis
1119 4612 1188 4736 tlt
1206 4610 1554 4774 esurieritis

117 4758 188 4824 ῑγλῳ
210 4758 236 4811 Β
247 4758 357 4832 (Aaou.)
414 4758 448 4810 10
466 4754 578 4824 lactum]
598 4765 671 4828 aicp
672 4757 750 4820 778,
762 4757 811 4810 3οι
865 4755 900 4810 20
918 4755 1068 4822 denegauit
1085 4737 1111 4807 F
1158 4755 1193 4808 24
1211 4753 1284 4823 quia]
1302 4762 1341 4808 sic
1355 4755 1409 4808 edd.
1422 4773 1478 4808 cam
1494 4753 1556 4808 BS:

117 4831 225 4884 dictum
239 4829 264 4880 F
313 4761 812 4898 13)quam]quams1Fointarsrc
865 4825 969 4891 ὲπειιιι,
993 4839 1048 4894 quo
1073 4826 1116 4890 F¹,
1140 4839 1196 4894 qua
1217 4825 1256 4878 F’
1309 4825 1344 4879 28
1368 4823 1517 4879 caecideris
1535 4825 1562 4876 F

118 4899 184 4955 tans
210 4899 266 4960 rr'rc
286 4899 367 4953 sirloc
393 4899 629 4963 ιιιιιιωικοιιὲιιιι
653 4900 693 4952 Β
703 4900 813 4963 (Aaou.)
866 4898 901 4952 29
920 4895 1107 4952 caecideritF
1147 4897 1182 4951 31
1201 4895 1369 4950 seruientiF
1407 4895 1555 4950 ssulatim

120 4972 156 5028 14
175 4971 316 5040 promittet
333 4972 371 5025 F:
385 4967 561 5034 inarrtnaersr
582 4971 629 5024 RS
644 4977 649 5032 ι
664 4968 812 5038 lebiterFl
867 4968 924 5037 gui]
946 4967 1056 5038 srtrngur
1075 4968 1113 5020 F
1128 4967 1133 5036 Ι
1149 4967 1290 5022 ceeerdero
1310 4967 1335 5019 F

119 5040 218 5099 lebiter
237 5042 262 5095 F
310 5043 343 5098 17
362 5041 533 5098 ordinarius
551 5041 587 5096 F⁶
603 5043 608 5109 l
624 5040 812 5109 mediastinus]
