3464 5444
243 247 454 318 xxxxvssn
477 247 519 313 14
541 191 657 310 rs-ee
862 277 864 280 ·
918 239 1007 320 880
1531 263 1644 322 mun

212 415 226 461 s
243 407 308 461 iicet
326 407 355 462 iu
372 419 458 460 esuss
475 419 526 458 sus
543 417 599 458 non
617 402 775 473 optinuerit.
803 403 871 458 item
890 417 947 471 eos,
966 401 1013 470 qni
1025 405 1132 456 tutores
1144 399 1190 454 uel
1201 403 1343 454 curatores
1356 395 1475 466 fuerunt,
1492 414 1544 454 uon
1554 410 1646 471 oportum

244 493 352 550 deterre
375 508 473 548 csusas
491 491 655 562 pupillorum
675 491 719 546 uel
737 490 954 548 adulescentium
972 505 1084 545 suorum
1103 489 1161 544 diui
1179 486 1299 544 Seuerus
1317 491 1348 542 et
1366 486 1520 542 Antoninus
1535 494 1646 564 rescrips

244 587 318 638 runt.
350 580 425 651 quod
443 595 614 651 consequens
632 584 677 634 eet
693 578 835 636 obseruari
853 583 882 636 et
899 580 928 634 iu
945 593 991 650 eo,
1011 578 1059 648 qui
1076 577 1156 648 qussi
1173 581 1334 646 procurator
1353 576 1466 646 negotis
1483 579 1572 644 gessit:
1585 587 1646 644 etita

244 669 318 726 idem
341 670 479 740 principes
503 669 711 738 rescripsenrnt.
745 668 818 723 idem
841 667 1024 724 decreuerunt
1045 667 1120 721 nulls
1142 665 1339 722 constitutione
1359 663 1524 734 prohibitum
1541 681 1645 740 esscpnn
1711 723 1714 734 ,

244 763 398 814 cunctorem
417 757 589 826 interrogari,
608 756 657 812 sed
676 770 807 812 accusare
825 772 897 828 eum,
915 757 994 812 cuius
1013 755 1126 824 negotis
1142 755 1239 824 gessit.
1266 759 1296 809 et
1312 757 1443 822 tutorem,
1460 754 1506 823 qui
1523 757 1666 819 sutdetnlun

211 855 226 900 s
245 853 294 902 sut
311 846 465 914 mandauit,
483 845 658 900 seuerissime
675 844 846 914 puniendum
863 846 1072 916 resumpserunt
1108 842 1165 898 Scd
1183 857 1218 898 ue
1236 842 1348 912 quidem
1366 843 1399 912 is,
1418 843 1466 912 qui
1483 843 1586 913 aliquan
1600 863 1644 906 usn-

245 934 315 990 didit
332 949 399 1004 reru,
418 933 534 988 eandem
553 931 660 988 deterre
677 931 762 990 debet
773 934 818 988 ual
830 947 880 1003 per
891 949 922 989 se
933 934 979 990 uet
991 948 1040 1003 per
1051 931 1204 988 subiectam
1216 946 1372 1001 personam,
1390 945 1426 986 ns
1438 931 1643 1000 adcumupocnsn

196 1031 227 1078 10
245 1023 366 1093 pstiatur
377 1021 489 1092 dignam
503 1037 570 1076 suae
582 1035 726 1091 personae,
743 1028 775 1076 ut
787 1026 816 1076 et
828 1021 1007 1077 constitutum
1020 1036 1082 1076 esse
1094 1019 1219 1075 refertur.
1246 1019 1297 1074 Pa·
1317 1015 1644 1107 ΜΨ

244 1111 372 1182 pinianus
392 1115 450 1166 tem
468 1109 537 1166 libro
555 1113 635 1166 sexto
653 1125 735 1178 quum
754 1109 901 1166 undecimo
919 1125 1112 1180 responsorum
1131 1108 1226 1164 scribit
1242 1109 1283 1164 its
1300 1107 1412 1164 demum
1430 1107 1557 1178 publicem
1572 1110 1642 1167 ruteni

223 1225 227 1228 ·
245 1199 389 1270 pecuniam
407 1199 442 1268 ei,
461 1199 516 1268 qui,
535 1213 597 1254 oum
616 1204 677 1254 erat
694 1197 822 1268 creditor,
840 1198 868 1253 iu
886 1199 1006 1254 solutum
1025 1198 1169 1268 pecuniam
1187 1197 1304 1267 accepit,
1324 1197 1348 1252 si
1367 1201 1417 1252 aut
1433 1195 1540 1265 sciebat,
1555 1213 1643 1256 cunae
1656 1217 1674 1255 u

218 1271 222 1288 ⁸
246 1286 379 1358 cipiebat,
397 1285 536 1356 publicum
555 1301 665 1356 quoque
683 1301 745 1342 esse
764 1285 924 1358 debitorem,
943 1293 993 1342 snt
1009 1293 1108 1356 postes
1125 1287 1264 1356 cognouit,
1283 1291 1432 1355 antequam
1450 1293 1600 1342 consumeret
1611 1303 1643 1357 ps·

246 1376 364 1432 cuniam.
397 1374 447 1430 sed
465 1376 556 1446 piacet
573 1373 731 1430 omnimodo
749 1375 775 1429 ei
793 1376 936 1445 pecuniam
956 1373 1133 1432 sufereudsm
1151 1390 1226 1444 esse,
1245 1375 1355 1430 etismei
1373 1374 1521 1442 ignorauit,
1537 1389 1586 1428 cum
1599 1391 1642 1432 tou·

246 1467 380 1520 sumeret:
399 1467 428 1518 et
445 1469 543 1533 postas
560 1463 672 1534 quidsm
691 1463 827 1533 principes
842 1463 975 1520 directum
988 1465 1123 1520 sotionem
1136 1467 1293 1534 competere
1306 1462 1400 1518 sbluts
1411 1462 1526 1532 pecunis
1535 1463 1643 1532 meipso

245 1556 318 1622 runt,
337 1557 369 1607 ut
386 1557 415 1606 et
432 1552 577 1608 Marcellus
594 1551 664 1608 libro
683 1551 800 1621 septimo
818 1552 989 1622 digestorum
1007 1552 1111 1608 scribit
1537 1537 1642 1624 {stifft
1655 1559 1674 1598 ιι

190 1638 228 1697 19
299 1641 480 1697 Purrnrsuus
497 1640 567 1696 libro
585 1639 692 1696 decimo
710 1654 913 1711 responsorum.
949 1641 1075 1710 Denique
1093 1655 1149 1696 non
1166 1654 1229 1695 esse
1246 1637 1429 1710 praestandus
1447 1652 1508 1692 usu·
1525 1635 1642 1720 [usis
1655 1642 1681 1696 't

246 1744 300 1799 rss,
318 1743 380 1784 cum
399 1729 517 1798 pecunia
533 1733 687 1799 reuocetur,
706 1731 844 1800 conuenit,
863 1731 993 1800 quoniam
1011 1745 1065 1800 res,
1083 1744 1139 1786 non
1156 1743 1276 1799 persons
1293 1727 1465 1784 conuenitur.
1584 1715 1642 1722 ‘-

190 1816 230 1875 20
299 1817 378 1872 lusu
400 1816 469 1872 tibro
492 1816 637 1872 undecimo
660 1832 863 1888 responsorum.
899 1817 955 1874 Sed
979 1823 1109 1874 muccuts
1131 1816 1301 1888 pecunia-in
1319 1814 1508 1872 fideiussorem
1536 1809 1643 1880 {se-su
1655 1817 1681 1870 'P
1728 1855 1729 1874 ι

246 1903 391 1960 liberatum
410 1905 484 1960 utitis
502 1905 575 1961 actio
593 1905 713 1964 dabitur.
1728 1903 1729 1908 ’

189 1993 228 2050 21
300 1993 420 2049 Pennus
437 1992 507 2048 libro
525 1995 607 2050 tertio
625 1995 827 2064 quaestionum.
853 1995 953 2064 Titius,
971 1995 1018 2065 qui
1036 1994 1102 2050 mdni
1120 1993 1172 2050 sub
1190 1991 1351 2065 pignoribus
1366 1991 1508 2061 pecuniam
1525 1986 1644 2074 Q
1656 1993 1681 2045 Ῥ

247 2079 382 2152 debebat,
404 2097 466 2136 cum
490 2086 566 2137 esset
587 2080 647 2138 tisei
670 2083 792 2153 debitor,
816 2083 900 2140 notuit
922 2084 988 2139 mihi
1006 2097 1077 2153 quse
1095 2081 1231 2138 debebat:
1255 2086 1355 2150 postes
1372 2079 1456 2136 fiscus
1474 2081 1529 2134 iure
1543 2094 1585 2134 suo
1599 2095 1645 2133 usus
1657 2087 1675 2126 u

173 2177 175 2182 '
248 2167 361 2224 abstulit
384 2169 450 2225 mihi
473 2171 627 2240 peountnm.
660 2170 857 2241 quaerebatur,
881 2189 918 2228 au
939 2171 1056 2228 liberata
1073 2176 1166 2226 essem
1183 2171 1308 2240 pignora
1340 2169 1484 2224 itsreettus
1501 2171 1567 2222 reete
1581 2167 1645 2222 antd-

247 2256 349 2327 msbut,
367 2258 391 2312 si
408 2257 437 2312 id
454 2258 530 2328 quod
549 2257 615 2314 mihi
633 2260 753 2315 solutum
771 2265 814 2316 est
832 2259 916 2316 fiscus
934 2259 1056 2329 abstulit,
1078 2275 1133 2316 uon
1151 2265 1307 2329 competere
1325 2259 1471 2328 pignorum
1489 2255 1646 2311 liberationem.

247 2359 336 2414 nsque
354 2345 535 2402 differentiam
555 2347 753 2404 sdmittendam
772 2363 834 2406 esse
852 2349 981 2406 existimo
998 2349 1131 2406 iuteresse
1148 2347 1315 2418 putantium,
1332 2345 1362 2401 id
1379 2346 1469 2416 ipsum
1481 2343 1549 2415 quod
1559 2344 1647 2399 solutum

247 2439 344 2490 estun
363 2433 525 2490 tantundem
543 2439 692 2506 repetatur.
1659 2437 1678 2476 tt

191 2520 230 2580 22
301 2522 476 2579 Atsnorsuus
494 2522 563 2580 libro
581 2525 712 2594 singulari
731 2524 766 2581 de
783 2523 961 2581 delatoribus.
997 2525 1079 2593 Resl,
1097 2539 1169 2594 quse
1186 2525 1214 2578 in
1233 2521 1422 2580 controuersia
1439 2525 1510 2590 sunt,
1526 2513 1648 2602 [Qu
1666 2520 1687 2574 t
1723 2576 1724 2579 ,

248 2624 304 2666 neu
322 2609 459 2666 debente
476 2619 653 2682 procuratore
672 2613 798 2670 Gesseris
816 2611 945 2683 mesni,
968 2612 1019 2668 scd
1037 2611 1190 2668 differenda
1206 2619 1251 2668 est
1267 2627 1363 2668 eorum
1382 2609 1516 2678 penditio,
1534 2615 1564 2664 ut
1578 2607 1649 2662 dum'

248 2713 358 2769 quoque
370 2697 489 2756 Seuerm
507 2705 537 2755 et
548 2701 705 2756 Antoninus
723 2702 930 2772 rescripserunt,
948 2707 978 2756 et
994 2699 1126 2757 defuncto
1144 2701 1296 2756 marcemus
1314 2713 1371 2770 reo,
1389 2702 1486 2769 psrsto
1503 2697 1592 2752 herede
1605 2711 1649 2766 pu·

248 2802 315 2858 gare
337 2788 522 2844 innocentism
543 2790 658 2858 mortui,
682 2789 888 2846 distractionem
906 2789 1040 2846 bonorum
1059 2785 1204 2860 sussspendi
1221 2787 1375 2858 iusserunt,
1397 2793 1427 2842 et
1443 2785 1594 2856 generaliter
1606 2779 1704 2854 proiit*

216 2887 229 2932 1
247 2875 398 2932 hibuerunt
411 2891 469 2932 rem
488 2876 603 2932 distrahi
621 2894 638 2932 ιι
655 2883 840 2948 procuratore,
858 2892 930 2947 quse
947 2883 1022 2934 esset
1033 2879 1061 2932 in
1074 2876 1270 2932 controuersiis.
1297 2877 1353 2932 Res
1371 2871 1650 2958 [stjutt-sffi

248 2969 341 3020 sutem
365 2979 451 3020 nexus
475 2965 583 3035 pignori
606 2965 758 3022 distrshsre
781 2973 972 3036 procuratores
990 2971 1115 3037 possuut
1146 2965 1198 3021 sed
1214 2965 1239 3020 si
1257 2969 1322 3020 snte
1341 2965 1388 3020 atii
1405 2980 1450 3020 res
1467 2963 1592 3032 obligatae
1605 2967 1679 3016 unctu

248 3053 307 3108 iure
324 3053 455 3123 pignoris,
474 3069 529 3108 nou
547 3052 632 3109 debet
649 3061 809 3124 procurator
826 3055 869 3110 ius
887 3055 1053 3110 creditorum
1071 3053 1195 3110 laedere:
1213 3053 1263 3108 sed
1281 3053 1306 3108 si
1322 3053 1452 3122 qnidam·
1465 3051 1613 3124 superfluum
1621 3056 1651 3105 est

247 3142 277 3197 in
293 3157 332 3212 re,
349 3141 516 3212 permittitur
533 3143 703 3211 procuratori
722 3143 842 3198 uendere
858 3158 892 3200 as
903 3145 974 3214 loge,
992 3149 1025 3199 ut
1036 3143 1160 3214 inprimis
1172 3141 1354 3198 creditoribus
1367 3141 1585 3212 praecedentibus
1595 3139 1651 3194 nu

247 3228 298 3286 tint
314 3235 344 3286 et
360 3231 385 3286 si
403 3231 468 3302 quid
487 3229 655 3301 superfluum
674 3236 731 3300 est,
756 3230 823 3288 fisco
841 3231 987 3302 inseretur,
1005 3238 1068 3301 sut,
1086 3231 1111 3287 si
1129 3231 1267 3300 acceperit
1285 3234 1374 3286 totum
1392 3229 1490 3301 meus,
1507 3231 1587 3286 solunt
1600 3230 1652 3297 ipss:

248 3319 293 3374 uel
311 3319 472 3389 simpliciter
488 3319 513 3375 si
532 3319 657 3374 uendidit
668 3325 837 3390 procurator,
855 3320 962 3376 iubebit
972 3320 1126 3390 pecuniam,
1144 3334 1227 3390 quem
1240 3318 1334 3374 deberi
1346 3319 1476 3374 eruditori
1487 3319 1584 3388 priuato
1593 3315 1653 3371 tuerit
1720 3383 1721 3388 η

215 3419 230 3462 s
247 3406 403 3478 probatum,
421 3406 527 3462 exsolui
545 3408 580 3462 ei.
607 3413 637 3464 et
654 3409 694 3464 ite
711 3409 811 3464 diuus²
830 3407 950 3466 Seuerus
967 3413 997 3464 et
1014 3408 1172 3464 Antoninus
1190 3409 1398 3478 rescripsernmt.
1429 3408 1504 3464 Lites
1520 3407 1619 3462 donstas
1631 3407 1681 3458 sctt

248 3510 303 3550 non
325 3496 466 3566 snseipere
484 3494 566 3550 diuus
584 3496 650 3552 Pius
668 3497 821 3568 rescripsit,
843 3498 909 3552 ticet
927 3496 1000 3553 bons
1017 3497 1173 3552 relictorum
1191 3511 1222 3552 se
1240 3497 1303 3566 quis
1320 3494 1496 3564 profitentur:
1518 3495 1559 3550 ucl
1574 3498 1652 3564 puicu

249 3581 382 3640 bonomm
407 3583 537 3640 donatum
562 3599 617 3640 uon
638 3586 787 3656 suscipere.
822 3591 851 3640 ct
868 3585 969 3642 sdiccit
987 3591 1016 3642 et
1032 3587 1107 3642 illum
1126 3585 1240 3654 dignum
1259 3583 1346 3640 tuisse
1362 3585 1454 3654 puniri
1471 3600 1521 3654 pro
1537 3590 1586 3638 um
1601 3577 1653 3650 tupi

248 3677 360 3742 umque
383 3671 520 3728 inuidioso
543 3679 711 3744 commento,
736 3677 783 3730 ett
802 3674 855 3729 nisi
877 3672 975 3729 durum
999 3688 1061 3728 esse
1085 3671 1231 3730 uidebatur
1253 3673 1282 3728 iu
1306 3673 1378 3728 uitro
1398 3673 1549 3728 uenientem
1564 3683 1651 3741 pesum

216 3765 379 3816 sststuere.
416 3758 494 3816 Sicut
516 3762 642 3816 nuntiare
664 3777 776 3818 cauum
800 3776 881 3818 nemo
903 3763 1025 3832 cogitur,
1048 3762 1088 3818 its
1109 3761 1223 3818 liberum
1248 3760 1392 3818 arbitrium
1416 3759 1561 3816 desistendi
1579 3759 1651 3813 einen

247 3848 329 3904 ustus
347 3849 395 3918 qni
412 3848 524 3904 detulit:
543 3855 572 3906 et
589 3851 629 3906 ita
646 3851 704 3906 diui
722 3850 842 3906 Seuerus
860 3853 889 3905 et
899 3848 1057 3906 Antoninus
1075 3850 1287 3920 rescripserunt:
1306 3853 1336 3904 et
1347 3849 1421 3904 idam
1434 3846 1677 3918 csse,1icetusnot

248 3936 379 3992 msndato
396 3937 550 4014 detulisset.
577 3939 658 4009 plene
676 3939 875 4008 rescripserunt
891 3938 1041 3995 delstorem
1060 3937 1225 3994 audiendum
1244 3938 1384 3994 uolentem
1404 3953 1422 3994 u
1439 3938 1485 3994 tite
1503 3929 1649 4002 cunoni

248 4023 301 4078 sibi
319 4024 508 4082 mnndstorem
527 4025 698 4084 subtractum
716 4033 856 4098 queratur.

249 4127 443 4196 samoe)

249 4229 515 4239 ..ξ-..-

249 4281 322 4334 ¹res
340 4281 387 4334 det.
460 4279 567 4336 ’uiuit
637 4280 733 4349 ⁸quid
752 4235 865 4347 (edunt
924 4283 982 4338 ‘ei
1000 4284 1047 4337 aar.
1065 4283 1187 4350 (Inscius)

248 4430 370 4514 detrusit
387 4429 420 4484 F:
438 4429 500 4491 οῩτε
519 4431 543 4484 oi
562 4429 697 4514 resciscunt
711 4428 842 4516 tuirponci
855 4450 937 4516 rioms
992 4439 1089 4503 terpres
1108 4439 1220 4486 mouit:
1241 4431 1289 4486 doc
1307 4439 1373 4485 enim
1393 4429 1586 4486 astiterimus
1598 4428 1642 4480 ld*

250 4499 460 4586 mmmm-⁰
484 4519 764 4626 '''·“‘““'2”*⁰n*⁰2i
784 4503 938 4639 :Atti
992 4503 1444 4642 Zbi‘ii‘iffr‘lnfflffl
1456 4509 1640 4640 mm
1696 4559 1697 4572 ³

248 4571 307 4695 {te}
317 4573 695 4704 ιᾶἳλίοᾶἳιιίιιοιῖἒξὶιῃιοξιτιι
715 4587 786 4698 “urz
806 4643 854 4706 τοῩ
873 4644 939 4705 iiior
992 4663 1083 4698 nonen
1101 4645 1236 4698 donatione
1295 4643 1331 4697 37
1349 4589 1490 4710 ᾱοηιιὲω]
1509 4639 1567 4704 FX',
1585 4637 1638 4690 tint

248 4713 391 4796 npocrbnot
409 4713 436 4766 B
494 4711 663 4814 {retertur⁴
682 4714 720 4767 F’
778 4716 813 4769 32
832 4715 940 4840 *0⁴5ng
992 4718 1129 4838 mff
1140 4701 1637 4840 algbssignfflnrffiusdaffwmffl

248 4783 745 4918 ῗίδἔξιμοτιιὲηειιῗιιὲιῇξίῗιῖλθὲιιζᾝτῗ
756 4785 940 4923 ξέτιξξιίὸικιι
993 4805 1082 4916 fficio
1108 4854 1273 4919 dsarsszsusr
1302 4856 1330 4911 Β
1337 4841 1338 4844 ¹
1418 4855 1456 4910 41
1480 4823 1599 4910 delitum

249 4923 264 4976 ἢ
284 4923 365 4994 us'poc
383 4922 470 4985 ιῨτῶκ
489 4925 627 4994 sepsissent
646 4926 685 4993 τῷ
705 4927 801 4980 decussi
820 4927 853 4991 B,
875 4945 940 4998 quus
992 4927 1028 4981 42
1046 4931 1193 4996 quaeratur
1210 4927 1236 4979 F

249 5001 424 5066 interpretatio
435 4997 565 5050 tectionem
576 4999 718 5068 confirmet,
733 5017 886 5070 quamquam
900 5005 939 5050 tn·
