3584 5454
103 266 149 314 rr
170 266 218 314 ns
240 265 356 314 roasa
533 283 536 290 f
777 242 864 322 767
1222 245 1541 330 XXXXV1182-4
1645 219 1648 230 ¹

104 402 243 472 delictum,
261 402 306 458 hic
323 385 446 472 publicet
464 405 493 457 et
510 402 613 457 crimen
631 402 713 457 etiam
733 402 871 472 publicum
890 403 1026 459 admittat.
1053 403 1158 474 siquis
1176 404 1261 474 igitur
1277 405 1411 460 interesse
1429 419 1480 458 sna
1497 402 1543 458 uel

49 500 84 546 ao
103 490 212 546 modice
230 489 349 559 docebit,
367 490 451 546 debet
469 489 570 546 habere
587 491 616 545 ui
633 489 767 546 bonoram
786 495 924 560 raptorum
943 492 1088 548 actionem.
1116 491 1145 547 Si
1163 490 1296 562 fugitiuus
1315 507 1393 546 mens
1407 491 1540 560 quasdam

103 593 149 634 res
166 578 319 634 instruendi
337 579 380 633 sui
398 593 484 634 cansa
501 579 599 633 emerit
616 592 721 648 eaeque
738 584 835 648 raptae
852 581 920 650 sint,
943 581 1008 650 quia
1025 581 1053 635 in
1071 580 1151 636 bonis
1169 581 1237 635 meis
1256 581 1307 636 bae
1326 585 1390 635 sunt
1408 595 1460 650 reo,
1479 594 1541 648 poa-

50 677 83 724 26
103 682 165 722 sum
183 666 219 721 de
237 666 280 722 bis
298 667 326 722 ni
345 665 477 723 bonorum
496 671 636 736 raptorum
656 667 764 721 actione
782 682 873 737 agere.
906 669 1007 724 Rerum
1025 674 1165 738 raptarum
1184 670 1294 724 nomine
1312 669 1395 723 etiam
1412 665 1478 722 furti
1496 667 1541 722 uel

50 765 82 810 ιι
103 754 197 810 damni
219 755 335 810 iniuriae
357 756 402 834 uel
425 755 597 810 condictione
619 755 664 823 agi
682 759 776 824 potest
792 755 837 808 uel
855 760 930 810 certe
948 757 1073 825 singulae
1090 772 1135 812 res
1153 756 1287 811 uindicari
1303 759 1429 826 possunt.
1464 756 1541 810 llaec
1559 768 1573 810 o

103 841 175 897 actio
193 842 287 898 heredi
304 844 457 914 ceterisque
476 842 681 900 successoribus
699 841 817 898 dabitur.
849 842 983 898 aduersus
1001 844 1117 900 heredes
1135 849 1227 900 antem
1244 846 1289 899 uel
1308 850 1414 900 ceteros
1432 858 1540 899 succes·

102 945 180 986 soree
198 946 253 986 non
271 930 394 1001 dabitur,
419 932 484 1002 qnia
501 933 624 1002 poenalis
642 931 714 986 actio
732 931 760 986 in
779 945 827 986 eos
845 945 900 986 uon
918 931 1008 987 datur.
1041 949 1076 988 an
1094 938 1187 988 tamen
1205 933 1233 987 in
1251 932 1294 1002 id,
1312 933 1403 1002 quod¹
1421 932 1540 1002 locuple·

101 1018 186 1074 tiores
203 1017 271 1073 iacti
288 1023 368 1090 aunt,
386 1019 446 1075 dari
464 1019 578 1089 debeat,
596 1020 748 1075 uideamus.
782 1023 812 1073 et
829 1033 882 1088 ego
899 1027 967 1089 puto
985 1020 1049 1076 ideo
1065 1027 1219 1090 praetorem
1238 1035 1292 1076 non
1310 1035 1372 1076 esse
1390 1020 1538 1090 pollicitum
1570 1089 1571 1098 ἵ

101 1107 130 1162 in
148 1107 264 1163 heredes
281 1109 310 1163 in
328 1107 356 1163 id
374 1107 449 1177 qnod
466 1107 502 1162 ad
520 1121 569 1164 eos
586 1108 721 1178 peruenit,
738 1107 804 1176 quia
821 1109 930 1176 putauit
948 1107 1075 1164 sulficere
1092 1109 1302 1165 condictionem.
1558 1121 1572 1161 o

61 1194 82 1254 3
155 1195 274 1252 Paunue
290 1194 360 1251 libro
377 1196 624 1266 quinquagensimo
643 1201 741 1265 quarto
758 1195 794 1249 ad
812 1195 941 1250 edictum.
969 1196 999 1252 Si
1016 1212 1113 1252 seruus
1125 1199 1246 1267 rapuerit
1258 1203 1286 1252 et
1298 1212 1360 1252 cum
1380 1191 1539 1280 [ιιῖιῖιῇ
1557 1204 1585 1258 Ε

100 1281 188 1339 libero
207 1289 318 1354 agatur,
341 1285 437 1355 etiam,
462 1285 486 1340 si
505 1300 568 1339 cum
586 1283 696 1338 domino
715 1283 876 1352 experiundi
894 1288 1018 1353 potestas
1035 1283 1101 1354 urit,
1124 1301 1179 1341 non
1196 1291 1271 1341 recte
1290 1301 1351 1341 cum
1371 1285 1538 1339 manumisso

100 1375 166 1440 post
183 1387 285 1427 aunum
303 1377 414 1443 agetur,
437 1373 503 1442 quia
520 1388 582 1427 oum
602 1385 775 1442 quocumque
793 1372 953 1441 experiundi
970 1379 1095 1443 potestas
1112 1372 1208 1444 fuant,
1229 1373 1383 1428 excluditur
1400 1379 1484 1428 actor.
1514 1373 1539 1427 si

101 1474 165 1516 cnm
183 1459 295 1517 domino
312 1462 385 1518 intra
402 1477 503 1518 annum
522 1465 613 1516 actum
633 1461 676 1530 sit,
695 1459 795 1516 deinde
812 1475 875 1516 cum
895 1463 1062 1518 manumisso
1074 1467 1181 1532 agatur,
1199 1463 1238 1517 rei
1250 1460 1387 1516 indicatae
1400 1460 1538 1531 exceptio·

101 1562 164 1603 nem
182 1563 282 1604 uocem
299 1549 393 1606 Labeo
411 1551 459 1606 ait.
1133 1587 1136 1594 .
1558 1559 1588 1598 rc

61 1637 83 1695 4
155 1635 307 1693 Uarianos
328 1638 399 1695 libro
421 1637 669 1708 quinquagensimo
686 1641 766 1692 sexto
784 1635 820 1691 ad
838 1637 967 1693 edictum.
1003 1639 1117 1693 Praetor
1134 1639 1186 1694 ait:
1204 1629 1538 1722 [ῬᾟΪιῖῖιῗῑιῗιῐῖιῖ
1555 1639 1584 1694 li

101 1721 195 1779 ‘crtus
219 1723 282 1781 dolo
306 1726 379 1782 malo
402 1727 431 1781 in
448 1725 530 1782 turba
547 1725 678 1780 damnum
696 1724 763 1794 qnid
780 1723 883 1789 factum
902 1741 964 1780 ease
983 1726 1102 1796 dicetur,
1126 1729 1154 1782 in
1172 1742 1234 1782 eum
1254 1727 1281 1780 in
1300 1739 1386 1793 anno,
1411 1738 1466 1792 quo
1484 1723 1537 1792 pri·

101 1809 184 1866 'mum
208 1812 243 1867 de
266 1827 301 1869 ca
324 1829 353 1869 re
377 1813 538 1884 experiundi
555 1817 679 1884 potestas
697 1811 793 1883 inerit,
816 1814 846 1868 in
863 1814 990 1884 duplum,
1013 1821 1077 1885 post
1094 1831 1195 1870 annum
1213 1813 1242 1868 in
1261 1813 1388 1882 simplum
1406 1811 1536 1866 iudicium

32 1909 47 1955 1
66 1909 83 1955 ι
101 1897 199 1955 'dabo'.
228 1901 289 1958 Hoc
306 1902 428 1958 edictum
446 1901 481 1956 de
499 1916 533 1956 eo
551 1901 652 1958 damno
669 1902 839 1972 proponitur,
857 1901 932 1970 quod
949 1904 1011 1972 qnia
1029 1903 1057 1958 in
1074 1902 1157 1960 turbs
1174 1902 1259 1958 dedit.
1290 1900 1411 1956 Turbam
1432 1886 1537 1984 [iffi]

100 1993 194 2043 antem
213 1991 377 2060 appellatam
395 1989 489 2044 Labeo
508 1990 547 2044 ait
564 2005 599 2045 ex
616 2005 718 2058 genere
735 1990 870 2046 tumultus
888 1989 971 2059 idque
989 1989 1104 2046 uerbum
1123 2005 1158 2046 ex
1170 1990 1277 2045 Graeco
1294 1994 1412 2044 tractum
1426 1988 1478 2042 iob
1490 1987 1538 2049 τοῨ

66 2077 233 2147 ιθοργιεῖι.
269 2077 390 2134 Turbam
415 2083 506 2132 antem
528 2093 563 2132 ex
581 2093 636 2147 quo
654 2093 767 2132 numero
785 2077 975 2136 admittimus?
1001 2081 1025 2134 si
1043 2079 1099 2134 duo
1117 2079 1204 2134 rixam
1223 2077 1422 2146 commiserint,
1442 2076 1538 2144 ntique
1557 2087 1586 2127 ιο

100 2179 157 2220 nou
175 2165 342 2236 accipiemus
360 2167 389 2221 in
407 2164 488 2222 turba
505 2165 534 2219 id
552 2163 664 2234 lactum,
682 2167 747 2235 quia
764 2165 819 2221 dno
837 2166 918 2222 turbe
936 2182 990 2222 non
1008 2167 1117 2238 proprie
1133 2166 1270 2221 dicentur:
1290 2165 1430 2219 enimuero
1443 2165 1466 2218 si
1478 2165 1537 2233 plu·

99 2267 146 2308 res
163 2251 283 2324 luerunt,
300 2254 396 2309 decem
414 2258 464 2308 ant
481 2253 636 2323 quindecim
654 2253 787 2324 homines,
805 2254 887 2309 turba
904 2255 1019 2311 dicetur.
1048 2255 1114 2325 quid
1128 2269 1202 2323 ergo,
1221 2253 1245 2308 ai
1260 2258 1316 2307 tres
1329 2257 1377 2306 aut
1389 2251 1538 2320 quattuor?

99 2340 184 2396 turba
208 2342 303 2412 ntique
326 2358 381 2398 non
402 2343 462 2397 erit.
494 2346 524 2396 et
545 2341 697 2396 rectissime
714 2342 808 2398 Labeo
832 2343 903 2398 inter
920 2343 1028 2398 turbam
1047 2347 1076 2398 ct
1093 2343 1180 2397 rixam
1199 2341 1314 2395 multum
1332 2341 1465 2394 interesse
1483 2339 1537 2393 ait:

99 2443 221 2500 namque
243 2429 353 2486 turbam
371 2430 553 2485 multitudinis
571 2429 710 2484 hominnm
729 2445 790 2485 esse
808 2431 991 2487 turbationem
1010 2437 1039 2486 et
1057 2435 1180 2498 coetum,
1202 2429 1290 2484 rixam
1309 2428 1391 2482 etiam
1410 2427 1536 2498 duorum.

65 2525 81 2573 4
100 2517 161 2572 Hoc
180 2523 271 2573 ιιιιιιιι
290 2519 380 2574 edicto
398 2523 508 2573 tenetur
525 2533 579 2573 non
599 2517 682 2587 solus,
701 2521 748 2587 qui
766 2519 896 2574 damnum
915 2520 942 2574 in
961 2519 1042 2573 turba
1059 2517 1144 2589 dedit,
1162 2517 1213 2571 sed
1231 2520 1259 2570 et
1276 2517 1308 2586 is,
1327 2515 1375 2584 qni
1389 2515 1452 2570 dolo
1464 2515 1536 2569 malo
1556 2526 1585 2567 ιι

100 2603 210 2676 iecerit,
233 2611 265 2661 nt
282 2607 310 2661 in
328 2605 410 2662 turba
427 2607 520 2661 damni
538 2605 605 2676 quid
623 2607 749 2678 daretur,
773 2607 833 2662 siue
850 2608 896 2662 illo
915 2607 1021 2661 uenerit
1039 2607 1099 2662 siue
1116 2621 1172 2662 nou
1189 2605 1272 2660 inerit
1288 2618 1432 2674 praesens:
1457 2603 1536 2658 dolus

67 2704 82 2750 t
100 2694 173 2748 enim
199 2695 287 2750 malus
309 2695 392 2750 etiam
417 2693 539 2750 absentia
557 2709 618 2750 esse
636 2699 737 2764 potest.
772 2695 832 2750 Hoc
850 2695 941 2750 edicto
959 2695 1104 2750 dicendum
1124 2700 1166 2750 est
1184 2695 1266 2749 etiam
1285 2708 1347 2748 eum
1365 2687 1475 2763 teneri,
1490 2693 1537 2762 qui

99 2782 179 2837 uenit
196 2788 225 2837 et
242 2783 270 2838 in
287 2783 369 2838 turbu
385 2781 438 2839 init
455 2789 553 2840 auctor
570 2784 662 2838 damni
681 2783 773 2854 dandi,
792 2785 817 2838 si
833 2789 927 2839 tamen
940 2785 1038 2853 etipse
1050 2784 1121 2838 inter
1132 2782 1240 2838 turbam
1252 2780 1312 2852 fnit,
1331 2797 1393 2836 cum
1406 2781 1536 2836 damnum

100 2869 225 2940 daretur,
244 2875 273 2926 et
291 2871 354 2927 dolo
372 2873 445 2928 malo
463 2871 529 2928 fuit:
551 2887 614 2928 nam
633 2875 662 2926 et
680 2871 761 2926 buius
779 2871 842 2928 dolo
860 2874 932 2928 malo
950 2873 978 2928 in
996 2871 1077 2928 turba
1095 2872 1187 2928 damni
1205 2869 1271 2940 quid
1288 2869 1391 2925 iactum
1410 2885 1471 2924 ease
1490 2883 1536 2924 ne·
1555 2879 1584 2920 ιι

66 2959 161 3028 egeri
183 2973 239 3015 non
261 2965 362 3029 potest.
399 2959 428 3016 Si
452 2961 514 3031 quis
537 2961 660 3015 aduentu
682 2975 732 3015 sno
750 2959 858 3015 turbam
878 2961 1040 3028 oonllcitanit
1058 2961 1102 3016 uel
1120 2961 1269 3030 contraxit,
1291 2959 1337 3013 nel
1355 2959 1473 3013 clamore
1491 2958 1536 3012 nel
1552 2965 1569 3011 f.
1582 2961 1636 3013 ιιιΙ

99 3044 176 3102 iacto
200 3049 291 3117 aliquo
313 3049 358 3104 uel
382 3049 447 3104 dum
469 3049 628 3104 criminatur
651 3049 769 3118 aliquem
792 3049 837 3104 uel
855 3048 920 3103 dum
939 3049 1153 3104 misericordiam
1171 3051 1317 3118 prouocat:
1342 3047 1365 3102 si
1383 3047 1446 3103 dolo
1464 3047 1536 3102 malo

100 3136 161 3191 eius
183 3135 314 3192 damnum
336 3137 431 3194 datum
450 3139 499 3208 sit,
523 3137 631 3192 etiamsi
649 3151 704 3191 non
722 3134 819 3191 hebuit
836 3137 978 3192 consilium
996 3137 1094 3192 turbae
1112 3136 1267 3208 cogendae,
1291 3139 1409 3190 tenetur.
1439 3149 1535 3190 uerum

100 3229 145 3278 est
167 3225 239 3279 enim
264 3225 327 3281 dolo
351 3227 423 3281 malo
447 3225 507 3280 eins
529 3226 560 3280 in
576 3223 657 3280 turbe
675 3224 768 3278 damni
785 3225 852 3296 quid
870 3225 979 3280 datum:
1003 3225 1182 3296 nequeenim
1201 3223 1288 3293 erigit
1304 3227 1426 3294 praetor,
1450 3228 1482 3278 nt
1499 3221 1535 3278 ab

99 3311 162 3382 ipso
183 3314 219 3368 sit
235 3311 318 3368 turba
335 3321 501 3383 conuocato,
526 3313 575 3368 sed
593 3313 659 3382 hoe,
682 3319 714 3367 ut
732 3313 795 3368 dolo
813 3313 928 3368 alicuius
946 3313 974 3368 in
992 3313 1074 3369 turba
1091 3313 1220 3382 damnum
1240 3311 1334 3366 datum
1353 3312 1397 3366 sit.
1430 3313 1535 3380 eritque

99 3400 170 3456 baec
192 3401 347 3457 differentia
368 3402 440 3457 inter
462 3401 514 3456 hoc
537 3401 656 3456 edictum
681 3406 710 3456 et
731 3402 872 3471 superius,
896 3401 970 3471 quod
992 3401 1030 3457 ibi
1053 3401 1088 3457 de
1111 3417 1144 3457 eo
1163 3399 1263 3456 damno
1280 3405 1390 3469 praetor
1406 3393 1534 3469 loquitur,
1555 3408 1583 3450 ιι

99 3489 174 3559 quod
192 3490 255 3546 dolo
274 3491 346 3546 malo
364 3488 519 3546 bominibus
537 3490 640 3545 coactis
658 3489 753 3544 datum
772 3493 816 3544 est
833 3491 878 3545 uel
895 3495 1003 3560 raptum
1022 3491 1105 3546 etiam
1124 3505 1178 3546 non
1196 3490 1299 3544 coactis
1315 3487 1484 3542 bominibus:
1506 3494 1536 3543 at

99 3576 145 3632 bic
167 3577 203 3633 de
227 3593 261 3634 eo
283 3579 398 3650 damno,
423 3577 497 3649 quod
521 3577 585 3633 dolo
603 3577 721 3634 maloin
739 3576 820 3632 turba
838 3577 932 3634 datum
952 3575 1007 3650 est,
1032 3579 1140 3634 etiamsi
1158 3595 1212 3633 nou
1230 3577 1289 3647 ipse
1306 3576 1416 3631 turbam
1435 3577 1534 3646 coegit,

99 3665 151 3721 sed
169 3665 206 3721 ad
224 3667 370 3722 clamorem
388 3668 448 3723 eiua
466 3669 510 3723 uel
528 3667 603 3722 dicta
620 3667 665 3721 uel
684 3666 896 3726 misericordiam
910 3661 991 3722 turba
1003 3671 1144 3722 contracta
1155 3671 1206 3735 est,
1225 3666 1270 3720 uel
1282 3665 1305 3719 si
1318 3665 1387 3719 aliua
1400 3665 1536 3719 contraxit

67 3753 164 3809 'incl’
180 3755 240 3826 ipae
263 3771 298 3811 ex
315 3755 397 3811 turba
414 3754 474 3811 suit
510 3756 616 3810 Idcirco
635 3753 701 3810 illud
719 3754 829 3823 quidem
849 3755 968 3810 edictum
987 3760 1099 3825 propter
1118 3755 1288 3809 atrocitatem
1307 3751 1373 3808 lacti
1391 3752 1535 3822 quadrupli

67 3851 217 3912 epocnam
239 3844 433 3914 comminatur,
457 3847 488 3898 et
510 3843 563 3899 boc
586 3843 670 3912 dupli.
707 3841 762 3897 Sed
787 3848 815 3897 et
832 3842 885 3898 hoc
903 3848 931 3898 et
948 3843 1015 3898 illud
1032 3845 1105 3898 intra
1123 3858 1224 3898 annum
1242 3839 1355 3895 tribult⁸
1373 3839 1534 3909 experiundi
1553 3850 1582 3890 sc

66 3937 82 3984 ι
99 3927 273 3986 ιιοιιΙιιιιιιιε
291 3941 355 4002 post
372 3947 473 3988 annum
492 3932 520 3987 in
538 3932 664 4002 simplum
683 3931 824 4000 competit
853 3933 987 4001 Loquitur
1004 3936 1096 3987 autem
1108 3931 1161 3986 boc
1173 3931 1291 3986 edictum
1309 3927 1343 3982 de
1356 3928 1456 3983 damno
1469 3927 1535 3983 dato

52 4027 82 4073 ιο
99 4021 129 4073 et
146 4018 182 4074 de
200 4017 310 4090 amisso,
328 4019 364 4076 de
381 4025 461 4090 rapto
479 4035 548 4076 non:
567 4020 616 4075 sed
635 4021 768 4090 superiori
785 4019 876 4075 edicto
891 4021 919 4074 ni
932 4019 1217 4094 bonone-raptorum
1231 4019 1276 4087 agi
1288 4017 1396 4087 poterit.
1423 4016 1536 4071 Amissa

52 4115 80 4162 11
99 4111 193 4162 autem
211 4106 339 4164 dicuntur
357 4123 398 4180 ea,
416 4124 488 4180 qnae
506 4109 634 4179 corrupta
651 4108 733 4164 alicui
750 4109 948 4178 relinquuntur,
966 4109 1054 4164 scissa
1071 4107 1141 4164 sorte
1159 4107 1204 4162 uel
1222 4104 1317 4162 fracta.
1347 4105 1423 4159 Haec
1441 4109 1534 4159 autem

98 4196 172 4251 actio
194 4195 223 4251 in
246 4193 349 4252 iactum
373 4203 417 4253 eet
440 4203 468 4252 et
485 4197 613 4254 daturin
630 4197 759 4268 duplum,
782 4197 879 4267 quanti
897 4211 931 4252 oa
948 4211 992 4252 res
1010 4197 1075 4252 erit:
1099 4195 1174 4266 quod
1191 4194 1228 4250 ad
1245 4194 1363 4265 pretinm
1381 4208 1476 4248 uerum
1494 4193 1534 4248 rei

97 4293 293 4364 maruno)

97 4566 278 4636 tingitiuns]
296 4565 409 4637 iugibus
426 4567 462 4621 F¹
522 4565 713 4636 3'ba’eaeqne
725 4565 790 4693 1³23
842 4563 924 4620 nibus
942 4565 1008 4621 ‘hoo'
1026 4569 1055 4620 st
1080 4564 1116 4618 F’
1187 4563 1221 4618 37
1248 4561 1347 4618 turba*
1373 4563 1468 4618 datum
1496 4563 1533 4616 F’

97 4639 168 4693 mele
187 4640 300 4692 om.F¹:
317 4637 366 4692 ricc
383 4637 449 4692 taric
465 4635 728 4708 περιογιίιιέιὲιετο
741 4639 768 4691 Β
842 4637 877 4692 39
890 4635 1150 4705 quidemedicmm
1163 4635 1201 4687 F³
1253 4635 1289 4689 40
1305 4633 1532 4706 sedethocaeq.]

97 4709 190 4774 (Dor.)
210 4710 216 4775 Ι
236 4707 395 4778 possu'nt'm
413 4707 450 4762 F*
505 4709 539 4763 12
557 4709 622 4776 qnia
639 4715 789 4776 cumtquc·
843 4708 881 4761 sai
900 4707 980 4767 τοῩτο
998 4706 1028 4758 at
1047 4707 1085 4759 sal
1098 4705 1185 4760 ὲκεῖιο
1197 4705 1229 4759 τὸ
1242 4704 1343 4759 ἒιικτοι
1357 4703 1435 4759 ’carba
1446 4704 1532 4766 ὲιιιγ-

98 4787 227 4847 cum⁴que
254 4779 316 4846 ΡΙ
341 4785 418 4833 actor
439 4783 486 4834 *et*
510 4779 534 4832 si
557 4780 608 4832 F’:
637 4779 660 4832 ei
686 4777 717 4832 Δὲ
741 4778 789 4832 Rs
841 4777 890 4839 τοῨ
914 4776 1028 4840 cirillae
1050 4777 1139 4832 tilmon
1167 4775 1215 4830 risa
1243 4775 1345 4840 drosela
1371 4775 1418 4829 BS
1442 4775 1533 4841 (Dor.)

99 4851 134 4904 lb
157 4854 233 4904 serto
257 4850 293 4903 5¹
313 4851 319 4916 Ι
339 4850 379 4904 ait
402 4867 450 4904 om.
469 4849 505 4903 F¹
577 4848 612 4903 25
634 4849 663 4903 iu
686 4868 734 4903 ιιι.
753 4850 790 4902 F·
841 4849 878 4903 42
895 4853 942 4902 dt⁴
960 4850 999 4902 F’
1013 4850 1018 4912 Ι
1033 4861 1088 4902 nou
1107 4867 1155 4902 om.
1169 4849 1220 4902 F¹2
1243 4849 1299 4917 napi
1319 4845 1434 4917 &pruscie
1452 4843 1531 4905 οῩιὲιι

97 4919 240 4974 aeuamni
252 4921 348 4974 cm.F¹
395 4917 787 4990 30poteet1F⁸,possestF·l
842 4919 926 4983 lutros
946 4918 993 4973 ΒΕ
1011 4919 1102 4987 (Dor.)

98 4989 290 5046 concitabitl'
338 4991 374 5046 35
392 4989 545 5045 edict'o'um
565 4987 602 5042 F‘
651 4991 687 5044 36
704 4988 789 5043 homi·
1192 5001 1196 5008 ·
