3480 5460
70 125 357 175 mammarum
762 101 848 184 253
1209 109 1343 177 XXXVI
1366 113 1383 176 1
1408 117 1521 173 u-ee

69 276 140 321 non
159 263 259 322 debet:
283 264 349 336 quin
367 265 452 320 immo
469 265 497 321 in
515 263 678 320 contradam
697 263 789 320 caueri
806 263 900 321 heredi
918 268 1039 336 oportet,
1063 265 1087 321 sl
1104 266 1169 338 quid
1186 281 1221 323 ex
1239 265 1281 322 his
1299 267 1418 323 euictum
1437 272 1520 338 esset,

67 367 159 422 quae
177 353 215 410 ah
232 355 294 426 ipso
311 353 414 410 herede
430 355 579 410 oenhsem.

1 463 27 543 9
137 442 315 500 Permessus
338 443 409 500 libre
432 443 553 500 meando
575 441 856 499 fideicommissorum.
892 441 922 499 Si
939 441 1018 498 heres
1036 443 1177 501 institutes
1194 445 1268 502 Titio
1286 461 1329 503 ro·
1347 439 1522 531 [fflTe‘r
1539 454 1566 509 P

69 533 172 600 gatus
189 531 273 589 tuerit
290 533 434 590 restituere
451 533 631 589 hereditatem
649 536 678 588 et
695 547 789 587 rursus
807 531 897 588 Titius
915 531 1008 588 heredi
1026 537 1089 603 pest
1105 538 1223 604 tempus,
1244 534 1384 592 sufficiunt
1401 536 1521 590 directae

7 649 31 696 1
72 620 214 678 :odones
230 621 333 678 herodi
360 621 390 678 si
407 621 486 678 heres
504 626 650 692 antequam
662 619 901 676 fideicommissam
913 620 1092 678 hereditatem
1105 623 1268 695 restitueret,
1286 625 1446 680 alienauerit
1456 623 1522 696 quid
1541 633 1554 676 e

73 720 122 764 ex
140 708 296 767 hereditate
314 716 364 767 aut
380 726 489 768 sernum
508 711 700 767 hereditarium
719 711 906 766 manumiserit
923 716 972 766 aut
985 711 1088 782 ruperit
1099 711 1165 781 quid
1177 714 1221 768 uel
1233 712 1346 784 fregerit
1357 716 1402 770 uel
1413 715 1522 786 usserit,

76 812 145 857 non
163 801 297 872 competit
317 801 346 856 in
368 816 430 856 eum
454 801 510 857 ulia
532 800 620 856 ciuilis
644 799 720 878 actio¹
734 800 861 856 restituta
884 805 981 871 postea
998 800 1150 857 hereditate
1168 817 1203 858 ex
1221 803 1392 860 'trebelliano
1410 809 1522 860 senatus

79 891 226 962 consuto,
244 889 295 946 sed
312 903 348 946 ex
365 889 568 947 fideicommissi
586 903 671 946 causa
688 889 740 945 erit
758 888 810 945 hec
827 889 900 960 quod
918 889 1064 960 deperierit
1074 893 1301 962 persequendum.
1329 893 1372 948 ain
1383 897 1523 964 ueropest

83 979 246 1036 restitutam
264 979 444 1036 hereditatem
462 979 558 1036 horum
577 978 643 1049 quid
661 977 803 1034 admiserit
819 978 907 1050 heres,
926 979 1071 1035 dicendum
1089 984 1133 1035 est
1150 981 1211 1052 lege
1222 981 1332 1054 Aquilia
1344 997 1406 1037 eum
1424 997 1458 1038 eo
1476 983 1522 1052 agi

45 1087 65 1130 ι
87 1069 352 1140 postcummun
371 1067 442 1125 l'orte
459 1068 653 1126 hereditarium
671 1072 721 1124 aut
738 1069 923 1125 uulnerauerit
941 1072 989 1124 aut
1006 1069 1144 1126 occiderit.
1182 1069 1212 1126 Si
1229 1071 1386 1142 temporalis
1404 1072 1476 1128 aetio
1493 1072 1522 1126 iu
1541 1079 1569 1120 ιθ

91 1153 244 1214 hereditate
267 1157 364 1214 relicta
385 1157 480 1230 inerit,
504 1164 626 1229 tempus,
650 1173 705 1229 quo
729 1157 808 1214 heres
832 1158 949 1230 experiri
973 1163 1037 1215 aute
1054 1158 1208 1215 restitutam
1227 1158 1406 1216 hereditatem
1424 1160 1521 1232 potuit,

100 1239 271 1314 imputabitur
287 1247 314 1304 ei
332 1248 377 1304 eui
393 1249 520 1304 restituta
537 1247 628 1304 tuerit.

1 1319 85 1404 illle
150 1335 319 1393 umnnmc
335 1336 405 1392 reuco
423 1337 529 1392 onemo
546 1335 829 1392 coenomanorum.
862 1337 961 1396 omne·
980 1337 1027 1407 qur
1045 1337 1080 1393 us
1098 1335 1248 1393 uersurum
1266 1337 1331 1393 cerr·
1350 1334 1521 1421 [rs-sexies
1540 1341 1566 1396 r>

107 1416 190 1482 beraut
205 1424 379 1482 desiderante
396 1439 444 1496 eo,
468 1426 515 1497 qai
533 1441 583 1483 sue
601 1426 723 1497 periculo
746 1425 814 1481 uelit
834 1425 903 1480 adiri
921 1425 1110 1498 hereditatem,
1134 1432 1270 1497 coguntur
1287 1416 1521 1498 adireseed‘ho'n
1542 1437 1571 1478 rs

107 1513 185 1572 rann
202 1515 355 1585 restituere,
374 1514 425 1570 sed
442 1520 474 1570 ut
491 1512 638 1586 eemlpleto
656 1521 779 1585 tempore
798 1514 1009 1585 deliberationis,
1027 1523 1051 1570 sl
1068 1517 1196 1587 expedire
1215 1516 1267 1573 sibi
1283 1519 1464 1588 compererint
1475 1519 1521 1574 he·
1539 1521 1555 1570 t.
1567 1517 1619 1570 lae'

102 1601 244 1675 adiutem
262 1605 382 1660 sentiant
400 1603 573 1660 commodum
591 1591 748 1659 testamenti
765 1619 800 1660 eo
817 1604 884 1674 iure,
902 1619 958 1674 quo
976 1604 999 1659 si
1018 1609 1115 1674 sponte
1134 1606 1264 1680 adissent,
1282 1607 1325 1664 sin
1342 1623 1409 1664 uere
1426 1613 1522 1665 centra

0 1756 1 1761 η
97 1699 234 1751 onerosam
253 1693 427 1762 crediderint,
446 1693 574 1748 restituta
592 1707 626 1748 ea
643 1697 826 1748 exonerentur
842 1692 994 1749 actionibus
1012 1693 1189 1751 hereditariis.

6 1743 78 1836 ιω)
133 1782 316 1840 Ponourus
333 1782 403 1839 libro
420 1785 519 1853 quarto
536 1780 816 1839 fideicommissorum.
846 1783 934 1838 Heres
951 1789 1098 1854 praecepto
1114 1781 1521 1870 drudoregatue[e.es‚11,ea
1540 1787 1567 1842 P

81 1873 147 1924 erat
171 1872 348 1930 hereditatem
366 1872 524 1927 restituere:
542 1870 644 1928 fundae
662 1873 767 1928 ahenos
785 1877 852 1927 erat
880 1869 973 1928 Ariete
986 1871 1077 1929 aiebat
1087 1873 1244 1944 uidendum,
1262 1879 1352 1930 utrum
1366 1863 1522 1933 onndnbd‘e

71 1961 322 2020 euertendam
341 1959 456 2017 hrodum
475 1976 537 2017 esse
554 1963 642 2018 uolnlt
659 1967 775 2017 testator
792 1977 828 2016 an
845 1961 885 2016 ita
903 1961 1021 2033 demum,
1038 1973 1062 2018 at
1079 1963 1165 2033 ipsius
1184 1969 1239 2020 este
1258 1964 1308 2019 sed
1326 1964 1378 2020 sibi
1396 1966 1521 2036 superius
1540 1973 1568 2016 so

65 2042 213 2110 lineare:
230 2051 347 2123 ideoque
365 2052 520 2108 aestimatio
538 2051 598 2106 eius
616 2050 760 2107 retinenda
776 2055 828 2106 est.

5 2107 51 2198 (⁷3)
126 2137 319 2196 Hmcmuus
340 2139 410 2197 libro
432 2141 638 2197 tertiodecimo
661 2139 940 2197 fideicommissorum.
977 2139 1006 2195 Si
1024 2139 1102 2196 heres
1122 2141 1266 2212 pecuniam
1284 2142 1330 2198 he·
1348 2136 1522 2226 [amr—nte
1540 2147 1567 2201 P

61 2222 248 2286 adiuntur
266 2229 413 2288 crediderit
430 2235 459 2286 et
475 2231 504 2286 in
522 2245 582 2286 eam
601 2245 712 2286 oausam
730 2231 846 2300 pignera
864 2229 1012 2300 acceperit,
1030 2230 1152 2285 actiones
1170 2247 1224 2287 uon
1242 2237 1402 2302 competunt
1419 2232 1458 2302 ei,
1478 2232 1522 2288 cui

60 2317 219 2375 estimes
235 2319 318 2376 fuerit
333 2319 481 2390 hereditas,
499 2319 632 2376 aduersus
650 2321 711 2390 ipsa
727 2321 850 2390 pignora
878 2317 928 2374 sed
946 2319 1038 2389 aliqua
1055 2317 1189 2376 dubitatio
1206 2321 1365 2392 remanebit,
1384 2319 1406 2375 si
1419 2321 1447 2374 in
1459 2336 1521 2376 eum

61 2410 274 2480 contractum,
298 2410 346 2480 qui
363 2425 399 2464 ex
416 2407 546 2464 defuncto
563 2407 658 2480 fuerit,
682 2409 858 2479 interpositus
873 2407 967 2479 heres,
992 2411 1138 2477 anteqmm
1161 2411 1317 2465 restitueret
1333 2409 1521 2482 hereditatem,
1540 2421 1569 2463 se

61 2489 195 2562 pignus
210 2499 353 2569 acceperit
381 2498 432 2554 sed
449 2513 501 2554 nec
518 2498 558 2554 sie
576 2498 686 2568 quidem
698 2499 758 2570 ipse
771 2498 973 2554 admitteretur:
991 2513 1026 2552 ex
1043 2496 1252 2554 fideicommisso
1263 2502 1356 2555 tamen
1374 2498 1457 2555 hebet
1475 2500 1521 2555 sd·

41 2587 193 2643 tearum
207 2587 335 2643 heredem
354 2573 502 2657 achonem,
526 2594 558 2643 ut
580 2588 606 2643 ei
625 2588 706 2644 cedat
723 2603 773 2658 pre
790 2587 912 2659 pignoris
930 2587 1073 2642 commodo
1091 2588 1235 2643 sotionem.
1271 2588 1340 2644 Cum
1359 2603 1393 2644 ex
1411 2587 1522 2644 Trebel·

66 2669 171 2731 liano
186 2683 293 2733 senatus
311 2677 436 2734 consulto
453 2677 608 2733 restituitur
624 2676 769 2748 hereditas,
789 2677 943 2747 seruitutes,
962 2691 1030 2747 quaa
1049 2681 1143 2733 mutuo
1155 2677 1268 2748 praedia
1279 2677 1386 2734 heredis
1398 2683 1427 2732 et
1438 2682 1521 2734 tosta-
1625 2731 1628 2742 ,

70 2761 168 2818 teris
182 2764 286 2837 habent,
304 2765 388 2822 nihilo
406 2767 496 2822 minus
513 2767 614 2822 ualent.
1540 2779 1569 2822 sa

13 2839 61 2922 llll
143 2852 263 2911 Pronus
280 2855 350 2912 hbro
368 2855 490 2912 mondo
507 2855 687 2911 decretorum.
718 2855 770 2922 Qui
787 2853 872 2910 filium
891 2859 919 2911 et
936 2854 1018 2911 filiam
1037 2855 1164 2927 habebat,
1182 2861 1329 2912 testamen-
1347 2851 1521 2940 Q
1539 2867 1581 2941 Ιγ

77 2939 157 2994 blm
177 2941 235 3003 tetii
251 2950 279 3001 et
296 2945 337 3001 ita
354 2946 389 3000 do
406 2944 463 3000 filia
480 2959 531 3000 sua
549 2949 674 3000 cauerat:
698 2943 848 3000 iurtttouai
868 2965 906 3000 cor
925 2945 959 2999 ab
979 2946 1145 3010 heeritceear,
1165 2947 1223 3017 epis
1242 2945 1320 3000 renue
1339 2965 1377 3000 cer
1397 2945 1521 3010 [euectae.

80 3035 277 3096 pronuntiauit
294 3035 443 3106 imperator
459 3033 699 3090 fideicommissum
717 3049 752 3091 ex
767 3033 821 3090 hae
839 3035 973 3105 scriptura
991 3034 1099 3106 deberi,
1123 3036 1201 3105 quasi
1218 3051 1268 3106 per
1284 3035 1350 3106 hoe,
1369 3034 1442 3105 quod
1460 3049 1521 3105 pro·

84 3112 226 3178 Μυσοί
241 3139 303 3180 eam
320 3125 428 3194 emtam,
450 3123 579 3195 petisset,
602 3128 634 3178 ut
651 3121 761 3179 fratrem
779 3139 859 3179 suum
883 3123 1010 3180 heredem
1034 3124 1149 3181 faceret:
1173 3125 1213 3180 sic
1237 3124 1309 3180 euim
1333 3123 1521 3194 accipiendam
1552 3173 1554 3178 .

66 3209 165 3259 itm
181 3213 346 3284 scn'pturam,
370 3229 404 3269 ao
428 3213 452 3268 si
475 3212 655 3268 hereditatem
674 3229 752 3268 suam
771 3219 896 3282 rogasset
913 3229 973 3269 eam
992 3215 1144 3270 restituere.
1181 3213 1280 3270 Fabius
1299 3213 1454 3269 Antoninus
1471 3213 1521 3268 im·

91 3291 223 3356 lubean
239 3301 323 3358 hlium
342 3302 510 3359 Antoninum
529 3307 558 3358 et
575 3301 658 3358 liliam
676 3303 844 3358 Honoratam
866 3303 1021 3374 relinquens
1044 3303 1215 3359 exheredatis
1233 3301 1275 3359 his
1293 3309 1408 3358 matrem
1426 3317 1520 3358 eorum
1540 3317 1568 3358 ss

94 3375 387 3448 1¹²liiarnllaleriamuu
406 3391 534 3450 heredem
551 3394 669 3449 instituit
687 3399 715 3449 et
732 3393 768 3448 ab
786 3409 819 3449 ea
837 3397 959 3448 trecente
977 3397 1006 3448 et
1023 3393 1155 3463 quasdem
1174 3407 1218 3449 res
1235 3391 1307 3448 filiae
1325 3393 1441 3462 reliquit,
1459 3393 1520 3448 reli·

96 3477 182 3532 ‘lm
196 3495 300 3538 omnem
318 3481 496 3538 hereditatem
515 3481 570 3538 filie
588 3482 742 3554 Antonino,
766 3497 828 3538 eum
851 3483 887 3538 ad
910 3499 1010 3536 anuum
1030 3483 1207 3537 uicensimum
1226 3482 1323 3536 aetatis
1341 3482 1520 3552 peruenisset,

97 3554 185 3617 '⁰¹¹¹st
198 3572 315 3627 mstitrri:
333 3571 409 3642 quod
426 3572 451 3626 si
468 3575 533 3626 ante
551 3587 651 3626 anuum
669 3572 849 3627 uicensimum
868 3571 1034 3626 decessisset
1050 3570 1135 3642 tilius,
1154 3587 1214 3626 eam
1233 3570 1411 3625 hereditatem
1430 3571 1521 3628 Houo-

98 3645 175 3736 ’,ΨΘ
188 3661 291 3716 malind
314 3661 463 3732 proecepit.
492 3666 581 3715 mater
603 3661 734 3716 intestata
755 3661 875 3716 decessit
898 3661 1020 3730 utrisque
1044 3661 1137 3716 liberis
1159 3660 1288 3730 legitimis
1311 3658 1457 3714 heredibus
1480 3675 1521 3715 re-

97 3720 174 3792 m·
198 3755 294 3819 postea
311 3748 384 3806 tilius
402 3765 503 3805 anuum
521 3763 607 3819 agene
624 3749 734 3819 plenum
753 3765 855 3805 nouum
874 3749 1009 3805 decimum
1023 3755 1051 3805 et
1062 3750 1201 3820 ingressus
1213 3748 1391 3804 uicensimum
1404 3747 1520 3805 necdum
1539 3764 1568 3806 ro

96 3810 184 3912 “peu
201 3851 234 3894 eo
251 3839 360 3910 expleto
377 3838 497 3895 decessit
513 3837 570 3893 tilia
587 3837 686 3894 herede
704 3838 791 3894 Fabia
808 3838 953 3895 Ualeriana
970 3843 1035 3894 eua¹
1054 3839 1157 3908 relicta,
1176 3855 1193 3893 a
1210 3853 1265 3908 qua
1282 3838 1366 3892 amita
1383 3836 1521 3893 fideicom-

95 3907 205 3982 Ἣ
222 3933 252 3982 et
268 3941 304 3982 ex
321 3931 488 3984 memento
511 3929 597 3998 patris
621 3929 774 3999 portionem
792 3927 951 3984 hereditatis
974 3926 1100 3998 petebat:
1125 3932 1153 3982 et
1176 3927 1250 3998 apud
1273 3927 1427 3998 praesidem
1451 3927 1521 3999 opti·

93 3995 197 4070 ΜΝ
223 4019 330 4072 tutores
348 4013 509 4073 Ualerianae
526 4013 599 4072 filiae
617 4015 749 4074 Antonini
768 4022 920 4088 egestatem
938 4015 997 4074 eius
1014 4015 1231 4089 praetendebant
1248 4019 1277 4072 et
1293 4015 1446 4072 recitabant
1464 4016 1521 4072 diui

91 4084 334 4194 Flb'euerom
392 4200 396 4208 Δ

91 4225 98 4260 ¹
115 4233 177 4312 ibn
194 4263 282 4319 usne
298 4263 444 4321 unauna
460 4264 561 4322 nereus
579 4265 651 4322 suae

91 4325 516 4376 *-

93 4367 203 4500 ζΨῑῖᾱ]
219 4406 282 4474 quis
300 4407 327 4460 F
373 4407 518 4478 itempus
536 4406 780 4464 sufficiunt‘diree·
834 4407 915 4464 mode
934 4408 960 4462 Ι*
1012 4411 1048 4464 20
1066 4407 1089 4462 si
1107 4407 1195 4460 omi*
1242 4407 1521 4477 21ideoquasssti·

96 4455 195 4598 ”Rp
218 4479 247 4531 et
268 4491 364 4562 rursus
386 4479 463 4535 titius
481 4479 574 4566 heredi
592 4483 781 4566 peet‘tempue
834 4479 918 4535 matio
936 4480 972 4533 ΕΙ
1019 4480 1054 4534 23
1072 4479 1127 4564 cui]
1165 4478 1240 4568 nis.
1277 4479 1312 4533 24
1329 4479 1362 4564 iu,
1376 4493 1438 4532 eum
1457 4493 1521 4566 een·

99 4547 463 4689 beeiihdi'ffleffee
471 4552 523 4675 ,2⁹
545 4551 606 4678 ⁶1¹?
599 4549 788 4678 &3313an
833 4549 1522 4694 libentii‘telllttl‘tltilllt

103 4659 281 4792 {geunnen
299 4693 340 4760 rr
359 4693 384 4748 u
402 4713 451 4748 om.
464 4695 508 4762 rr
529 4689 727 4780 terremtatem
745 4691 782 4748 μ
834 4695 892 4760 ru,
915 4693 1027 4748 sabinus
1050 4691 1293 4760 uorwouerorr
1343 4693 1378 4748 se
1401 4691 1521 4746 uereren-

164 4767 348 4820 enonosnmr
374 4763 412 4817 F*
484 4765 518 4820 19
545 4765 710 4836 omnrmodo]
737 4765 782 4831 Ρ,
835 4783 897 4821 uam
921 4766 947 4819 F
1002 4765 1036 4819 38
1059 4763 1208 4819 honoratae
1231 4765 1268 4816 F·
1326 4764 1361 4818 39
1382 4765 1461 4832 pater
1483 4763 1521 4814 1²⁰

112 4817 255 4910 Qninedo
273 4835 316 4901 Fl,
340 4835 412 4891 enim
431 4836 588 4894 omnimodo
602 4837 729 4903 WithK,
747 4852 783 4894 ne
834 4838 870 4892 40
887 4835 1101 4891 fillus‘le'annum
1115 4833 1152 4889 Ρ*
1207 4835 1241 4890 41
1255 4833 1379 4903 explecto
1391 4835 1415 4888 F
1427 4835 1432 4902 Ι
1446 4831 1522 4888 lauh

118 4891 248 4962 inerme„
270 4907 353 4974 Dec
377 4915 401 4962 et
428 4927 518 4982 mos-po
542 4911 581 4975 Ε,
608 4925 670 4966 eum
697 4907 781 4964 omnl-
835 4906 1005 4963 ualer'e'isoe
1023 4908 1058 4961 F*
1112 4907 1147 4961 43
1165 4909 1352 4976 aegestatem
1371 4901 1407 4958 F*
