3638 5452
280 231 372 300 XXX
397 239 511 296 15-20
985 232 1014 310 4
1506 247 1559 302 us
1576 253 1719 304 nsonrrs

280 387 353 444 idem
372 389 424 444 erit
441 393 470 444 et
487 390 511 445 ei
529 389 728 460 quinquaginta
745 389 832 446 uoluit
851 384 861 458 ss
881 390 974 460 legere
992 393 1021 445 et
1038 393 1149 446 eentum
1168 389 1271 461 eeripte
1289 391 1357 446 sint:
1377 390 1576 462 quinquaginta
1588 391 1660 446 enirn
1673 390 1719 447 de
1736 397 1779 444 ta
1812 377 1815 382 ’

249 485 261 528 1
279 476 426 540 bebuntur.
461 478 511 533 sed
534 482 563 534 et
580 479 604 533 si
621 479 684 548 plns
702 480 794 549 legare
812 479 901 536 noluit
918 482 947 534 et
964 478 1054 534 minus
1073 478 1197 548 seripsit,
1221 477 1325 536 ualebit
1342 480 1472 550 legatrrm.
1510 479 1539 536 Si
1557 479 1619 549 quis
1636 495 1719 536 unam

280 582 416 622 summam
440 564 549 622 filiabus
571 567 718 638 legeuerit,
742 571 774 623 ut
797 568 879 624 etiem
901 567 936 624 de
954 573 1083 638 postuma
1100 568 1228 637 sentiret,
1251 567 1275 622 si
1293 583 1327 624 ee
1344 583 1398 624 non
1416 573 1461 624 est
1478 574 1556 638 nata,
1579 569 1720 640 superstiti

280 655 398 711 solidum
417 654 571 711 debebitur.
1739 669 1753 708 r

225 739 262 798 16
333 745 505 800 Pormourus
529 742 598 800 libro
621 744 717 813 quinto
736 743 772 800 ed
790 743 931 801 Sabinum.
969 743 998 800 Si
1016 742 1125 802 dnobus
1143 759 1188 800 ree
1206 743 1371 800 eoniunetim
1388 745 1482 816 legata
1499 747 1543 816 sit,
1563 740 1720 829 [Q
1739 751 1760 804 S

280 832 407 902 quemuis
430 833 498 886 elter
521 833 550 887 in
574 848 664 890 rerum
689 837 788 890 nature
810 850 865 890 non
883 831 979 904 inerit,
1005 834 1082 890 elteri
1106 833 1192 889 solem
1211 838 1318 902 partem
1336 833 1430 890 deberi
1447 839 1516 905 puto
1534 850 1629 890 uerum
1648 849 1719 890 esee.

249 929 259 972 ι
281 920 367 975 Heres
385 919 494 976 adiecto
512 921 538 976 ei
557 923 665 978 nomine
684 922 835 993 cuiusdam,
855 923 902 993 qui
920 922 999 979 heres
1018 922 1132 993 nonsit,
1152 922 1217 977 dere
1229 922 1376 978 damnetur
1388 928 1475 978 totum
1488 924 1609 993 legatum
1623 921 1720 980 debet:

280 1025 343 1064 nem
363 1012 392 1064 et
409 1009 433 1065 si
451 1009 521 1064 dnos
540 1025 574 1065 ex
592 1009 739 1068 heredibus
757 1012 814 1068 stris
833 1011 992 1068 nominatim
1011 1012 1074 1082 quis
1092 1011 1251 1068 damnasset
1268 1018 1297 1068 et
1308 1012 1377 1068 alter
1388 1011 1568 1068 hereditatem
1581 1026 1635 1068 non
1648 1011 1720 1067 adis·

204 1103 205 1106 ’
280 1105 331 1169 set,
343 1095 397 1168 'qni
415 1098 520 1154 edisset
537 1103 626 1154 totum
645 1100 767 1171 deberet,
786 1101 809 1157 si
827 1116 892 1172 pere
910 1101 969 1157 eius
987 1101 1034 1172 qni
1052 1116 1108 1158 non
1126 1101 1232 1158 edisset
1248 1101 1284 1156 ed
1302 1117 1365 1156 eum
1380 1101 1427 1172 qni
1440 1101 1544 1156 edisset
1554 1100 1720 1171 peruenerit.

248 1185 310 1244 esi
330 1187 403 1243 Titio
427 1192 456 1242 et
477 1189 614 1258 posternis
637 1190 759 1259 legatum
782 1191 832 1260 sit,
857 1204 912 1244 non
936 1194 1001 1246 neto
1024 1194 1153 1260 posbrmo
1171 1195 1259 1246 totum
1278 1190 1368 1246 Titius
1387 1188 1545 1246 uindicabit.
1582 1189 1632 1246 sed
1650 1194 1679 1244 et
1696 1189 1720 1244 ei
1740 1201 1768 1241 ro

280 1279 397 1332 testator
414 1276 488 1332 Titio
506 1282 535 1332 ot
551 1278 687 1347 postumio
705 1279 797 1334 uiriles
815 1283 909 1348 pertee
926 1277 986 1334 deri
1001 1279 1134 1336 uoluisset
1146 1281 1190 1336 uel
1202 1280 1285 1336 etiem
1298 1278 1325 1334 id
1339 1279 1528 1349 expressisset,
1546 1282 1634 1334 totum
1646 1279 1720 1348 lege

280 1370 339 1420 tum
357 1365 430 1420 Titio
449 1365 565 1422 debetur
583 1383 638 1423 non
657 1371 722 1422 neto
738 1371 876 1436 postumo.

226 1449 262 1506 17
335 1453 485 1510 Unnrenus
503 1453 572 1512 libro
590 1456 686 1526 quinto
704 1455 812 1512 deoimo
830 1455 867 1510 ed
885 1454 1025 1512 Sabinum.
1063 1455 1115 1522 Qui
1133 1454 1241 1512 tiliebus
1258 1457 1369 1526 legeuit,
1388 1456 1412 1512 si
1431 1457 1542 1512 mentio·
1563 1451 1760 1540 Qut

281 1556 344 1598 nem
362 1543 455 1612 eliqua
471 1549 550 1613 perte
568 1544 726 1600 testamenti
745 1549 888 1614 postumee
906 1542 980 1615 lenit,
999 1544 1108 1600 uidetur
1127 1545 1154 1600 in
1172 1543 1288 1600 filiarum
1307 1545 1399 1614 legato
1418 1550 1447 1600 et
1464 1545 1499 1602 de
1517 1550 1645 1615 postuma
1658 1559 1719 1602 sen·

249 1640 260 1683 1
281 1631 359 1686 sisse.
387 1629 416 1686 Si
435 1633 496 1702 quis
514 1631 554 1688 ite
571 1634 718 1704 legenerit:
738 1633 769 1688 ‘si
787 1648 842 1703 que
859 1631 916 1688 filie
934 1632 999 1690 mihi
1017 1634 1134 1703 genitur,
1154 1633 1180 1688 ei
1191 1633 1271 1688 heres
1283 1647 1361 1689 mens
1373 1639 1484 1690 eentum
1496 1633 1578 1704 deto’,
1595 1633 1720 1705 pluribus
1739 1645 1767 1686 rs

280 1721 353 1774 natis
373 1719 483 1776 uidetur
501 1722 616 1792 singulis
633 1723 795 1779 tantundem
813 1724 935 1793 legasse:
961 1722 1035 1792 qnod
1054 1723 1093 1777 ita
1111 1721 1299 1791 eoeipiendum
1319 1730 1374 1792 est,
1399 1724 1451 1779 nisi
1469 1723 1584 1780 euidens
1602 1723 1638 1778 sit
1656 1738 1719 1778 eon·

249 1809 365 1864 eirene
382 1811 519 1866 sententie
536 1812 686 1868 testatoris.
714 1811 744 1868 Si
762 1812 809 1868 uni
827 1827 863 1868 ex
881 1809 1028 1867 heredibus
1045 1808 1128 1866 luerit
1144 1811 1275 1881 legatum,
1293 1811 1346 1868 hoe
1363 1811 1457 1868 deberi
1475 1812 1500 1868 ei
1520 1809 1610 1868 offioio
1622 1810 1720 1868 iudieie

281 1895 401 1952 familiae
419 1896 616 1956 heroiseundee
635 1899 809 1958 manifestum
828 1905 884 1957 est:
902 1900 953 1980 sed
971 1905 999 1954 et
1016 1899 1040 1954 si
1055 1898 1218 1956 abstinuerit
1230 1916 1260 1956 se
1272 1899 1432 1971 hereditate,
1450 1901 1581 1971 oeusequi
1593 1915 1656 1958 eum
1668 1899 1721 1956 hoe

281 1985 402 2057 legatum
420 2002 503 2055 posse
521 1993 629 2044 oonstet
1740 1998 1767 2040 ιι

227 2073 263 2130 18
335 2075 479 2132 lnnrenus
496 2076 565 2133 libro
584 2077 726 2149 trigesimo
744 2077 1023 2148 primodigestorum.
1050 2077 1201 2147 etquidem
1215 2083 1303 2134 totum
1315 2079 1436 2149 legatum
1449 2083 1544 2148 palere
1574 2089 1719 2146 utente
1739 2084 1773 2137 S·

281 2169 382 2234 potest,
401 2165 528 2234 quemuis
547 2182 565 2221 a
582 2171 670 2222 semet
687 2167 747 2237 ipso
765 2167 897 2222 inutiliter
914 2166 940 2222 ei
958 2167 1080 2236 legatum
1099 2165 1205 2222 linisset.

226 2251 262 2310 19
335 2253 487 2311 Uenerius
510 2253 579 2310 libro
603 2255 699 2324 quinto
720 2255 827 2312 deoimo
851 2254 887 2310 ed
910 2253 1050 2310 Sabinum.
1092 2256 1198 2324 Legata
1223 2255 1353 2311 inutiliter
1375 2256 1442 2311 data
1464 2255 1543 2326 Pepl·
1562 2249 1759 2340 ΜΒ

282 2343 380 2402 nianus
398 2349 480 2415 putet
496 2341 566 2398 libro
584 2343 775 2414 qaeestionum
798 2341 952 2400 oondrmari
976 2359 1024 2414 per
1048 2344 1252 2415 repetitionem,
1275 2343 1303 2400 id
1327 2348 1370 2400 est
1392 2359 1441 2415 per
1463 2344 1535 2400 hano
1556 2347 1719 2415 seripturam

280 2437 379 2504 postes
396 2431 467 2490 lorte
485 2432 513 2488 in
532 2431 663 2488 oodioillis
685 2431 800 2488 laetam
819 2432 878 2490 'hoe
901 2433 1019 2503 amplius
1043 2433 1069 2488 ei
1092 2432 1171 2488 heres
1195 2447 1273 2488 meus
1295 2431 1377 2502 deto',
1401 2437 1431 2488 et
1453 2432 1593 2490 diuersum
1611 2449 1673 2490 eree
1690 2435 1719 2489 in

280 2519 327 2576 ille
344 2521 493 2591 scriptura:
512 2521 588 2590 ‘qnae
606 2521 737 2591 peeumae
754 2522 854 2592 legaui,
872 2521 973 2592 quibus
990 2521 1051 2578 dies
1067 2521 1211 2592 adpositus
1229 2536 1285 2580 non
1302 2524 1357 2592 est,
1376 2537 1468 2578 annua
1484 2521 1560 2578 bime
1576 2523 1664 2594 trima,
1674 2522 1720 2578 die
1739 2535 1767 2575 rs

281 2607 368 2664 heres
387 2625 465 2664 meus
483 2609 548 2664 dere
567 2609 682 2666 damnes
694 2609 776 2666 eeto':
794 2626 849 2666 non
863 2609 936 2666 enim
949 2610 1000 2666 hoo
1012 2611 1103 2680 egisse
1115 2613 1285 2680 testatorem,
1304 2609 1520 2667 ntooulirmeret
1531 2625 1602 2680 qnae
1613 2611 1720 2666 inutilia

249 2705 258 2749 ι
281 2701 353 2768 sont,
371 2697 421 2752 sed
440 2703 471 2752 nt
488 2697 561 2752 diem
580 2697 692 2754 utilibus
711 2703 879 2769 prorogaret
906 2699 983 2754 ldem
1001 2699 1098 2756 eodem
1116 2699 1176 2754 loeo
1195 2703 1224 2754 et
1237 2699 1265 2754 in
1280 2698 1430 2755 substituto
1443 2699 1588 2770 trepnberis
1600 2698 1719 2769 scribsit,

280 2790 319 2856 nt,
338 2786 363 2840 si
380 2784 462 2842 inerit
480 2785 515 2842 eb
533 2785 674 2857 impubere
693 2788 823 2844 inutiliter
840 2788 971 2858 legatum,
989 2787 1151 2844 substitutae
1162 2787 1215 2844 hoe
1226 2787 1334 2858 debeat,
1353 2787 1450 2844 ei'hoe
1462 2787 1586 2858 emplius·
1597 2789 1719 2858 legatum

248 2883 262 2928 ι
281 2874 316 2930 ab
334 2889 368 2930 eo
386 2876 423 2932 sit
440 2876 564 2931 relietum
583 2875 686 2946 aliquid
703 2891 756 2932 neo
772 2876 817 2932 ille
835 2876 907 2946 patri
929 2875 1010 2932 heroe
1033 2876 1169 2932 exstiterit
1191 2880 1220 2932 et
1242 2876 1400 2932 deterserit.
1437 2877 1469 2932 ln
1486 2877 1578 2948 legato
1595 2875 1720 2948 pluribus

280 2964 375 3020 relieto
393 2964 417 3019 si
434 2968 527 3034 partes
544 2964 669 3020 adientes
687 2980 742 3020 non
760 2970 832 3034 snut,
852 2981 957 3036 aequae
975 2968 1128 3022 seruentur.
1739 2978 1767 3022 eo

224 3050 263 3107 20
334 3052 506 3109 Poueonrus
523 3051 593 3108 libro
611 3054 706 3123 quinto
724 3053 760 3108 ad
778 3051 919 3110 Sabinum.
958 3054 1024 3120 ¹Qni
1042 3053 1112 3110 duos
1135 3068 1232 3109 seruos
1255 3052 1381 3125 heberet,
1406 3069 1490 3112 unum
1508 3070 1543 3110 ex
1561 3048 1719 3140 Q
1738 3061 1760 3115 S

280 3139 323 3196 his
341 3141 470 3212 legesret,
488 3147 520 3196 nt
538 3157 593 3197 non
611 3143 814 3212 intellegeretur
831 3157 913 3213 quem
930 3144 1060 3214 legasset,
1078 3143 1204 3212 legatarii
1221 3147 1265 3198 est
1282 3143 1387 3199 electio.

280 3255 519 3330 WDMQIOK,
538 3265 564 3312 in
583 3277 632 3329 qno
650 3259 715 3313 libro
735 3265 912 3330 inscriptiones
928 3260 1017 3329 plenae
1036 3259 1155 3330 deficiunt
1172 3260 1231 3313 inde
1249 3279 1266 3312 o
1284 3262 1299 3312 l.
1313 3259 1362 3326 20)

282 3415 291 3450 ¹
310 3413 335 3470 si
353 3423 400 3470 ine.

283 3581 409 3650 llegere
428 3581 516 3636 noluit
533 3581 562 3635 D
617 3584 682 3637 2et
699 3603 748 3637 een.
762 3585 842 3639 1210
854 3586 859 3651 Ι
881 3585 974 3639 noluo·
1028 3585 1115 3652 meus]
1134 3583 1213 3638 heres
1231 3599 1308 3640 mens
1326 3585 1351 3640 ei
1370 3585 1407 3647 D,
1425 3583 1504 3638 heres
1517 3599 1594 3639 meus
1609 3587 1669 3649 (ose.
1683 3584 1719 3650 ei)

281 3652 317 3706 rit
341 3654 368 3705 D
391 3655 395 3718 Ι
418 3653 558 3722 scripserit
581 3653 609 3706 D
635 3654 639 3718 Ι
663 3655 768 3710 uelauit
790 3657 828 3709 Ρ
890 3655 974 3724 3eel
1036 3655 1075 3720 W,
1102 3655 1181 3710 heros
1204 3659 1263 3720 (om.
1289 3657 1315 3710 ei
1339 3663 1363 3710 et
1385 3659 1473 3721 meus)
1497 3655 1529 3709 K
1579 3657 1612 3709 16
1636 3655 1717 3724 netis]

281 3723 440 3792 eiDlest]
461 3725 826 3791 F10,essetwonQ1³0K
856 3724 974 3780 toene·
1027 3725 1100 3780 detis
1115 3725 1169 3791 Wl
1185 3727 1355 3782 tantumdem
1377 3727 1453 3780 Teur.
1469 3744 1555 3780 errore
1606 3727 1638 3780 l'l
1657 3741 1718 3780 sen·

280 3799 326 3848 tur
346 3793 404 3849 WO
456 3795 634 3850 booniunoti
652 3796 680 3850 Ii
732 3795 893 3866 tiquembis
913 3797 972 3865 F¹l
1027 3797 1122 3864 lentie}
1137 3798 1263 3852 uoluntas
1279 3795 1365 3862 WQG
1377 3800 1382 3864 l
1398 3797 1431 3865 sil
1445 3813 1506 3852 eum
1521 3797 1549 3849 D
1595 3795 1718 3852 181ιωί-

280 3865 974 4006 littlllttttmbtttlthtt‘tlttt
1026 3869 1150 3994 ltil'
1168 3867 1739 4008 ti‘rt·,ti2lti⁸‘³¹¹2⁰rtll,tltt'

279 4022 344 4076 pers
354 4004 470 4061 debetur
482 4007 531 4062 sed
544 4024 606 4062 enm
620 4015 725 4063 eertum
738 4007 820 4066 fuerit
831 4025 886 4064 non
898 4010 974 4066 nasei
1027 4009 1134 4078 luisset]
1158 4011 1210 4080 leg.
1231 4008 1328 4064 fnisset
1348 4009 1423 4072 WK,
1449 4010 1502 4079 leg.
1521 4007 1619 4064 fuisset
1642 4010 1669 4064 ei
1692 4009 1727 4064 lt

280 4081 369 4132 totum
388 4077 532 4132 debebitur
550 4081 588 4144 (in
606 4099 687 4150 moro.
701 4088 897 4136 nurecenttore:
915 4081 974 4149 qui·
1027 4083 1062 4136 22
1080 4081 1173 4148 legata
1246 4081 1409 4152 papinianus
1427 4100 1475 4133 om.
1488 4081 1526 4132 F¹
1579 4081 1614 4134 23
1632 4081 1718 4150 reple·

281 4147 344 4203 dem
364 4163 419 4204 non
443 4147 546 4234 habent
563 4150 681 4204 litteram
699 4150 791 4218 istam)
811 4151 838 4204 D
861 4151 866 4219 l
887 4153 973 4238 solem
1026 4153 1176 4236 tionemD
1221 4153 1256 4206 24
1274 4151 1409 4221 emplius
1422 4152 1478 4236 F’l
1494 4151 1520 4205 ei
1539 4149 1718 4238 herermens]

280 4219 974 4363 trnmdtslrtnttutnerr‚tlte
1027 4221 1721 4366 sustititessentessent

280 4361 362 4426 Μ’,
381 4367 410 4416 et
427 4363 479 4418 hoo
496 4369 564 4433 puto
579 4361 798 4418 irwenden
808 4365 813 4432 Ι
828 4364 923 4420 berum
937 4367 960 4418 F
961 4367 972 4400 ¹
1026 4365 1233 4420 nonestom.K
1244 4366 1249 4432 Ι
1264 4365 1378 4428 trinels,
1391 4367 1420 4418 et
1428 4364 1546 4418 trimeli
1590 4365 1625 4418 26
1633 4369 1718 4420 testa·

281 4433 479 4489 teinomine
499 4434 543 4497 Fl,
561 4448 595 4488 en
613 4435 722 4489 nomine
740 4435 774 4499 E,
792 4437 902 4490 nomine
917 4434 970 4502 Wl
1026 4434 1154 4492 tor'is‘em
1174 4435 1210 4488 F‘
1264 4437 1297 4490 27
1317 4437 1349 4492 ab
1368 4434 1441 4490 idem
1459 4439 1475 4490 l.
1492 4443 1539 4490 ine.
1553 4436 1593 4502 Fi
1609 4435 1715 4506 eodem]

281 4503 405 4558 ouisdem
421 4505 458 4557 W
501 4505 594 4558 8suis
613 4503 759 4561 heredibus
778 4507 806 4560 D
855 4509 972 4578 ipses*
1025 4508 1054 4562 in
1066 4506 1203 4562 eodemE
1217 4509 1222 4572 l
1238 4507 1265 4561 in
1278 4525 1326 4560 om.
1340 4503 1400 4570 WQ
1415 4507 1420 4573 l
1435 4507 1472 4560 im
1494 4504 1594 4576 uberis]
1606 4506 1718 4574 puberis

281 4574 340 4629 eins
353 4576 393 4642 ΡΙ
409 4575 445 4630 ad
463 4590 525 4630 eum
544 4575 591 4644 qul
607 4575 710 4630 edisset
728 4595 776 4630 em.
792 4578 826 4628 F¹
874 4579 907 4632 10
925 4593 972 4647 po·
1026 4577 1174 4648 ilpuberi
1192 4577 1233 4641 K,
1255 4575 1442 4646 impuberibus
1493 4577 1560 4641 DC,
1583 4576 1718 4648 impuberi

281 4645 387 4715 etumis]
402 4647 469 4710 HF,
484 4651 611 4715 postumo
624 4646 785 4713 obolon*
801 4649 806 4714 Ι
821 4647 974 4704 uiudieeuit
1026 4649 1097 4714 EQI
1129 4650 1165 4704 28
1183 4647 1317 4704 substitus
1329 4649 1370 4714 Fi
1386 4649 1410 4702 si
1428 4647 1488 4716 hoe]
1500 4646 1561 4702 ,hoo
1578 4647 1601 4702 sl
1619 4647 1647 4702 E
1660 4649 1666 4715 Ι
1681 4649 1718 4703 le·

213 4757 217 4766 .
280 4715 502 4780 F¹,nendieebis
516 4716 556 4770 W
602 4719 633 4772 11
648 4721 777 4786 postumo
792 4718 972 4790 DEQIUK‘!
1026 4724 1120 4788 getam
1140 4719 1230 4774 om.D
1276 4721 1310 4774 29
1329 4717 1453 4789 patribus
1468 4719 1505 4773 11²⁰
1520 4719 1525 4784 1
1541 4719 1647 4774 exstitit
1664 4717 1720 4772 ΕΚ

280 4787 364 4842 etiam
383 4789 472 4842 om.D
489 4790 494 4857 l
509 4788 548 4843 *id
565 4790 774 4858 expressisset
790 4791 829 4844 F¹
872 4791 908 4845 *13
926 4791 972 4845 de·
1026 4793 1062 4845 30
1079 4789 1186 4845 abiecte
1206 4789 1311 4844 DE·?I
1323 4793 1327 4854 Ι
1343 4787 1464 4858 eequ'e'e
1477 4789 1502 4841 F
1541 4791 1575 4844 et
1593 4787 1716 4857 heberet]

281 4859 352 4914 eimo
376 4878 425 4912 om.
440 4860 478 4913 F*
543 4860 577 4914 14
598 4860 717 4930 ebonem
740 4861 768 4914 D
794 4861 799 4927 l
823 4865 852 4914 et
875 4880 923 4915 em.
938 4861 977 4914 W
1025 4859 1719 4926 rntlenahetetWDQohabereterl‘ffirne.fir

281 4931 315 4984 15
324 4930 465 4999 legauitD
482 4931 487 4998 Ι
502 4930 620 5000 genitur]
630 4931 698 4995 ΠΡ,
707 4932 803 5001 genita
811 4931 972 4997 atrorem,
1025 4933 1061 4988 32
1078 4932 1130 4999 estl
1151 4932 1205 4996 ΓΚ,
1225 4937 1300 4988 esset
1315 4931 1491 4998 WDEQIOE
1509 4945 1571 4986 ease
1592 4933 1626 4986 0·

279 5001 421 5072 gingnitur
450 5001 491 5067 W,
523 5001 618 5072 genita
648 5003 700 5056 erit
733 5003 784 5069 EQ
807 5003 812 5072 1
837 5003 863 5057 ei
893 5003 973 5058 heres
