3584 5454
276 247 440 316 xxxxii
460 249 478 314 7
503 255 614 311 13-21
948 239 1035 322 730
1388 263 1587 314 morcarum
1611 263 1709 314 eonor
1782 273 1784 276 ·

275 407 368 463 statim
387 406 446 462 dies
463 405 569 478 oedere,
588 405 636 462 ubi
652 421 697 462 ree
715 408 844 475 oooperat
861 419 915 461 uon
934 403 1053 461 defendi.
1079 403 1193 474 proinde
1210 403 1235 459 si
1251 401 1322 460 forte
1333 403 1367 459 lis
1378 401 1455 460 finita
1465 402 1559 474 fuerit,
1579 404 1710 473 adquam

276 495 399 551 defensio
417 499 476 550 erat
493 496 656 565 neeessaria,
675 496 720 550 nel
737 495 873 550 solutione
890 495 934 549 uel
952 493 1136 549 transactione
1148 493 1193 548 uel
1206 492 1413 564 aooeptilatione
1424 493 1469 548 uel
1481 507 1538 563 quo
1550 493 1607 548 alio
1619 493 1710 564 modo,

44 655 48 670 .
130 609 133 614 ¹
245 589 474 653 ioonsoquenter
496 585 599 654 plaouit
621 595 785 640 euanssoere
810 582 846 639 ob
864 597 922 639 rem
940 598 995 639 non
1013 581 1155 638 defensam
1173 582 1331 637 thusulam.
1366 580 1397 637 Si
1413 579 1492 638 fuero
1511 597 1529 638 a
1545 580 1711 639 fideiussore

276 673 459 744 procuratoris
477 673 623 743 stipulatus
640 673 790 729 iudicatum
809 673 878 728 solui
897 671 976 742 quasi
993 671 1022 726 in
1039 686 1097 727 rom
1116 674 1226 726 aeturus
1244 674 1274 726 et
1286 675 1388 742 ¹postea
1404 671 1433 727 in
1448 687 1600 742 pomonam
1619 687 1710 742 ogeru,

277 763 320 818 uel
338 763 392 817 ada
409 762 516 818 aotione
535 765 655 834 aeturus,
673 763 753 818 aliam
773 765 880 818 autsm¹
899 761 1041 816 diotenero
1056 759 1274 831 sotionem,„non
1285 761 1462 816 summittitur
1474 760 1628 832 stipulatio,
1646 762 1743 832 quies

186 895 187 898 ,
277 849 329 906 de’
347 851 400 907 alia
418 855 510 906 aetum
527 851 645 922 uidetur,
664 851 699 907 de
717 853 771 907 alia
788 850 928 923 stipulatio
945 850 1116 920 interposita.

99 987 105 996 .
221 945 258 1002 14
329 939 470 996 inmune
487 939 556 996 libro
574 941 818 1012 quinquagensimo
836 941 932 1010 quinto
949 938 1128 1010 digestorum.
1164 937 1194 995 Si
1211 954 1246 995 ex
1264 937 1372 994 duobus
1388 936 1531 994 fideiusso·
1551 933 1750 1022 ΜΒ

276 1028 360 1099 ribus,
379 1029 426 1099 qui
442 1029 592 1085 iudioatum
611 1031 681 1086 solui
699 1029 910 1100 spoponderant,
929 1029 997 1084 alter
1015 1027 1051 1084 ob
1068 1043 1125 1084 rem
1144 1042 1199 1084 uon
1217 1025 1357 1084 defensam
1375 1032 1481 1098 partem
1495 1043 1575 1084 suam
1589 1030 1712 1100 soluerit,

276 1117 358 1173 nihilo
377 1118 466 1173 minus
484 1133 528 1173 res
546 1116 655 1174 defendi
676 1120 785 1190 poterit.
809 1133 861 1174 neo
878 1122 971 1172 tamen
988 1117 1027 1187 is,
1050 1118 1098 1186 qui
1116 1117 1241 1188 soluerit,
1265 1120 1384 1188 repetet:
1407 1117 1549 1188 stipulatio
1567 1119 1643 1174 enim
1661 1133 1713 1189 pro

244 1222 254 1268 1
275 1211 354 1277 parte
371 1207 431 1262 eius
449 1212 591 1277 perempta
608 1211 659 1278 est,
677 1207 790 1279 perinde
808 1221 841 1262 ao
859 1207 883 1262 si
900 1211 1043 1276 aooeptum
1055 1207 1081 1262 ei
1093 1205 1196 1262 faotrrm
1209 1203 1314 1262 fuisset.
1341 1205 1471 1272 Quotiens
1484 1221 1520 1262 ex
1531 1207 1713 1277 stipulatione
1732 1220 1757 1260 ro

276 1295 424 1351 iudioatum
448 1297 518 1350 solui
541 1295 576 1352 ob
597 1311 654 1352 rem
673 1312 728 1352 non
746 1295 887 1352 defensam
906 1295 997 1365 agitur
1015 1311 1077 1351 oum
1095 1293 1316 1365 fideiussoribus,
1339 1309 1394 1350 non
1411 1300 1455 1350 est
1472 1295 1600 1365 iniquum
1619 1297 1712 1352 moesi

276 1385 415 1440 dominum
433 1385 523 1455 priore
540 1385 641 1441 indieio
659 1385 773 1455 absolui,
792 1386 857 1456 quia
874 1385 977 1440 omissa
988 1385 1114 1440 teudone
1126 1383 1302 1439 fideiussores
1313 1383 1433 1440 mandati
1445 1384 1547 1440 iuditio
1560 1387 1634 1441 non⁸
1646 1401 1711 1442 oon-

276 1477 425 1544 sequentnr
442 1479 491 1529 aut
508 1479 582 1530 uerte
599 1479 734 1544 oogantur
751 1474 892 1530 dominnm
910 1473 1001 1544 priore
1019 1473 1119 1529 iudloio
1138 1471 1293 1528 defendere.
1383 1509 1385 1518 «

221 1567 258 1625 15
329 1562 500 1619 samninus
518 1561 586 1618 libro
605 1569 684 1619 sexto
702 1564 901 1633 quaestionum.
928 1563 1006 1618 Haeo
1023 1563 1163 1633 stipulatio
1182 1562 1335 1632 'quamdiu‘
1353 1577 1397 1617 ras
1415 1575 1469 1618 non
1483 1561 1531 1617 de·
1550 1558 1710 1649 Q
1728 1572 1747 1624 s

276 1650 426 1722 fendatur,
444 1651 524 1706 simul
543 1657 625 1722 atque
643 1650 753 1708 defendi
771 1653 893 1722 eoeperit
911 1657 960 1707 aut
977 1649 1088 1707 defendi
1107 1651 1207 1707 debere
1224 1651 1344 1720 desierit,
1362 1651 1517 1706 resoluitur.
1727 1666 1752 1705 rs

221 1745 257 1803 16
328 1741 480 1796 spasmus
503 1739 573 1796 libro
595 1741 677 1798 tertio
701 1740 929 1797 membranarum.
966 1741 1009 1796 Ex
1032 1741 1181 1796 iudicatum
1205 1740 1275 1796 solui
1297 1741 1472 1811 stipulatione
1494 1739 1531 1797 ob
1550 1737 1709 1828 Q
1724 1747 1760 1823 Ss

275 1845 333 1885 rem
352 1845 407 1885 non
425 1828 565 1886 defensam
585 1845 647 1886 oum
665 1845 720 1886 uno
739 1845 774 1886 ex
791 1828 998 1886 fideiussoribus
1017 1845 1099 1900 ogere
1116 1831 1193 1886 uolo:
1214 1830 1247 1899 is,
1264 1829 1338 1899 quod
1355 1844 1405 1899 pro
1421 1833 1502 1900 parto
1519 1830 1582 1886 mus
1599 1831 1638 1902 fit,
1657 1833 1709 1888 sol·

275 1933 341 1974 uere
359 1919 424 1974 mini
441 1924 554 1989 paratus
572 1923 627 1974 est:
646 1935 701 1976 nun
719 1918 803 1975 debet
820 1919 886 1974 mihi
903 1920 931 1974 in
950 1933 1012 1975 eum
1031 1919 1090 1975 dari
1107 1919 1246 1974 iuditium.
1273 1919 1451 1988 nequeenim
1470 1933 1591 1989 aequum
1607 1925 1650 1976 est
1661 1927 1708 1978 snt

275 2008 376 2064 iuditio
394 2009 527 2078 destringi
546 2013 594 2064 aut
612 2007 648 2064 ad
665 2007 854 2064 infitiationem
873 2009 998 2079 oompolli
1016 2023 1094 2079 eum,
1114 2009 1162 2078 qui
1179 2009 1238 2064 sine
1255 2007 1345 2062 ludios
1362 2008 1429 2063 dare
1446 2013 1561 2078 paratus
1580 2015 1636 2082 est,
1654 2025 1708 2081 quo

275 2111 331 2154 non
349 2098 465 2168 ampllue
483 2097 656 2154 aduersarius
674 2097 734 2154 eius
752 2111 802 2168 por
819 2096 936 2154 iudicem
955 2097 991 2152 ab
1009 2113 1042 2154 eo
1061 2101 1257 2154 consecuturus
1274 2101 1325 2151 est.
1721 2111 1745 2151 so

220 2191 258 2248 17
329 2185 501 2243 Unuunnrue
525 2186 593 2242 libro
615 2192 694 2242 sexto
712 2187 928 2257 stipulationum.
963 2187 1007 2241 Ex
1025 2187 1148 2242 clausula
1164 2201 1195 2241 ro
1211 2186 1346 2255 iudioata,
1370 2185 1433 2242 dolo
1450 2186 1533 2258 malo,
1566 2193 1743 2255 B.e,1o‚1iP

276 2275 387 2333 obrem
405 2291 460 2332 non
478 2275 619 2332 defensam
638 2277 666 2332 in
685 2276 820 2332 solidum⁵
839 2275 1018 2331 committitur
1035 2275 1189 2345 stipulatio:
1213 2289 1266 2330 non
1284 2275 1356 2330 euim
1375 2275 1514 2331 uidebitur
1531 2275 1648 2332 defensa
1663 2291 1703 2332 res

276 2364 340 2422 boni
357 2365 410 2422 uiri
428 2365 569 2436 arbimatu,
587 2379 659 2438 quae
677 2380 731 2421 non
750 2365 778 2420 iu
796 2364 913 2421 solidum
931 2363 1046 2420 defensa
1062 2366 1107 2420 sit.

220 2459 257 2518 18
328 2456 406 2511 Ιοοοι
427 2455 496 2511 libro
519 2456 637 2526 septimo
660 2454 902 2527 disputationuml.
938 2454 988 2510 Uir
1009 2453 1098 2511 bonus
1122 2469 1177 2511 uon
1196 2453 1343 2511 arbitratur
1359 2451 1531 2510 indefensam
1551 2451 1737 2540 Q?

276 2559 338 2601 esse
355 2559 421 2616 rem,
441 2543 475 2600 de
493 2559 548 2615 qua
565 2549 676 2616 praetor
692 2544 823 2600 iodioinm
841 2544 965 2614 sonipero
983 2558 1038 2601 non
1056 2547 1147 2614 nogat.
1714 2555 1736 2598 rs

220 2637 257 2696 19
328 2634 405 2689 losse
422 2633 492 2690 libro
509 2649 581 2690 nono
599 2633 814 2704 stipulationum.
851 2633 1007 2689 Nouissima
1023 2634 1146 2689 olausnla
1162 2631 1312 2689 iudicatum
1330 2633 1400 2689 solui
1418 2633 1531 2705 stipula·
1565 2629 1744 2711 isefontis

275 2723 358 2779 tionis
375 2723 475 2780 ‘dolum
498 2725 599 2779 malum
623 2722 720 2778 abesse
742 2721 935 2793 aflrtnrnmque
958 2721 1026 2779 esse’
1044 2727 1074 2778 ot
1094 2723 1123 2778 iu
1146 2720 1268 2778 futumm
1291 2728 1399 2792 tempus
1419 2707 1698 2794 permanens—‘fautum

277 2812 453 2869 demonstrat.
483 2814 576 2884 itaque
593 2817 622 2868 et
640 2813 664 2868 si
682 2809 752 2868 forte
770 2812 920 2868 deesseerit
937 2812 975 2883 is,
993 2813 1041 2883 qui
1059 2812 1121 2868 dolo
1139 2810 1247 2881 feeerit,
1265 2810 1403 2868 tenebitur
1421 2812 1432 2884 [Ι
1451 2811 1533 2868 heros
1550 2813 1624 2869 eius:
1645 2825 1696 2867 uor-
1710 2811 1763 2866 tut

276 2901 341 2958 bum
366 2902 437 2958 onim
457 2901 655 2972 'afuturumquo
676 2900 745 2958 esse'
763 2901 949 2972 plenissimum
968 2907 1011 2958 est
1028 2905 1057 2958 et
1074 2901 1110 2957 sd
1127 2915 1208 2957 omne
1224 2903 1334 2973 tempus
1350 2899 1482 2972 refertur,
1505 2905 1551 2973 ut,
1574 2903 1599 2958 si
1616 2902 1695 2971 aliquo

243 3003 255 3050 1
275 2997 398 3062 temporo
416 3006 471 3048 non
489 2991 588 3048 afuerit
605 2991 693 3062 dolus,
710 2991 839 3061 qnoniam
857 3006 952 3047 uerum
971 2992 1079 3047 sitnon
1098 2989 1208 3061 sitiisse,
1228 2991 1414 3046 summittatur
1430 2989 1501 3047 haee
1518 2992 1647 3048 olausnla
1670 2988 1694 3044 Si
1707 3000 1727 3040 u

276 3086 367 3137 autom
387 3081 523 3137 adieotum
542 3083 590 3137 sit:
609 3081 639 3138 ‘ei
657 3079 754 3136 huiusl
772 3079 812 3135 rei
829 3079 907 3136 dolus
920 3081 1007 3136 malus
1019 3095 1074 3136 non
1086 3079 1182 3150 aberit,
1200 3081 1294 3150 quanti
1307 3095 1341 3135 es
1352 3095 1396 3135 res
1408 3085 1459 3150 est,
1479 3079 1539 3136 dari
1551 3077 1692 3152 spondaei,

242 3183 257 3228 o
275 3175 304 3226 et
321 3170 357 3227 ob
375 3171 498 3226 esmanei
516 3171 608 3227 dolum
626 3172 775 3242 promissor
792 3185 881 3242 poena
899 3168 1044 3225 tenebitnr.
1073 3170 1135 3226 Doli
1153 3174 1245 3225 autem
1263 3169 1328 3224 mali
1343 3170 1477 3240 olausnla,
1496 3171 1570 3226 mont
1586 3171 1692 3240 reliquas

274 3260 479 3332 stipulationes,
502 3261 530 3315 in
553 3259 651 3331 quibus
674 3265 784 3332 tempus
803 3259 962 3316 nominatim
981 3258 1117 3315 adisotnn
1135 3275 1189 3315 non
1207 3264 1265 3330 est,
1288 3258 1323 3314 ad
1340 3259 1504 3330 principium
1523 3255 1691 3330 stipulationis

274 3347 398 3405 refert-ur.
1705 3353 1723 3395 li

218 3441 257 3498 20
274 3431 275 3434 '
327 3437 486 3494 sosnnnnr
502 3437 572 3495 libro
589 3439 739 3494 uioensimo
757 3437 935 3507 digestorum.
964 3436 1033 3492 Cum
1052 3437 1127 3508 apud
1144 3435 1335 3508 Sempronium
1351 3435 1470 3492 indieem
1484 3435 1532 3492 da·
1550 3427 1722 3522 [sa-‚iffi

274 3532 333 3584 tum
350 3543 414 3583 reus
426 3526 626 3598 defenderetur,
644 3527 818 3598 stipulatione
830 3531 942 3582 oautnm
954 3531 1004 3596 est,
1023 3531 1062 3596 ut,
1081 3526 1155 3597 quod
1167 3525 1343 3597 Sempronius
1354 3525 1439 3582 iudex
1449 3525 1611 3598 iudieaeset,
1628 3539 1691 3599 prro

274 3621 406 3673 starum:
431 3633 448 3672 a
471 3617 549 3672 ouius
573 3617 709 3673 sententia
725 3617 826 3686 petitor
844 3617 992 3686 appellauit
1008 3621 1051 3686 et,
1076 3631 1139 3671 oum
1158 3615 1231 3687 apud
1249 3619 1450 3684 competentem
1470 3617 1645 3686 appellationi
1660 3615 1692 3670 in·

274 3705 361 3762 dinem
385 3721 429 3762 res
453 3711 592 3778 ageretur,
615 3705 760 3762 defensore
783 3704 964 3761 oondemnato
987 3705 1141 3776 quaesitum
1166 3710 1223 3774 est,
1242 3715 1281 3760 'an
1299 3704 1439 3774 stipulatio
1457 3706 1607 3761 commissa
1624 3707 1693 3761 eset

273 3795 415 3866 respondit
437 3795 586 3852 seeundum
611 3811 645 3851 ea
665 3809 736 3865 quae
758 3797 974 3865 proponerentur
996 3807 1051 3849 non
1073 3809 1134 3850 esee
1158 3794 1217 3850 iure
1235 3793 1418 3850 summissam.
1450 3791 1620 3852 Onnumrus:
1642 3793 1694 3850 ideo

274 3885 450 3956 stipulatione
469 3885 597 3940 adioitur:
616 3884 706 3956 'quiue
724 3885 752 3939 in
770 3884 829 3939 eius
846 3884 936 3939 looum
954 3881 1118 3940 substitutus
1136 3881 1203 3938 erit'.
1709 3891 1730 3932 o

217 3975 254 4033 21
326 3974 405 4030 Innn
422 3973 490 4031 libro
509 3974 640 4044 singulari
657 3973 849 4044 quaestionum
866 3971 975 4044 publius
993 3975 1180 4028 traotatarum.
1206 3969 1236 4028 Si
1253 3987 1324 4028 unus
1337 3987 1372 4029 ex
1383 3970 1530 4031 fideiusso-
1550 3967 1731 4059 [ΜΔ

274 4071 467 4141 rmrnroo)
513 4069 518 4082 ·

276 4199 396 4252 larrtem
415 4197 462 4252 del.
480 4197 620 4268 (Kraeper)
686 4195 750 4251 ²de
768 4197 815 4250 del.
880 4196 973 4265 ³non]
993 4195 1079 4252 nihil?
1143 4195 1303 4266 ‘quandoi
1369 4197 1435 4252 ‘ex
1452 4198 1579 4255 olansula
1596 4197 1632 4255 ob
1649 4211 1698 4253 rem

274 4282 330 4322 non
348 4265 487 4324 defensam
507 4282 536 4322 re
554 4283 608 4323 non
627 4265 740 4322 defensa
757 4267 786 4322 in
804 4266 919 4324 solidum
939 4270 974 4336 (a.
987 4267 1035 4338 tii
1114 4269 1126 4304 ⁰
1144 4267 1350 4340 stipulationum
1368 4269 1535 4338 (babilonii
1615 4269 1700 4325 'hoie

275 4341 319 4412 (qfi
332 4339 425 4404 D.45,
441 4340 579 4412 1121pr.
598 4345 623 4394 si
640 4338 830 4406 oreuoii581i

275 4471 382 4528 2a1io⁴
401 4468 451 4525 1⁶¹
512 4473 545 4527 11
570 4473 593 4526 is
611 4473 658 4526 del.
673 4471 709 4524 F’
771 4473 805 4527 19
829 4486 883 4540 quo
906 4487 960 4528 non
1013 4477 1095 4529 lorum
1108 4492 1243 4546 pnuersua
1260 4481 1284 4529 sl
1299 4482 1384 4530 oratio
1398 4475 1476 4530 lium
1491 4476 1700 4538 &clausulaitt

275 4544 401 4614 amplius]
420 4543 446 4596 F
458 4551 483 4598 el
498 4563 578 4612 supro
590 4564 614 4597 u.
627 4541 667 4608 M,
684 4558 739 4614 quo
751 4559 805 4599 non
817 4545 878 4613 plue
890 4543 960 4610 XM,
1013 4545 1058 4600 ubi
1078 4553 1219 4618 requiritur
1241 4565 1359 4602 nomem
1379 4550 1504 4617 ploratu,
1532 4557 1557 4604 ef
1580 4557 1649 4606 rofio
1671 4547 1700 4601 ob

274 4615 402 4684 quoniam
421 4615 482 4684 plus
499 4615 574 4669 100
616 4615 649 4670 21
669 4629 703 4669 ex
717 4613 960 4670 olausnlareiudi·
1014 4624 1117 4670 aoetm
1135 4617 1266 4688 adscripto
1284 4619 1415 4673 declarent
1433 4619 1500 4674 deos
1516 4629 1619 4690 primos
1636 4621 1700 4676 elsa-

275 4691 337 4742 oats
355 4686 417 4741 dolo
436 4686 507 4741 malo
525 4685 561 4741 ob
579 4699 636 4741 rem
655 4701 709 4742 non
726 4684 866 4744 defensam
878 4687 906 4742 in
918 4702 961 4742 so·
1012 4689 1082 4742 sous
1094 4688 1207 4742 adiaotaa
1225 4707 1277 4744 essa
1295 4687 1327 4743 ab
1346 4693 1535 4761 tumulatore,
1555 4699 1645 4748 centro
1661 4691 1700 4744 da

274 4758 358 4814 lidum
377 4757 555 4812 committitur
573 4757 720 4828 stipulatio]
739 4777 790 4812 nora
801 4762 876 4813 aliter
894 4760 960 4830 leye-
1012 4759 1137 4824 siderant,
1161 4760 1230 4832 quod
1249 4759 1336 4814 eomes
1354 4779 1404 4812 non
1420 4768 1515 4830 petreii,
1534 4763 1701 4833 defossum

274 4836 334 4884 runt
352 4829 463 4884 Graeci:
487 4826 515 4882 ἐκ
537 4827 585 4889 roi
610 4831 750 4892 aesonius
767 4829 815 4891 τοῨ
833 4828 862 4900 ῥὲ
881 4829 960 4892 ἶογλι·
1013 4836 1153 4900 suseeptum
1172 4849 1225 4885 esse
1242 4832 1349 4902 quiden,
1367 4849 1446 4900 oeque
1460 4838 1546 4887 mmm
1559 4843 1586 4887 in
1598 4835 1700 4889 sodalem

275 4900 337 4955 ulra
357 4901 394 4954 aai
414 4899 463 4962 τοῨ
480 4901 545 4966 (cod.
558 4900 608 4968 τῷ)
632 4900 704 4968 lolio>
727 4902 765 4956 sai
790 4901 838 4962 τοῨ
862 4899 893 4954 os
912 4900 959 4970 ῥὲο
1012 4908 1154 4972 moeplom
1198 4899 1344 4957 30itfiierit
1361 4901 1441 4958 dolus
1459 4905 1592 4973 quonlam
1609 4919 1700 4962 uelum

275 4971 323 5026 ada
343 4972 476 5036 leotscau
495 4972 533 5026 εἷο
551 4971 695 5042 ὅλόκλκροο
710 4971 896 5044 ἡὲπερὼτκοιο
916 4982 959 5026 Βε-
1013 4971 1113 5026 sitnon
1125 4991 1174 5026 om.
1188 4973 1226 5025 F·
1268 4973 1302 5029 31
1316 4971 1491 5045 s‘po’pondus
1504 4976 1540 5030 8⁴
1585 4977 1701 5034 39utlm·

275 5043 387 5108 ΒοιοῨτοι
408 5045 434 5100 Β
452 5043 574 5114 (Aaou.):
598 5051 627 5100 ot
644 5052 667 5100 et
684 5045 748 5100 ordo
765 5052 842 5100 trium
860 5047 959 5100 clotsu-
1012 5042 1139 5100 missa'm'
1151 5044 1190 5098 F’
