3608 5460
114 317 174 366 aar
196 318 383 368 tunicarum
787 297 874 379 625
1198 303 1418 372 1111111111Πῖ
1441 312 1553 367 11-17

115 456 206 526 coepit
223 461 321 526 putare
340 472 374 512 ex
393 471 477 518 cauae
495 458 665 514 donationis:
688 459 757 514 haee
775 475 819 515 raa
838 475 892 515 non
910 460 982 530 parit
1000 459 1158 531 petitionem
1178 475 1292 517 nonam:
1314 477 1378 516 uam
1397 461 1553 530 qualecum-

114 559 169 614 qnc
187 551 217 600 et
234 545 424 616 undecumque
442 546 592 602 dominium
610 547 777 618 adquisitum
795 548 904 619 habuit,
926 549 1112 604 uindicaticne
1130 549 1263 620 primatu
1281 549 1411 605 iudicium
1430 549 1553 604 deduxit.

81 639 96 685 t
114 630 144 689 Si
162 634 224 704 qnia
242 635 295 690 iter
311 635 431 706 petierit,
449 633 549 691 deiude
567 639 658 690 aetum
678 642 763 706 petet,
781 642 849 708 puto
867 636 966 692 fortine
984 635 1185 692 defendendum
1205 637 1278 692 alind
1298 637 1385 692 uideri
1403 642 1469 692 tnnc
1484 637 1553 706 peti·

81 725 187 792 ttnm,
212 723 286 779 aliud
305 739 391 793 nnnc,
415 728 499 794 atque
517 724 579 780 ideo
599 725 788 796 exceptionem
807 727 846 781 rei
865 725 1002 782 indicatae
1020 740 1138 781 eeeacre.
1175 727 1235 782 Hoc
1252 727 1311 782 iure
1329 727 1444 795 utimur,
1470 731 1501 781 nt
1519 741 1553 780 ex

112 816 192 879 parte
211 812 311 868 actoris
330 812 356 866 in
375 812 537 882 exceptione
555 813 594 868 rei
612 813 749 869 indicatae
767 813 819 870 bae
837 829 971 884 personae
990 815 1201 884 continerentur,
1220 830 1291 885 quae
1309 829 1366 870 rem
1381 816 1409 869 in
1422 814 1551 870 indicium
1571 825 1585 867 o

112 897 269 955 deducunt:
287 901 358 956 iuter
375 900 442 956 hoe¹
455 906 536 956 erunt
547 905 715 973 procuretur,
734 903 779 958 oui
797 903 957 959 mandatum
975 908 1026 974 eat,
1046 907 1128 972 tutor,
1146 908 1256 958 curator
1273 901 1367 958 feriori
1385 904 1429 958 uei
1448 903 1551 972 pupiiii,

112 991 191 1042 actor
208 988 375 1058 municipum
383 1006 394 1052 ι
408 1003 443 1046 ex
460 1005 579 1059 persone
597 995 688 1046 antem
708 990 747 1046 rei
765 991 848 1046 etiarn
867 990 996 1048 deicnaor
1014 991 1209 1060 numerabitur,
1228 991 1294 1060 quie
1312 991 1444 1046 aduersus
1458 990 1552 1046 desen·

79 1080 94 1128 1
112 1090 203 1131 aorem
222 1078 269 1147 qui
287 1078 353 1148 agit,
372 1077 446 1134 litem
466 1079 494 1134 in
512 1078 642 1135 iudicium
661 1079 781 1134 deducit
809 1079 837 1135 Si
856 1081 918 1150 quie
936 1079 1073 1136 bominem
1090 1078 1174 1135 atilio
1187 1078 1304 1134 familiae
1315 1080 1433 1150 petierit,
1451 1079 1552 1135 deinde

78 1163 231 1220 teundcm
257 1179 274 1220 a
295 1171 374 1236 patra
397 1170 488 1237 petat,
512 1168 601 1223 iocum
627 1167 712 1224 habet
734 1167 802 1223 baec
823 1168 957 1238 exceptio.
996 1167 1024 1224 Si
1043 1182 1126 1238 egem
1145 1183 1207 1223 cum
1226 1167 1317 1222 uicino
1336 1183 1424 1237 aquea
1442 1170 1551 1239 pluuiae

112 1252 257 1323 arcendae,
276 1254 377 1310 deinde
394 1257 525 1311 eitenrter
542 1261 664 1312 noctram
683 1255 825 1326 praedium
844 1255 1000 1312 condiderit
1018 1261 1047 1312 et
1065 1260 1172 1327 emptor
1187 1263 1252 1326 agat
1264 1257 1309 1310 uel
1322 1272 1383 1312 eum
1397 1273 1430 1312 ec
1444 1262 1550 1328 agatur,
1572 1267 1599 1306 ¹0

110 1339 182 1396 baec
199 1343 326 1413 exceptio
344 1349 439 1415 nocet,
462 1345 512 1400 aed
530 1344 566 1400 de
583 1359 617 1401 eo
636 1359 732 1415 opere,
757 1344 831 1415 quod
850 1345 904 1400 iam
924 1349 983 1400 erat
999 1342 1117 1414 sactum,
1142 1361 1204 1400 cunr
1223 1345 1354 1400 iudicium
1372 1347 1550 1416 acciperetur.
1662 1385 1665 1394 .

64 1434 94 1481 to
110 1428 181 1484 item
200 1430 225 1485 ai
242 1443 309 1502 rem,
327 1447 411 1503 qnam
430 1449 447 1488 a
463 1438 491 1488 tc
509 1433 635 1504 petierat,
653 1433 743 1489 Titiua
760 1433 869 1503 pignori
887 1431 951 1489 Seio
969 1431 1083 1503 dederit,
1102 1433 1202 1488 deiude
1215 1433 1294 1490 Scina
1310 1434 1491 1504 pignoraticia
1504 1436 1551 1490 ad·

110 1531 209 1573 uerene
227 1523 255 1573 tc
273 1525 373 1590 utatur,
392 1521 616 1592 distinguendum
635 1523 694 1592 erit,
713 1521 823 1592 quando
840 1521 948 1592 pignori
967 1521 1044 1576 dedit
1061 1522 1164 1577 Titine:
1186 1526 1216 1576 ct
1232 1523 1256 1576 ci
1274 1523 1384 1592 qnidam
1404 1529 1550 1594 antequem

110 1609 231 1676 peteret,
255 1622 309 1663 non
327 1613 437 1678 oportet
454 1611 480 1664 ci
498 1625 597 1666 nocere
616 1611 820 1680 exceptionem:
845 1625 907 1665 nem
927 1615 955 1666 et
971 1611 1016 1666 iile
1034 1613 1129 1681 petere
1147 1610 1244 1666 debuit
1261 1617 1290 1665 et
1308 1625 1360 1680 ego
1379 1613 1484 1667 caluam
1502 1611 1550 1667 ba-

110 1691 178 1748 bere
195 1693 284 1751 debeo
301 1697 509 1767 pignoraticiam
528 1699 672 1756 actionem.
698 1698 748 1756 ced
768 1699 791 1754 ai
808 1703 988 1772 poeteaqnam
1007 1701 1088 1770 petit,
1107 1700 1215 1770 pignori
1233 1698 1322 1768 dedit,
1341 1701 1430 1770 magia
1449 1705 1500 1770 cet,
1519 1705 1551 1756 ut
1571 1709 1599 1750 rc

111 1787 211 1838 noceat
228 1785 355 1855 exceptio
373 1786 413 1841 rei
430 1786 577 1843 iudicatae.

28 1867 93 1956 ⁸12
163 1872 283 1929 Praene
300 1871 370 1930 libro
382 1875 586 1946 septuagesimo
600 1875 634 1931 ad
647 1875 777 1932 edictum.
805 1875 874 1932 Cum
888 1876 1036 1947 quaeritur,
1056 1875 1124 1932 baec
1136 1877 1263 1947 exceptio
1276 1877 1374 1932 noceat
1393 1871 1549 1960 [Q
1584 1880 1611 1934 Ε
1660 1887 1662 1892 ·

111 1973 163 2017 uec
181 1975 225 2032 ne,
244 1961 443 2032 inspiciendum
462 1969 513 2034 cet,
532 1981 567 2019 an
586 1963 659 2019 idem
678 1979 777 2036 corpna
796 1965 841 2035 ait,

54 2045 93 2104 13
165 2049 316 2106 barnerus
342 2049 412 2106 irbro
439 2053 662 2124 ceptncgeneimo
688 2053 785 2123 quinto
806 2053 842 2108 ad
865 2053 994 2109 edictum.
1031 2053 1171 2123 quantitas
1194 2049 1383 2136 [ιιῖῖῖριιιι.
1403 2065 1547 2122 u.51,a,11
1583 2057 1611 2110 E

111 2136 218 2208 cedem
236 2137 308 2194 idem
328 2139 380 2209 ine,
1209 2129 1549 2137 *mm-
1568 2152 1597 2192 ac

53 2223 92 2283 14
164 2225 285 2283 Pennus
301 2227 371 2284 libro
389 2230 614 2300 septuagensimo
633 2231 668 2286 ed
687 2230 816 2286 edictum.
844 2234 873 2284 et
891 2245 926 2284 an
944 2227 1040 2284 cadem
1060 2243 1146 2284 cauca
1162 2229 1275 2298 petendi
1287 2234 1316 2284 ct
1327 2244 1372 2284 ea·
1390 2224 1548 2312 [effes-1}
1582 2233 1610 2286 Ε

110 2313 175 2370 deur
198 2315 321 2372 condicio
339 2331 531 2387 personarum:
554 2333 626 2389 quae
643 2319 697 2374 uici
714 2319 806 2375 omnia
824 2321 1002 2386 concurrunt,
1026 2317 1080 2372 ulia
1096 2332 1141 2371 ree
1160 2322 1210 2372 ert.
1242 2317 1314 2372 idem
1334 2333 1433 2387 corpua
1451 2319 1479 2371 in
1497 2317 1550 2372 hac

110 2405 274 2474 exceptione
296 2420 350 2460 non
368 2405 463 2476 utique
481 2408 555 2462 omni
573 2407 688 2478 pn'atina
705 2407 837 2477 qualitate
855 2406 901 2461 nel
918 2405 1072 2474 quantitate
1090 2411 1214 2475 seruata,
1238 2406 1313 2461 nulla
1331 2405 1484 2461 adiectione
1502 2404 1548 2460 de·

77 2503 90 2548 1
110 2492 298 2550 mtnnticucue
317 2491 398 2564 iacta,
418 2485 467 2550 ced
485 2495 615 2565 pinguius
633 2511 682 2566 pro
701 2495 838 2552 communi
857 2495 974 2550 utilitate
987 2493 1128 2564 accipitur.
1156 2494 1216 2564 Qui,
1235 2510 1297 2549 oum
1311 2511 1371 2566 par·
1392 2488 1548 2577 iffi}

108 2584 167 2636 tem
187 2597 254 2637 uena
271 2581 377 2638 tructna
395 2581 521 2654 haberet,
540 2589 629 2640 toturn
647 2585 731 2655 petit,
749 2585 773 2640 ci
791 2588 889 2654 poetae
905 2588 1010 2652 partem
1029 2581 1233 2638 adcrementum
1252 2587 1338 2653 petat,
1356 2598 1411 2638 non
1429 2598 1548 2638 cummo—
1568 2593 1597 2633 aa

75 2681 91 2726 a
110 2674 193 2725 uetnr
210 2671 380 2742 exceptione,
399 2673 464 2742 qnia
482 2687 548 2728 uena
566 2671 672 2728 fructur
690 2688 745 2728 non
763 2672 889 2743 portioni,
907 2671 957 2727 ced
975 2670 1078 2726 homini
1096 2671 1239 2726 adcrescit.
1269 2670 1280 2744 1
1300 2671 1432 2726 Actiones
1449 2671 1475 2724 in
1489 2684 1548 2740 per·
1566 2672 1650 2725 11061

109 2772 208 2814 conam
226 2759 262 2815 ab
281 2759 435 2816 actionibus
452 2761 480 2816 in
497 2775 555 2820 reru
574 2761 626 2817 boe
643 2760 782 2831 differunt,
800 2760 882 2830 qnod,
901 2775 963 2816 eum
982 2759 1079 2814 eadem
1097 2774 1141 2814 ree
1160 2759 1195 2816 cb
1213 2759 1310 2815 eodem
1329 2759 1394 2814 mibi
1406 2757 1548 2828 debeatur,

109 2847 234 2917 ringulae
252 2847 433 2919 obligationes
451 2849 576 2920 ringulae
594 2864 696 2906 caueae
714 2849 883 2920 coquuntur²
901 2863 952 2904 nee
970 2848 1026 2903 ulla
1043 2863 1136 2904 carram
1155 2849 1267 2904 alteriue
1278 2848 1410 2919 petitione
1422 2847 1548 2902 uitiatur:

109 2939 141 2990 at
158 2951 220 2992 cum
239 2937 266 2992 in
285 2952 342 2993 rem
362 2953 416 3008 ago
434 2955 488 2994 uon
507 2953 639 3010 exprecea
656 2953 754 3008 cauea,
776 2954 811 2994 cx
829 2953 884 3008 qua
902 2951 959 2992 rem
979 2951 1068 2992 meam
1087 2936 1242 3008 arcadico,
1261 2952 1356 2993 omnes
1374 2950 1549 3017 mejite

109 3025 244 3095 petitione
267 3025 518 3097 adprehenduntur,
554 3027 739 3098 nequeenim
764 3027 880 3096 amptiur
904 3039 987 3094 quam
1011 3026 1095 3080 semei
1120 3039 1164 3081 rec
1187 3040 1250 3081 mea
1269 3041 1331 3081 eece
1355 3012 1548 3099 QQQ
1567 3026 1596 3067 ⁸⁰

75 3123 90 3168 a
108 3115 211 3184 potcet,
230 3114 341 3184 ctepina
360 3120 451 3170 autern
471 3113 565 3171 deberi
583 3119 683 3186 puteat.
720 3112 750 3170 Si
768 3115 829 3185 qnia
847 3113 993 3170 interdicto
1011 3113 1099 3183 egerit
1117 3113 1152 3169 de
1170 3115 1352 3184 pocaeeaionc,
1371 3119 1469 3183 poatca
1491 3109 1548 3195 [qb]

108 3202 137 3257 in
156 3217 214 3257 rem
232 3217 319 3272 agene
337 3217 392 3258 non
410 3204 549 3274 repellitur
566 3219 615 3275 per
633 3203 837 3274 exceptionem,
860 3202 989 3273 quoniam
1007 3202 1036 3258 iu
1053 3201 1199 3258 interdicto
1217 3203 1368 3273 pocaeaaio,
1392 3202 1420 3257 in
1439 3201 1547 3257 actione

108 3291 263 3361 proprietac
281 3291 406 3346 uertitur.
1044 3283 1053 3304 ⁸
1252 3307 1255 3314 ·

51 3380 89 3437 15
163 3378 257 3436 Genua
279 3378 349 3436 libro
370 3379 530 3449 trigenaimo
554 3379 589 3434 ad
612 3379 732 3434 edietum
756 3379 931 3449 prouinciaie.
969 3378 998 3435 Si
1019 3379 1153 3434 interme
1171 3381 1245 3433 otte
1264 3383 1371 3434 contro-
1389 3372 1546 3462 [ᾗῇ]
1581 3382 1607 3436 Ε

108 3468 201 3524 nemia
223 3467 258 3522 de
278 3467 432 3524 hereditate
451 3469 488 3524 eit
505 3473 534 3523 et
551 3467 686 3538 quaedam
704 3483 748 3522 rcc
767 3481 802 3522 ex
820 3467 917 3523 eedem
935 3472 966 3524 tu
984 3467 1123 3538 poccidea,
1142 3466 1276 3536 quaedam
1294 3481 1362 3536 ego:
1385 3468 1450 3522 nihii
1469 3472 1547 3522 uetat
1566 3475 1594 3516 tc

108 3561 138 3612 et
154 3571 199 3612 me
217 3571 236 3612 a
253 3561 282 3612 tc
299 3561 328 3613 et
345 3557 463 3612 inuicem
482 3561 510 3611 te
527 3573 545 3612 a
562 3571 607 3612 me
625 3555 804 3612 hereditatem
823 3562 925 3626 petere.
953 3555 1028 3627 qnod
1046 3555 1071 3610 ai
1088 3559 1152 3625 poet
1169 3569 1227 3609 rem
1246 3554 1394 3610 iudicatam
1413 3571 1488 3610 ame
1499 3571 1546 3625 pe·

106 3648 167 3700 tere
185 3646 316 3716 cooperta,
334 3646 457 3714 intereat,
475 3647 567 3700 utrum
586 3659 675 3700 meam
694 3657 756 3699 ecce
773 3642 953 3700 hereditatem
972 3643 1178 3714 pronuntiatum
1197 3644 1233 3698 ait
1246 3659 1281 3698 an
1294 3648 1401 3698 eontra:
1420 3645 1444 3698 ai
1457 3659 1546 3698 meam

106 3747 183 3803 aare,
201 3733 313 3790 nocebit
329 3733 380 3790 tibi
398 3733 437 3820 rpi
455 3731 592 3789 iudicatae
611 3732 751 3803 exceptio,
769 3731 835 3801 quia
853 3747 886 3789 eo
904 3731 973 3803 ipeo,
992 3733 1067 3802 quod
1083 3745 1173 3786 meam
1192 3745 1254 3786 eece
1270 3731 1476 3800 pronuntiatum
1496 3738 1546 3799 eet,

107 3835 142 3877 ex
160 3822 270 3878 dinerco
288 3823 494 3893 pronuntiatum
513 3821 622 3878 uidetur
639 3825 715 3877 tuam
734 3833 789 3877 non
808 3835 884 3876 ecee:
904 3821 927 3876 ai
946 3836 1012 3878 uero
1030 3835 1119 3876 meam
1138 3833 1194 3875 uon
1212 3833 1282 3890 ecce,
1301 3819 1367 3875 nihil
1379 3820 1415 3876 de
1426 3825 1475 3875 tuo
1487 3821 1546 3875 iure

107 3910 256 3966 indicatum
275 3911 451 3982 intellegitur,
469 3909 534 3980 qnia
550 3914 643 3980 poteat
660 3925 711 3965 nco
729 3923 792 3965 rnca
810 3907 947 3966 hareditas
965 3924 1027 3966 ease
1045 3923 1097 3964 nec
1115 3913 1171 3964 tua.
1563 3917 1593 3957 ιο

45 3997 88 4058 16
160 3999 302 4056 immune
324 3999 393 4054 libro
412 3999 658 4069 quinquagensimo
676 3998 764 4068 prime
783 3998 961 4068 digeatorurn.
997 3997 1148 4052 Euidentcr
1166 3997 1237 4052 enim
1256 3996 1368 4065 iniquie-
1387 3992 1545 4080 [Q
1563 3999 1599 4053 'S

106 4087 206 4143 cimam
224 4093 268 4144 eat
285 4086 417 4159 proficere
435 4087 474 4142 rei
493 4086 630 4142 iudicatae
649 4088 838 4158 exceptionem
857 4087 891 4156 ei,
910 4091 1006 4143 contra
1024 4101 1104 4156 quern
1124 4084 1273 4140 iudicatum
1293 4085 1363 4140 eat’.

43 4175 87 4236 17
159 4177 255 4233 Genua
271 4176 340 4233 libro
357 4176 518 4246 trigcncimo
537 4173 573 4230 ad
591 4175 713 4232 edicturn'
730 4175 907 4247 prouinciaic.
942 4174 971 4230 Si
989 4189 1047 4230 rem
1066 4189 1155 4230 urcem
1174 4179 1237 4229 ate
1254 4173 1369 4243 petiero,
1388 4169 1544 4257 [ξι-Ἦ
1577 4177 1605 4230 Ε

104 4269 137 4320 tu
154 4269 247 4320 antem
266 4265 329 4322 ideo
346 4263 430 4321 fuerin
448 4265 599 4333 abaolutuc,
618 4265 693 4334 quod
710 4263 871 4336 probaueria
888 4264 947 4319 aine
960 4263 1023 4319 dolo
1036 4263 1107 4318 maio
1120 4267 1148 4317 te
1160 4261 1266 4316 decieec
1277 4261 1427 4332 possidere,
1446 4263 1545 4318 deinde

103 4359 205 4426 pcrtee
221 4353 345 4424 coeperis
362 4353 503 4426 possidere
522 4358 551 4409 et
568 4367 620 4423 ego
639 4369 657 4410 a
673 4358 703 4410 tc
720 4358 827 4426 petam:
846 4367 901 4409 non
919 4351 1029 4409 nocebit
1047 4349 1113 4407 mihi
1131 4351 1257 4420 exceptio
1275 4350 1315 4405 rei
1332 4350 1470 4407 indicetne
1477 4352 1497 4406 ³.
1564 4359 1593 4400 ⁴⁵

104 4451 300 4520 ramme)

106 4577 116 4611 ¹
136 4575 214 4630 utin
233 4575 394 4645 exceptione
468 4573 615 4629 deducunt.
634 4589 669 4628 ex
687 4578 766 4645 purte
784 4573 885 4630 actoris
902 4573 974 4628 inter
992 4572 1063 4628 boa?
1138 4572 1307 4643 'requiretur
1315 4575 1391 4645 sere:
1415 4568 1481 4626 mihi
1498 4569 1544 4624 de·

102 4643 205 4752 beatur
222 4661 257 4701 cx
272 4646 363 4736 cauata
381 4645 498 4701 diucraia
517 4647 637 4769 (ιισῆενι
655 4645 774 4717 tenetur),
793 4645 918 4716 ringulae
936 4643 1118 4714 obligationea
1136 4642 1259 4712 cingulas
1277 4657 1375 4698 caueae
1393 4647 1545 4712 coquuntur

136 4716 202 4786 §16
220 4719 339 4772 ccdcncrr
358 4717 443 4771 debuit
459 4722 518 4798 poet
535 4718 550 4769 1.

104 4847 354 4918 lqnaieeumqne]
381 4848 423 4912 F’,
451 4847 732 4918 quamqualegemque
761 4847 797 4900 F¹
850 4847 985 4920 χρεωειιζιο
1003 4865 1044 4900 nor
1064 4845 1165 4970 agisne
1183 4843 1330 4910 Merca.)
1376 4846 1410 4899 29
1424 4850 1495 4912 ago⁴
1509 4843 1544 4896 F'

102 4917 231 4974 ababa
253 4937 303 4972 om.
322 4917 357 4972 t*
431 4919 464 4974 13
491 4918 555 4973 din·
622 4917 733 4974 *endum
761 4919 797 4971 F²
850 4919 887 4974 30
905 4916 1076 4990 adpr‘a'eben
1097 4922 1180 4972 untur
1200 4917 1234 4968 Ρ
1296 4916 1331 4970 38
1349 4915 1432 4984 quod]
1451 4915 1549 4984 quoi*

100 4989 140 5046 22
158 4987 350 5045 aiia'c'rch⁸
403 4989 438 5044 27
457 5003 520 5046 cum
585 4989 733 5045 cmrccab
751 5003 797 5044 co·
850 4989 886 5045 43
904 4991 967 5044 t17
987 4994 1150 5044 continuetur
1167 4985 1366 5042 antecedenter
1616 5009 1629 5032 ο

100 5059 168 5116 dem
191 5059 258 5116 mibi
279 5059 422 5130 debeatur]
446 5058 492 5115 te‘u
516 5059 546 5114 'aa
572 5061 679 5116 uottdru
707 5061 798 5114 cirrdru
1282 5143 1320 5200 &Q

265 5150 294 5196 Π.
