4350 5438
278 256 325 303 ou
340 256 601 305 rnoxunumors.
632 257 857 306 ononnsraus
951 235 1034 314 931

893 491 894 498 Ν
945 495 1057 579 Xllll.

703 647 741 724 tc
780 646 845 722 DE
872 646 1214 726 PROXENETICIS
1254 648 1292 725 tc
1396 587 1405 602 Χ

243 822 258 877 1
334 818 485 875 Uormnus
503 819 572 874 libro
590 819 821 889 quadragensimo
839 821 961 876 secundo
979 824 1015 876 ud
1032 820 1173 877 Sabinum.
1210 821 1390 876 Proxenetica
1407 821 1466 877 iure
1484 821 1558 878 licito
1576 825 1717 890 petuntur.
1736 823 1757 876 S

241 911 261 966 2
334 909 410 963 loen
428 908 497 964 libro
515 908 675 976 trigensimo
693 909 781 979 primo
800 908 835 964 nd
854 909 983 965 edietum.
1014 910 1043 966 Si
1055 914 1207 980 proxeneta
1224 909 1403 964 interuenerit
1422 907 1540 964 faciendi
1559 905 1758 992 [fflffis

280 997 412 1066 nominis,
436 1003 467 1052 nt
486 997 563 1050 multi
581 997 683 1067 solent,
706 997 851 1052 uideamus
869 1013 905 1052 an
923 999 1013 1068 possit
1030 999 1110 1068 quasi
1129 998 1273 1054 mandator
1291 997 1387 1052 teneri.
1415 1001 1444 1053 et
1462 1013 1516 1054 non
1534 1006 1602 1068 puto
1621 987 1716 1070 moeri,
1736 1013 1750 1054 o

280 1085 345 1154 qnia
363 1084 408 1138 hic
426 1089 560 1140 monstret
578 1086 667 1154 magis
685 1101 785 1141 nomen
806 1101 888 1156 quam
913 1087 1039 1155 mandat,
1062 1087 1173 1142 tametsi
1197 1087 1292 1142 laudet
1315 1102 1426 1142 nomen.
1452 1087 1525 1142 idem
1543 1087 1619 1157 dico,
1643 1094 1672 1144 et
1694 1089 1717 1144 si

280 1173 382 1241 aliquid
400 1171 585 1243 philanthropi
604 1175 713 1230 nomine
732 1175 881 1244 acceperit:
901 1190 952 1230 nec
970 1190 1005 1231 ex
1022 1176 1112 1231 locato
1131 1175 1267 1230 conducto
1286 1176 1338 1230 erit
1356 1176 1437 1231 actio.
1464 1176 1546 1246 plene
1565 1177 1589 1232 si
1608 1176 1671 1232 dolo
1689 1182 1718 1233 et

280 1261 429 1316 calliditate
447 1263 608 1316 creditorem
629 1263 847 1332 circumnenerit,
866 1263 901 1318 de
920 1261 983 1319 dolo
1002 1265 1109 1319 actione
1127 1262 1274 1319 tenebitur.

241 1353 260 1412 3
333 1349 412 1405 lusu
429 1350 498 1406 libro
517 1357 615 1406 octauo
635 1351 669 1406 de
688 1351 815 1406 omnibus
832 1352 1024 1428 tribunalibus.
1061 1353 1103 1408 De
1121 1353 1312 1422 proxenetioo,
1337 1350 1411 1420 quod
1435 1356 1464 1408 et
1486 1367 1542 1407 sor·
1561 1349 1759 1435 [fflffis

280 1437 390 1506 didam,
410 1440 499 1494 solent
516 1439 657 1509 praesides
676 1455 856 1508 cognoscere:
881 1441 921 1496 sic
939 1445 1045 1509 tamen,
1069 1443 1101 1496 ut
1119 1446 1148 1496 et
1164 1441 1193 1496 in
1211 1440 1253 1495 his
1272 1439 1370 1496 modus
1388 1455 1450 1495 esse
1469 1440 1570 1496 debeat
1587 1447 1616 1497 ot
1629 1430 1718 1513 quun-
1739 1455 1766 1494 ro

279 1527 368 1582 titatis
386 1531 414 1582 et
432 1529 546 1597 negotii,
565 1529 592 1582 in
612 1544 666 1597 quo
685 1530 798 1598 operula
815 1530 869 1583 ista
887 1527 1010 1584 defuncti
1028 1534 1093 1584 sunt
1111 1529 1122 1600 l
1142 1535 1171 1584 ct
1189 1529 1368 1586 ministerium
1387 1529 1549 1598 qualequale
1566 1545 1718 1588 accomm-
1736 1539 1753 1586 l.
1764 1540 1809 1587 tte

279 1615 441 1670 dauorunt¹.
470 1615 595 1671 facilius²
613 1616 687 1685 quod
711 1616 809 1672 Graeci
832 1617 1018 1683 ὲριιιιιεγιικὸι
1042 1619 1195 1688 appellant,
1218 1618 1276 1686 peti
1300 1616 1375 1686 apud
1399 1631 1446 1672 eos
1470 1619 1585 1688 poterit,
1610 1619 1719 1688 siquis

279 1702 351 1760 sorte
370 1703 538 1760 condicionis
562 1706 606 1760 nel
631 1705 767 1760 amicitiae
792 1705 837 1760 uel
861 1705 1025 1762 adsessores
1049 1707 1094 1760 uel
1117 1706 1196 1760 cuius
1221 1705 1333 1760 alterius
1357 1705 1546 1762 huiuscemodi
1569 1713 1720 1777 proxeneta

278 1791 345 1848 fuit:
364 1797 429 1848 sunt
447 1793 519 1848 enim
537 1791 692 1848 huiusmodi
711 1793 849 1850 hominum
870 1796 913 1859 (ut
931 1803 957 1848 tn
975 1802 1028 1848 tam
1046 1807 1148 1862 magna
1160 1794 1283 1860 ciuitate)
1301 1792 1437 1849 officinae.
1466 1799 1509 1848 est
1531 1797 1602 1850 onim
1621 1810 1719 1866 proxe-

280 1888 405 1936 netarum
425 1881 531 1950 modus,
550 1882 597 1950 qni
616 1881 800 1952 emptionibus
819 1881 1038 1952 conditionibus,
1057 1882 1240 1952 commerciis,
1259 1881 1446 1938 contractibus
1463 1881 1546 1938 licitis
1563 1883 1644 1938 utiles
1663 1898 1718 1940 non
1739 1895 1768 1938 re

280 1969 351 2025 adeo
368 1969 541 2041 improbabili
560 1985 635 2026 more
653 1985 683 2026 se
702 1969 859 2026 exhibente

957 2175 1044 2261 XV.

767 2330 805 2407 it
844 2329 909 2405 DE
937 2326 1163 2406 CENSIBUS
1203 2327 1241 2405 tt
1737 2340 1811 2395 apa

242 2511 259 2568 1
335 2501 486 2558 Urmrnnus
502 2501 572 2557 libro
590 2502 678 2572 primo
697 2501 732 2557 de
750 2502 887 2558 censibus.
924 2501 1071 2558 Sciendum
1094 2507 1138 2557 est
1160 2516 1222 2556 esse
1243 2501 1376 2570 quasdam
1395 2500 1516 2557 colonias
1534 2501 1601 2556 iuris
1619 2501 1716 2572 Italici,
1736 2499 1771 2553 S·
1874 2573 1876 2578 Ι

280 2595 313 2646 ut
330 2598 374 2646 est
390 2592 418 2646 in
431 2590 512 2662 Syria
529 2591 665 2648 Phoenice
683 2591 906 2660 splendidissima
917 2592 1063 2662 Tyriorum
1082 2591 1197 2660 colonia,
1216 2590 1289 2645 unde
1308 2589 1373 2645 mihi
1391 2591 1469 2660 origo
1487 2593 1538 2658 est,
1558 2589 1655 2646 nobilia
1674 2606 1715 2646 re·
1736 2600 1765 2640 ao

280 2679 417 2750 gionibus‚
436 2681 505 2735 serie
524 2682 695 2736 saeculorum
714 2681 912 2750 antiquissime,
930 2681 1107 2750 armipotens,
1125 2677 1244 2735 foederis
1262 2679 1336 2748 qnod
1355 2694 1417 2734 cum
1433 2679 1564 2736 Romanis
1581 2679 1717 2749 percensuit

281 2769 470 2824 tenacissime:
495 2768 558 2824 huic
576 2771 649 2825 enim
667 2769 748 2825 diuus
767 2769 886 2825 Seuerus
909 2775 938 2824 et
960 2769 1109 2838 imperator
1126 2771 1219 2822 noster
1242 2766 1278 2823 ob
1297 2769 1435 2837 egregiam
1455 2769 1483 2822 in
1501 2783 1557 2824 rem
1577 2765 1715 2838 publicam

247 2873 260 2916 1
281 2856 479 2926 imperiumque
497 2857 651 2913 Romanum
669 2859 803 2928 insignem
828 2856 911 2913 iidem
929 2858 973 2912 ius
991 2858 1115 2912 Italicum
1138 2855 1229 2910 dedit:
1254 2855 1310 2911 Sed
1333 2861 1362 2912 et
1379 2857 1539 2928 Berytensis
1562 2857 1670 2912 colonia
1687 2857 1716 2912 in

280 2945 378 2999 eadem
396 2945 538 3014 prouincia
555 2946 676 3015 Augusti
700 2945 840 3001 beneficiis
863 2946 987 3014 gratiose
1009 2949 1039 3000 et
1061 2947 1103 3012 (nt
1126 2943 1208 3000 diuus
1226 2944 1382 3000 Hadrianus
1405 2945 1432 3000 in
1456 2944 1573 3014 quadam
1593 2946 1716 3000 oratione

246 3049 263 3094 a
281 3033 331 3098 ait)
344 3033 509 3102 Augustana
527 3035 643 3102 colonia,
660 3049 732 3104 qnae
750 3035 793 3090 ius
811 3035 936 3090 italicum
954 3033 1046 3088 habet.
1076 3033 1128 3087 list
1145 3037 1174 3087 ct
1185 3033 1397 3103 Heliupolitana,
1416 3047 1487 3102 quae
1505 3032 1600 3090 adino
1612 3031 1716 3090 Seuero
1735 3041 1764 3083 ιδ

246 3136 330 3192 epar
353 3121 417 3176 belli
442 3123 530 3177 ciuilis
553 3123 726 3178 occasionem
749 3123 862 3178 Italicae
886 3123 1010 3178 coloniae
1034 3137 1091 3176 rem
1115 3119 1252 3192 publicem
1277 3122 1392 3191 accepit.
1434 3121 1487 3176 Est
1509 3127 1538 3176 et
1560 3122 1717 3178 Laodicena

281 3211 388 3266 colonia
411 3211 439 3265 in
457 3210 538 3281 Syria
554 3202 652 3279 Coele,
676 3211 720 3266 cui
743 3211 825 3266 diuus
843 3211 963 3266 Seuerus
986 3209 1029 3264 ius
1048 3211 1172 3266 Italicum
1197 3209 1233 3266 ob
1256 3209 1320 3266 belli
1343 3211 1432 3266 ciuilis
1456 3211 1554 3267 merita
1571 3211 1716 3267 concessit

280 3299 525 3354 Ptolemaeensium
544 3299 615 3355 enim
635 3300 755 3369 colonie,
774 3315 846 3370 quae
864 3301 936 3354 inter
953 3299 1107 3354 Phoenicen
1126 3303 1155 3354 et
1172 3300 1353 3355 Palaestinam
1373 3301 1500 3367 aliaest,
1524 3298 1589 3355 nihil
1607 3303 1717 3369 praeter

245 3401 263 3446 4
281 3401 381 3442 nomen
399 3387 522 3442 coloniae
541 3387 632 3443 habet.
669 3388 725 3444 Sed
743 3393 771 3444 et
789 3389 936 3444 Emisenae
955 3387 1061 3443 ciuitati
1079 3386 1231 3443 Phoenices
1248 3389 1397 3459 imperator
1421 3393 1515 3443 noster
1532 3388 1575 3442 ius
1593 3388 1716 3444 coloniae

246 3489 262 3534 t
281 3473 358 3530 dedit
375 3477 495 3546 iurisque
513 3477 600 3531 italici
619 3492 680 3532 eam
698 3476 773 3533 lecit.
802 3479 854 3534 Est
871 3482 900 3534 et
911 3477 1075 3548 Palmyrena
1093 3476 1191 3531 ciuitas
1209 3477 1237 3531 in
1249 3476 1391 3546 prouincia
1403 3475 1539 3532 Phoenice
1556 3489 1643 3545 prope
1655 3473 1716 3529 bar·
1735 3483 1765 3524 ao

246 3562 362 3622 aberas
381 3569 478 3634 gentes
497 3569 526 3620 ct
542 3567 668 3621 nationes
686 3567 828 3622 collocata.
864 3567 896 3622 In
914 3566 1071 3621 Palaestina
1089 3564 1160 3620 duae
1185 3563 1294 3620 suerunt
1318 3564 1454 3633 coloniae,
1479 3563 1665 3619 Caesariensis
1688 3567 1717 3618 et

247 3652 361 3710 thella
379 3652 546 3723 Capitolina,
572 3654 621 3709 sed
645 3661 742 3709 neutra
766 3655 808 3709 ius
826 3655 952 3709 Italicum
976 3653 1068 3709 hebet
1105 3653 1194 3708 Diuus
1219 3667 1328 3722 quoqne
1347 3651 1466 3708 Seuerus
1489 3652 1517 3706 in
1535 3650 1716 3707 Sebastenam

247 3755 262 3801 e
280 3741 420 3796 ciuitatem
440 3743 573 3798 coloniam
593 3742 716 3798 deduxit.
747 3743 778 3797 In
790 3743 878 3797 Dacia
895 3757 1005 3812 quoque
1023 3742 1199 3796 Zernensium
1219 3741 1326 3796 colonia
1344 3756 1361 3795 a
1379 3741 1444 3796 diuo
1462 3741 1581 3796 Traiano
1599 3739 1719 3796 deducta

247 3842 262 3888 9
280 3829 348 3884 iuris
366 3830 453 3886 Italici
471 3837 522 3886 cst.
546 3832 767 3902 Zarmiaegctusa
785 3846 894 3902 quoque
913 3830 1035 3886 eiusdem
1055 3831 1122 3886 iuris
1140 3834 1196 3885 cst:
1215 3830 1280 3886 item
1293 3829 1463 3900 Napocensis
1481 3829 1590 3885 colonia
1601 3828 1718 3899 etApo·

279 3944 475 4015 mardoo)

282 4123 291 4157 ¹
310 4129 349 4175 sis
366 4123 458 4176 ordino
477 4129 500 4176 st
518 4125 637 4176 emenda:
657 4122 700 4177 De
717 4123 901 4192 proxenetico‚
920 4123 1106 4192 qu[amquam]
1126 4122 1191 4192 e[s1t
1209 4125 1257 4186 (stc
1275 4121 1346 4187 Hal.)
1365 4119 1514 4188 sordidum,
1533 4120 1623 4175 solent
1639 4135 1717 4190 prae-

280 4191 355 4246 sides
374 4207 554 4260 cognoscere:
572 4198 616 4248 est
633 4195 705 4249 enirn
725 4199 936 4264 proxenetarnm
955 4193 1077 4263 [gen]us,
1095 4193 1143 4262 qui
1161 4191 1345 4263 emptionibus
1363 4191 1567 4247 conditionibus
1586 4205 1717 4246 commer-

281 4263 331 4317 ciis
350 4263 537 4318 contrectibus
554 4265 635 4318 licitis
654 4266 734 4320 utiles
752 4279 807 4319 non
826 4264 895 4320 adeo
914 4263 1087 4334 improbabili
1106 4279 1181 4319 more
1199 4281 1229 4319 se
1248 4263 1390 4318 exhibent:
1415 4264 1455 4317 sic
1478 4269 1571 4317 tamen
1594 4269 1625 4316 ιιι
1642 4266 1671 4316 ct
1689 4263 1717 4317 in

280 4333 323 4388 his
341 4333 440 4390 modus
459 4350 520 4390 esse
539 4335 639 4390 debeat
657 4343 686 4390 et
703 4337 865 4405 quantitatis
939 4357 964 4389 c.
975 4337 1010 4390 14
1027 4333 1154 4390 officinae
1224 4335 1236 4371 ²
1255 4333 1394 4390 difficilius
1411 4338 1447 4400 (u.
1464 4335 1534 4388 u.10
1551 4339 1580 4388 et
1598 4333 1626 4388 in
1644 4332 1718 4400 his)?

603 4445 708 4454 -ι--ι

280 4501 493 4572 2proxeniticis
508 4504 559 4556 ind.
573 4504 599 4555 F
641 4502 711 4558 eso
724 4523 772 4557 om.
788 4504 813 4555 F
853 4503 972 4572 dprimo
1025 4500 1119 4558 nie'e'e
1145 4501 1182 4555 F‘
1252 4503 1288 4556 32
1315 4505 1489 4558 senestenam
1518 4502 1554 4554 F²
1626 4501 1662 4556 ³3
1689 4500 1718 4556 in

280 4593 330 4627 om.
344 4573 380 4626 1²¹
435 4571 672 4642 Sproxen'betico
688 4573 722 4626 Ρ*
776 4576 807 4628 11
828 4574 978 4642 negotioF
1025 4573 1113 4641 dacia]
1134 4573 1269 4627 secundum
1290 4573 1316 4626 B
1333 4571 1384 4641 (asi
1405 4570 1433 4625 ἐιι
1447 4572 1527 4642 Assia
1546 4570 1560 4623 ἡ
1579 4571 1635 4624 adua
1653 4573 1719 4640 Zep-

282 4645 316 4698 13
335 4643 542 4698 huiuscemodi
563 4643 597 4696 F‘
657 4645 690 4699 14
710 4645 738 4698 in
759 4644 826 4712 tam]
846 4645 889 4698 Μ’
908 4645 972 4709 οιίἀ.,
1026 4641 1717 4712 asellasdaorsis)Ouiucius(obs.10,35),indioiaFl

280 4722 336 4768 tam
356 4716 383 4769 in
400 4713 590 4778 delttcoO,
607 4719 664 4770 tam
682 4714 723 4770 X‘
777 4717 812 4770 20
829 4713 972 4784 phoe'bls'·
1026 4713 1207 4782 deruentium]
1231 4723 1269 4768 sic
1287 4715 1406 4776 Fracte,
1429 4715 1485 4766 τώιι
1505 4713 1658 4782 Zspuucimrs
1678 4713 1719 4766 B:

280 4787 341 4840 nice
354 4786 389 4838 ps
435 4787 470 4840 23
483 4785 532 4840 sed
542 4791 588 4840 *et*
598 4785 753 4856 berytensis
763 4787 800 4838 F’
847 4787 972 4841 24*o⁴ra-
1026 4787 1089 4840 αιιὺι·
1104 4793 1140 4840 est
1152 4785 1324 4840 Tsiernensis
1342 4785 1425 4838 statio
1439 4785 1481 4848 (0.
1491 4785 1513 4837 Ι.
1524 4785 1554 4837 L.
1566 4783 1618 4845 111,
1630 4783 1718 4852 1568),

279 4858 354 4911 tione
369 4857 404 4908 F'
456 4857 491 4911 25
509 4857 674 4926 augustana]
688 4858 732 4920 F1,
750 4857 898 4925 augustine
910 4858 947 4909 F¹
967 4857 970 4924 Ι
1027 4858 1122 4926 dispas
1147 4855 1264 4918 (Ptolem.
1278 4855 1303 4919 3,
1320 4855 1346 4918 8,
1365 4857 1424 4924 10),
1447 4854 1549 4908 Tierua
1571 4854 1719 4924 (Pectine).

280 4927 495 4998 heliopolitano
522 4929 559 4992 F’¹
656 4929 691 4981 28
717 4929 927 4995 ptolemeusium
954 4927 979 4979 F
1026 4931 1059 4994 cf.
1073 4929 1102 4982 0.
1117 4928 1138 4980 l.
1152 4927 1184 4980 L.
1198 4926 1247 4980 ΙΙΙ
1254 4946 1280 4996 p.
1291 4926 1344 4979 248
1364 4929 1368 4992 Ι
1389 4923 1514 4981 treblano
1533 4925 1559 4978 F
1606 4924 1642 4978 34
1660 4939 1718 4978 aar·

280 5000 315 5056 29
328 4999 371 5054 ius
383 4999 508 5056 coloniuo
527 4997 603 5054 dedit
615 4999 742 5068 iurasque
756 4999 792 5052 F¹
840 4999 875 5054 30
889 4997 972 5068 phoe-
1027 4996 1216 5068 miaegothusa
1235 4997 1274 5065 Fl
1290 4997 1405 5066 colonia]
1425 4995 1549 5052 coloniae
1568 4994 1606 5048 F’

1448 5082 1509 5140 59*
