3316 5454
211 287 348 355 Xlllllll
369 289 389 354 2
410 295 526 350 38-43
885 281 974 363 514
1074 231 1077 246 Ι
1263 304 1311 352 os
1333 265 1610 361 decumanorum

179 455 193 500 2
211 442 295 514 finnt,
313 459 395 514 quam
415 443 539 498 condicio
558 443 703 498 exstiterit.
735 441 764 498 Si
781 444 819 513 is,
838 443 885 513 qui
904 442 978 498 Titio
996 455 1105 498 menum
1129 439 1305 512 uendidarat,
1324 440 1419 496 heredi
1437 440 1493 496 aius
1509 455 1559 498 auu
1570 450 1610 502 tro

212 531 325 602 diderit,
352 533 454 602 poterit
481 531 560 586 heres
588 547 679 587 rarum
705 530 929 587 hereditariarum
953 531 1155 601 possessiouem
1177 546 1227 600 per
1250 545 1313 586 eum
1337 529 1543 600 adprehendere,
1565 536 1611 602 quis

211 637 267 676 non
284 635 381 676 seruus
399 623 458 675 iure
476 619 653 690 hereditario,
672 621 722 676 sed
741 621 812 676 actio
830 635 865 675 ex
884 625 976 690 empto
995 619 1030 674 ad
1048 634 1111 674 eum
1129 619 1269 688 peruenit:
1295 635 1360 674 nam
1378 618 1447 672 etsi
1465 632 1497 672 ex
1513 619 1610 689 stipulam

212 709 256 764 uel
279 724 315 764 ex
337 713 504 764 testamento
528 724 625 764 seruus
648 709 775 764 testatori
793 707 903 763 debitus
921 706 1019 764 luisset
1036 711 1066 762 at
1082 707 1161 763 heles
1180 723 1242 764 aum
1261 708 1431 777 accepisset,
1453 721 1504 762 non
1519 707 1610 776 prchbe

211 803 287 853 retur
303 812 394 854 rerum
412 797 637 852 hereditariarum
655 798 859 867 possessiouem
877 811 927 866 par
946 796 1064 851 eundem
1083 795 1235 866 adquirere.
1623 811 1632 852 ι

154 884 193 943 39
264 886 342 940 lanu
359 885 428 942 libro
447 887 568 941 secundo
586 901 621 941 ex
640 886 757 941 llinicio.
784 886 921 940 Interesse
939 891 1015 954 pute,
1033 899 1090 954 qua
1107 889 1199 940 mente
1215 884 1289 954 apud
1301 887 1474 953 sequeshum
1491 876 1637 968 Q&

212 973 359 1044 deponitur
375 989 428 1029 res.
460 990 523 1030 nam
543 975 567 1029 si
584 973 753 1030 omittendae
771 974 952 1044 possessionis
970 989 1055 1028 causa
1073 978 1101 1028 et
1118 972 1170 1028 hoc
1188 977 1283 1042 aperte
1301 971 1385 1027 suerit
1401 970 1574 1042 approbatum,
1586 975 1612 1028 ad

211 1063 406 1132 usucapionem
425 1063 564 1133 possessio
581 1064 641 1118 eius
658 1061 783 1133 partibus
801 1077 856 1116 non
874 1061 1049 1131 procederet:
1074 1066 1104 1116 st
1121 1062 1145 1116 si
1163 1061 1306 1116 costodiae
1324 1075 1412 1115 causa
1429 1060 1612 1130 deponatnr,rd

211 1151 407 1220 usucapionem
425 1167 487 1206 eam
505 1153 707 1221 possessionem
726 1151 824 1205 uictori
841 1149 989 1220 procedere
1008 1154 1125 1206 constat
1624 1162 1633 1201 ι

72 1285 77 1290 .
153 1239 194 1296 40
264 1239 437 1295 Ararosuos
454 1239 523 1295 libro
541 1240 659 1310 septimo
676 1240 877 1310 quaestionum.
914 1236 944 1292 Si
962 1238 997 1293 de
1015 1253 1049 1294 eo
1067 1237 1166 1307 fundo,
1191 1251 1287 1307 quem,
1306 1253 1369 1292 cnm
1387 1237 1474 1306 possi·
1504 1247 1638 1304 saecul

211 1327 318 1397 darem,
342 1328 450 1397 pignori
474 1327 524 1383 tibi
542 1328 619 1398 dedi,
644 1343 740 1384 seruus
758 1331 824 1382 tuus
842 1333 870 1381 te
888 1326 1002 1396 deiciat,
1026 1326 1117 1381 adhue
1134 1330 1163 1380 te
1181 1325 1322 1396 possidere
1341 1326 1394 1395 ait,
1418 1311 1612 1394 quoniffmhh

180 1424 191 1468 1
212 1417 303 1472 minus
320 1432 370 1487 per
387 1418 477 1486 ipsum
495 1431 605 1472 seruum
623 1417 826 1486 possessionem
844 1415 972 1470 moneas
1000 1413 1029 1470 Si
1048 1413 1119 1470 sorte
1137 1415 1258 1483 colonus,
1276 1429 1328 1484 per
1345 1429 1427 1484 quem
1445 1414 1558 1469 domium
1568 1430 1613 1484 pos·

211 1505 322 1574 siderat,
341 1504 532 1560 decessissetb
559 1509 672 1575 propter
689 1505 833 1558 utilitatem
853 1510 993 1574 receptum
1012 1509 1068 1574 est,
1087 1509 1118 1558 ut
1135 1518 1185 1572 per
1202 1503 1329 1558 colonum
1348 1502 1486 1572 possessio
1503 1507 1529 1557 et
1541 1503 1613 1558 retae

211 1597 287 1648 ratur
304 1599 333 1648 at
351 1593 566 1648 continereturi:
590 1608 645 1662 quo
663 1597 771 1648 mortno
789 1608 844 1647 non
863 1593 956 1648 atatim
974 1591 1120 1648 dicendum
1139 1607 1199 1647 eam
1216 1591 1397 1661 interpellari,
1421 1589 1470 1646 sad
1487 1595 1544 1645 tunc
1559 1593 1567 1652 l
1580 1591 1635 1645 dal

211 1696 301 1750 mum,
325 1695 387 1735 curn
411 1681 538 1736 dominus
560 1683 762 1750 possessionem
785 1682 872 1752 apisci
895 1681 1055 1751 neglexerit
1090 1680 1164 1736 aliud
1187 1679 1401 1734 existimandum
1419 1679 1470 1748 ait,
1493 1679 1614 1734 sicolonns
1626 1687 1643 1729 ιι

211 1773 310 1840 sponte
327 1771 501 1839 possessione
519 1771 684 1825 discesserit.
713 1771 763 1825 sed
780 1769 849 1824 haec
866 1770 907 1824 ita
924 1783 987 1824 esse
1004 1783 1079 1838 uera,
1098 1769 1122 1822 si
1139 1782 1221 1824 nemo
1238 1771 1386 1823 arcanam
1398 1781 1458 1822 eam
1471 1781 1523 1822 rem
1533 1768 1612 1822 interm

179 1867 194 1910 s
211 1857 374 1927 possederit,
393 1857 443 1912 aad
461 1873 570 1928 semper
587 1859 615 1913 in
633 1858 785 1913 hereditate
803 1859 893 1914 coloni
910 1858 1049 1912 manserit.
1079 1856 1195 1912 Seruum
1213 1862 1291 1912 tuum
1310 1855 1415 1912 aTitio
1433 1855 1503 1910 bona
1518 1853 1562 1910 ide
1575 1855 1613 1910 eni

212 1953 241 2002 et
262 1945 393 2002 maditum
417 1946 541 2016 possedi,
564 1947 664 2002 deinde
682 1963 745 2002 cum
764 1947 956 2016 comperissem
976 1952 1053 2000 tuum
1072 1961 1148 2014 esse,
1173 1960 1208 2000 na
1226 1959 1289 2000 eum
1307 1949 1431 2016 peteres,
1454 1945 1536 2000 celare
1550 1943 1612 2014 coepi

211 2051 266 2091 non
289 2035 351 2090 ideo
374 2035 463 2103 magis
485 2034 538 2090 hcc
561 2041 685 2105 tempore
703 2037 772 2090 clam
791 2035 933 2106 possidere
951 2034 1039 2090 uideri
1057 2049 1101 2089 me
1120 2035 1172 2089 ait:
1196 2049 1260 2090 nam
1278 2039 1353 2089 retro
1370 2048 1493 2104 quoque,
1514 2033 1612 2087 uadens

211 2129 288 2178 tuum
308 2138 418 2178 seruum
438 2137 492 2177 nou
510 2139 528 2178 a
546 2123 656 2179 domino
675 2125 786 2179 emerim
805 2130 841 2194 et,
860 2140 920 2180 anm
939 2125 1009 2178 clam
1028 2138 1091 2178 eum
1109 2121 1249 2192 possidere
1264 2122 1426 2192 coepissem,
1444 2125 1534 2191 postes
1543 2120 1642 2176 eruo-u

179 2219 194 2264 s
212 2227 269 2268 rem
287 2217 315 2266 te
333 2211 452 2279 fecerim,
471 2227 526 2266 non
544 2211 607 2267 ideo
627 2211 753 2267 desinere
769 2227 813 2268 me
826 2213 897 2268 clam
908 2211 1058 2282 possidere.
1086 2209 1116 2266 Si
1128 2225 1237 2266 seruum
1250 2225 1342 2266 meum
1355 2209 1445 2266 bonae
1455 2208 1516 2264 fidei
1526 2208 1612 2278 emptori

212 2301 282 2355 clam
301 2299 475 2369 abduxerim,
499 2300 642 2369 respondit
659 2316 715 2356 ιιοιι
734 2301 820 2355 uideri
837 2315 882 2356 me
900 2299 970 2355 olam
988 2299 1144 2370 possidere,
1167 2299 1248 2369 quis³
1266 2313 1356 2368 naqnc
1374 2298 1489 2369 precarii
1505 2298 1611 2366 rogation

212 2402 302 2458 neque
320 2388 503 2443 conductione
521 2403 588 2444 suae
605 2389 645 2443 rei
662 2389 803 2444 dominum
821 2389 909 2446 tanen
926 2393 956 2444 et
973 2403 1027 2443 non
1047 2402 1129 2458 posse
1145 2401 1257 2442 causam
1269 2387 1457 2443 clandestinas
1468 2385 1610 2457 ροιιωιίοιίι

212 2475 248 2531 ab
265 2475 309 2530 his
327 2474 434 2530 duabus
453 2477 544 2531 canusia
561 2478 690 2546 separari.
1620 2481 1639 2521 ¹⁴

153 2562 192 2619 41
265 2564 384 2619 Paucos
405 2564 473 2619 libro
492 2565 579 2634 primo
598 2565 809 2620 institutionum.
845 2564 897 2630 Qui
915 2564 974 2620 iure
994 2562 1184 2619 familiaritatis
1202 2563 1282 2618 amici
1300 2562 1416 2619 fundum
1435 2563 1473 2619 in·
1491 2555 1609 2646 Q
1619 2563 1633 2616 l

211 2652 349 2722 graditur,
367 2667 422 2707 non
440 2652 550 2708 uidetur
567 2653 722 2724 possidere,
742 2655 880 2724 quianon
898 2667 932 2708 eo
949 2653 1041 2708 animo
1059 2653 1200 2722 ingramus
1217 2657 1273 2723 est,
1292 2657 1324 2708 ut
1340 2652 1489 2723 possideat,
1505 2653 1558 2706 lieet
1569 2665 1608 2704 ccr-

211 2755 278 2810 pora
297 2741 326 2794 in
342 2738 429 2796 londo
447 2741 491 2796 sit

152 2827 192 2884 42
264 2827 415 2883 Uarianos
432 2827 501 2884 libro
519 2833 617 2898 quarto
635 2831 800 2900 regularum.
828 2829 987 2886 Communis
1004 2843 1102 2884 sarnus
1120 2828 1229 2884 ehamd
1246 2827 1282 2884 ab
1300 2843 1357 2885 uno
1375 2845 1411 2884 ex
1425 2827 1472 2884 dc·
1490 2810 1631 2904 ΜΕ

178 2927 190 2971 1
211 2916 291 2971 minis
309 2917 430 2971 omnium
448 2917 558 2973 nomina
574 2917 756 2990 possideatur,
775 2919 810 2976 ab
822 2917 949 2976 omnibus
961 2917 1095 2988 possideri
1108 2917 1283 2986 intellegitur.
1309 2919 1473 2974 Procurator
1489 2908 1607 3001 Q

211 3006 235 3060 si
252 3004 362 3075 quidem
381 3005 529 3061 mandante
547 3005 657 3062 domiuo
676 3023 733 3064 ram
752 3009 861 3078 emerit,
886 3007 1011 3078 protinus
1029 3005 1066 3061 illi
1085 3007 1204 3076 adquirit
1220 3007 1440 3078 pomessionem:
1463 3006 1634 3078 quadrimo

210 3099 309 3164 sponte
326 3095 431 3163 emerit,
449 3109 504 3150 non
522 3095 574 3150 nisi
592 3101 680 3151 ratam
698 3095 824 3152 habuerit
841 3095 970 3151 dominus
987 3095 1162 3165 emptionem.

152 3179 192 3239 43
263 3182 438 3238 Msaorsuus
456 3181 525 3238 libro
543 3184 623 3240 tertio
641 3185 808 3254 regularum.
836 3183 866 3240 Si
884 3184 946 3253 quis
964 3181 1078 3238 fundum
1096 3183 1201 3254 emerit,
1219 3181 1297 3238 euius
1309 3184 1471 3253 particulam
1489 3172 1639 3268 ΜΨ

210 3269 316 3326 sciebat
338 3285 400 3326 essa
423 3270 553 3341 alienam,
576 3271 697 3328 lolianus
720 3273 772 3343 ait,
796 3273 820 3328 si
842 3287 891 3343 pro
915 3271 1004 3328 diuiso
1023 3271 1093 3328 sciat
1111 3271 1227 3328 alienam
1246 3285 1322 3342 esse,
1347 3287 1430 3342 possa
1448 3288 1506 3329 eum
1522 3273 1605 3341 reliquas

210 3391 422 3463 muruco)

211 3579 306 3650 ¹quid
324 3579 391 3636 iuris
413 3579 450 3636 sit
471 3579 628 3636 uideamus:
653 3585 681 3637 et
703 3585 831 3638 aemiliane
855 3585 1000 3640 ecciderunt
1089 3583 1101 3618 ¹
1119 3581 1324 3638 continuaretur
1342 3585 1377 3652 (a
1394 3583 1444 3651 ι’.)1
1524 3573 1604 3650 'quial

211 3764 225 3818 1
244 3763 335 3834 quam]
355 3780 437 3834 qnam
456 3765 479 3819 si
491 3765 524 3818 X
527 3764 644 3832 rzool
660 3765 784 3823 condicio
796 3767 900 3831 (condi-
955 3767 1016 3823 ΖΜ
1064 3769 1099 3825 16
1116 3767 1300 3840 possessione]
1322 3767 1359 3824 de
1376 3783 1451 3838 poss.
1469 3766 1541 3823 ΖΜΟ
1553 3756 1603 3830 led

96 3861 102 3872 .
209 3833 288 3888 cione
308 3835 354 3900 Ρ)
373 3836 517 3904 exstiterit]
537 3835 696 3892 condicione
715 3839 850 3894 existente
869 3838 906 3892 M
953 3839 1022 3895 haee
1041 3840 1080 3894 ita
1097 3856 1159 3898 esse
1177 3855 1244 3895 uera
1259 3847 1319 3911 post
1330 3861 1355 3894 ιι.
1368 3841 1400 3894 17
1412 3834 1603 3908 waposdrd

209 3905 227 3958 2
239 3906 354 4028 <poterit]
380 3913 472 3977 potest
493 3905 542 3976 Yl
564 3907 643 3962 heres
666 3928 714 3962 om.
732 3909 765 3962 Y·
818 3909 900 3966 eha·
953 3915 1059 3966 sedeant
1069 3912 1112 3965 X·
1126 3914 1131 3978 Ι
1147 3911 1358 3966 extraneumffl
1405 3913 1438 3966 17
1455 3902 1589 3982 posseditl
1597 3899 1601 3966 Ι

260 3977 338 4031 itario
371 3995 419 4032 om.
439 3980 474 4032 Z·
497 3979 503 4044 Ι
526 3979 608 4047 aetio]
638 3979 761 4044 F¹X·Y·,
792 3982 900 4035 actione
954 3981 1012 4051 sed]
1037 3983 1060 4036 si
1083 3982 1126 4036 X·
1146 3985 1150 4049 Ι
1172 3983 1273 4038 mansit
1296 3981 1348 4035 ΖΟ
1403 3983 1437 4036 18
1460 3997 1493 4038 ne
1513 3975 1603 4044 cunlli

210 4047 437 4103 F'X‘Y‘ZMOO
467 4049 603 4104 ldabitus
612 4051 737 4104 testatori
751 4051 899 4109 YZMOOl
953 4067 1016 4106 cum
1036 4053 1080 4120 ΖΙ
1096 4052 1230 4108 cel'ar'are
1244 4053 1287 4116 Ρ,
1305 4051 1395 4106 celere
1412 4053 1454 4106 Χ·
1468 4057 1473 4120 l
1488 4047 1601 4120 ccepllt

209 4117 389 4186 aceepi't'sset
408 4117 442 4172 Ε*
458 4121 463 4186 Ι
478 4119 637 4189 prohibetur
655 4119 750 4184 F’OC,
773 4121 900 4191 prohibe
953 4124 994 4178 tui
1017 4125 1079 4194 cepi
1102 4124 1145 4176 Μ·
1200 4125 1233 4178 19
1256 4122 1352 4177 uidere
1370 4124 1407 4178 Μ·
1466 4125 1500 4178 20
1518 4109 1601 4178 caroffi]

208 4185 332 4243 biturX·
366 4191 594 4258 brorumom.l⁷l
610 4191 853 4248 communionum
863 4193 900 4246 Μ’
953 4209 1063 4249 seruum
1082 4181 1599 4264 asaX⁶lcnm1Xl⁷Moo,unrlll

170 4301 181 4314 ,,
208 4258 899 4342 oijinninici01munitiol⁷ctinicioo,nu·
952 4265 1022 4319 clam
1041 4265 1181 4335 possidere
1199 4279 1262 4320 eum
1282 4265 1314 4329 Z,
1333 4279 1396 4320 eum
1415 4267 1483 4320 clam
1501 4257 1601 4334 possidet

208 4335 276 4382 nrtro
295 4329 321 4382 Z
377 4332 587 4402 demittendae]
611 4332 791 4388 dimittendae
819 4333 898 4390 YMO
952 4335 990 4388 M
1000 4338 1005 4403 Ι
1020 4337 1237 4406 coepissemuF’
1281 4337 1315 4390 21
1329 4331 1600 4406 nonposusortue

209 4399 243 4453 ιο
262 4399 310 4484 urii
326 4399 359 4454 x
411 4403 444 4458 ra
463 4402 629 4458 decessisset
651 4409 679 4458 es
701 4411 812 4474 propat
830 4404 898 4475 ιιι
952 4408 1011 4474 (om.
1025 4406 1098 4474 meo>
1115 4407 1222 4462 arao
1239 4411 1244 4473 ι
1264 4405 1338 4461 cona
1355 4405 1411 4462 sus
1430 4406 1464 4460 ιι
1510 4391 1601 4478 unul

208 4472 341 4534 ettctram
354 4471 386 4536 0,
399 4473 524 4537 om.M0>
542 4475 899 4530 retinereturetcontinua-
951 4477 998 4546 qui
1019 4477 1061 4531 Χ·
1080 4479 1085 4544 Ι
1106 4478 1187 4547 nequi
1207 4477 1323 4546 precarii
1346 4479 1394 4544 F’,
1472 4491 1504 4532 ue
1523 4479 1601 4545 passam

207 4539 437 4626 returXYMOO,
450 4550 479 4598 et
490 4545 640 4600 retineatur
651 4551 680 4600 et
692 4547 866 4602 continuatur
874 4549 901 4602 Ζ
951 4547 1060 4602 nomine
1073 4549 1107 4604 Y·
1122 4551 1127 4612 Ι
1143 4549 1285 4616 rogatione
1295 4563 1386 4617 neque
1398 4493 1601 4612 affluamus

209 4611 243 4666 14
261 4611 406 4666 dicendum
425 4619 468 4668 est
482 4631 536 4669 non
550 4618 643 4670 statim
656 4617 713 4670 ΖΜ
728 4623 733 4684 Ι
749 4618 818 4686 earn]
832 4619 904 4672 eaF
950 4619 1026 4687 gatis
1045 4625 1088 4674 est
1100 4633 1188 4688 neque
1201 4619 1347 4674 conductio
1359 4625 1405 4674 sat
1420 4619 1462 4675 Χ·
1502 4607 1602 4674 sadai
1653 4645 1655 4652 ν

209 4683 660 4752 rcaprseqaarpaaxrzuool
675 4688 897 4758 arrunlrrsrro
951 4690 1025 4744 nium
1049 4689 1076 4744 ι’
1125 4693 1160 4746 aa
1182 4691 1270 4760 pomo
1293 4709 1342 4744 aa
1355 4691 1389 4746 x
1407 4697 1413 4754 ι
1432 4677 1603 4748 inmatura]

207 4772 264 4838 qum
283 4754 323 4807 B:
346 4753 450 4840 irepoa,
476 4757 520 4810 uel
542 4757 616 4834 alind
633 4758 681 4822 Χ·,
705 4759 778 4814 idem
794 4758 897 4824 ¹X⁴M‘‚
950 4760 1141 4830 quaestionum
1161 4763 1187 4815 Z
1230 4763 1265 4816 26
1283 4776 1400 4830 corporo
1416 4761 1451 4817 Y·
1492 4753 1606 4838 2811111

206 4823 279 4877 rdem
298 4825 342 4878 uel
361 4825 435 4879 ahud
455 4827 485 4890 0,
503 4827 569 4881 illud
592 4827 633 4892 Μ’,
651 4829 714 4884 ideo
730 4831 766 4883 Z:
786 4830 821 4884 ‘in
839 4831 897 4899 qui·
950 4831 986 4885 ab
1004 4831 1068 4900 uno]
1088 4847 1106 4886 a
1123 4831 1234 4886 dominc
1253 4847 1307 4886 uno
1326 4831 1371 4884 Μ·
1419 4831 1455 4888 31
1472 4827 1603 4887 nanim

206 4892 323 4950 busdam
342 4895 630 4954 librishabeturidem
691 4901 840 4955 secundum
854 4901 897 4956 Pi-
950 4900 1077 4957 habuerit
1100 4903 1138 4956 pr
1195 4903 1231 4957 32
1254 4903 1291 4957 iiii
1319 4901 1369 4969 Yl
1455 4901 1555 4972 'euml
1569 4909 1610 4954 ott*

209 3990 237 4028 re

206 4980 288 5049 sanos
307 4966 382 5020 aliud
400 4967 523 5022 habetur'
544 4967 686 5024 Ueserim:
705 4971 746 5025 'al
766 4971 840 5026 aliud
950 4975 1007 5028 tam
1032 4977 1102 5042 part.
1121 4971 1158 5028 Ζ·
1210 4973 1246 5028 33
1270 4909 1535 5042 aliensmffienan
1552 4979 1614 5044 μ

204 5037 240 5092 al.
252 5036 335 5092 rdem'
349 5037 491 5094 decoretur
506 5040 645 5108 leolouus
662 5041 770 5112 sponte]
789 5059 830 5112 sp.
845 5042 896 5098 ccl.
950 5057 1014 5099 eum
1031 5044 1150 5114 reliquas
1166 5049 1246 5114 parte
1268 5045 1303 5099 Γ·
1318 5045 1324 5114 Ι
1339 5045 1363 5100 si
1382 5063 1431 5099 osa
1443 5043 1489 5100 Μ·
