3584 5454
261 248 428 316 xxxiivi
447 249 468 314 3
489 223 605 312 tit—tt
941 243 966 322 7
971 241 1029 323 08
1383 267 1431 314 on
1454 261 1710 314 soanmoumne

205 404 244 464 38
315 404 489 461 morans
506 403 576 460 libro
594 405 711 474 septimo
729 403 931 474 quaestionum.
964 404 1033 460 Cum
1052 405 1114 474 quis
1132 402 1185 459 sibi
1203 408 1253 459 aut
1269 403 1343 460 Titio
1361 404 1421 458 dari
1440 403 1530 474 stipu-
1549 397 1749 485 [fflss

262 495 335 550 latus
353 494 403 565 sit,
421 494 510 564 magis
528 508 590 550 ease
608 494 660 563 ait,
680 497 711 548 nt
727 492 768 548 ita
786 492 896 548 demum
914 499 989 548 reete
1007 493 1080 548 Titio
1098 493 1169 549 solui
1186 492 1334 548 dioendum
1352 493 1402 562 sit,
1421 493 1446 546 si
1462 492 1493 547 in
1512 491 1614 547 eodem
1634 497 1709 545 statu

263 585 386 651 maneat,
404 597 459 652 quo
478 580 543 652 init,
562 597 625 638 enm
643 581 784 652 stipulatio
802 581 1036 651 interponeretur:
1060 585 1182 638 aeterum
1200 582 1307 638 sinain
1325 579 1502 651 adoptionem
1522 581 1585 636 siue
1605 581 1635 635 in
1652 579 1709 634 exi·

262 671 328 727 lium
346 671 410 726 ierit
426 671 472 726 nel
489 685 562 740 aqua
580 673 609 724 et
626 670 683 740 igni
701 671 727 725 ei
745 669 920 726 interdictum
939 672 984 726 nel
1003 686 1101 726 seruus
1119 669 1209 726 iaetus
1228 671 1277 740 ait,
1301 685 1356 726 non
1379 675 1455 726 reete
1478 669 1506 724 ei
1524 668 1598 724 solui
1616 667 1709 722 dioen-

263 759 342 815 dnm:
366 759 451 814 taeite
469 759 542 814 enim
561 759 652 814 inesse
670 758 739 814 haee
757 759 904 814 eonnentio
922 759 1091 830 stipulationi
1109 759 1219 814 uidetur
1237 758 1268 815 ‘si
1291 759 1319 814 in
1343 759 1440 814 eadem
1464 773 1552 814 eausa
1577 754 1707 812 maneat'.
1727 767 1742 810 a

229 856 242 902 1
263 847 293 904 Si
315 847 468 904 debitorem
490 863 582 904 meum
605 848 731 904 iusserim
750 847 823 904 Titio
847 847 1092 918 soluerepdeinde
1110 849 1213 904 Titium
1237 848 1371 903 uetuerim
1395 847 1523 918 aenipere
1544 849 1576 901 et
1599 843 1710 900 debitor

263 938 393 1008 ignorem
411 937 536 1006 soluerit,
555 936 594 992 ita
612 950 674 992 eum
693 936 803 992 liberari
821 937 1002 1006 existimauit,
1025 937 1049 992 si
1067 951 1122 992 non
1140 951 1175 992 ea
1192 941 1284 992 mente
1301 937 1392 992 'littus
1409 951 1539 991 nummos
1557 933 1709 1003 auteponit,

263 1031 296 1082 nt
313 1041 361 1082 eos
378 1026 507 1082 lueretur.
535 1024 670 1096 alioquin,
694 1026 823 1096 qnoniam
841 1024 944 1082 ionum
962 1041 1057 1082 eorum
1076 1028 1113 1082 sit
1129 1024 1266 1095 fauturus,
1289 1040 1433 1081 mansuros
1456 1039 1506 1080 eos
1524 1021 1663 1078 debitoris
1680 1025 1710 1075 et

263 1114 327 1170 ideo
344 1113 532 1170 liberationem
556 1114 666 1184 quidem
691 1115 751 1184 ipso
774 1115 832 1170 inre
856 1130 910 1171 non
932 1131 1016 1185 posse
1037 1116 1197 1184 contingere
1221 1113 1351 1184 debitori,
1376 1113 1539 1183 exeeptione
1562 1115 1661 1166 umen
1682 1109 1709 1164 ei

264 1203 386 1260 snoonrri
404 1218 523 1274 aequum
541 1217 612 1272 esse,
631 1204 654 1258 ei
672 1208 786 1273 paratus
804 1205 840 1260 sit
858 1204 1058 1260 oondietionem
1077 1202 1216 1275 furtiuum,
1235 1219 1317 1273 quarn
1336 1201 1470 1258 aduersus
1488 1201 1595 1256 Titium
1614 1198 1708 1268 babet,
1727 1211 1754 1251 no

264 1291 331 1348 mibi
348 1297 503 1362 praestare:
527 1292 609 1348 siouti
627 1297 767 1364 seruator,
786 1309 848 1348 eom
868 1294 982 1350 maritus
999 1295 1079 1349 uxori
1097 1292 1249 1349 donaturus
1267 1291 1419 1348 debitorem
1437 1305 1519 1346 sunm
1537 1288 1638 1344 iubeat
1654 1287 1708 1343 sol·

264 1395 344 1436 uere:
368 1397 432 1436 nam
449 1379 488 1436 ibi
505 1395 629 1452 quoque,
653 1381 719 1452 quia
741 1381 846 1437 nummi
865 1383 985 1438 mulieris
1003 1398 1058 1438 non
1076 1379 1160 1451 fiunt,
1185 1380 1337 1438 debitorem
1363 1395 1418 1436 non
1440 1377 1565 1448 liberari,
1591 1377 1643 1432 sed
1660 1391 1708 1432 ex·

264 1469 391 1538 oeptione
410 1483 472 1524 eum
491 1468 625 1524 aduersus
644 1470 771 1526 maritum
791 1470 924 1526 tuendum
942 1486 1018 1541 ease,
1037 1472 1061 1526 si
1078 1469 1288 1540 oondiotionenn,
1307 1484 1389 1540 quam
1408 1469 1544 1524 aduersus
1562 1465 1707 1522 mulierem

264 1556 360 1626 babet,
383 1562 513 1627 praestet
541 1555 624 1613 ¹iurti
646 1563 739 1614 tamen
758 1560 894 1616 actionem
912 1559 941 1616 in
958 1560 1099 1630 proposito
1124 1559 1190 1614 mibi
1213 1563 1279 1629 post
1299 1557 1466 1614 diuortinm²
1483 1555 1706 1626 compeditorum,

231 1645 375 1716 equando
393 1660 456 1700 mea
472 1645 580 1702 intersit
596 1646 765 1718 interceptos
782 1663 909 1704 nummos
930 1664 986 1704 non
1004 1663 1075 1704 esse.
1111 1648 1154 1704 De
1177 1648 1285 1718 peonlio
1309 1663 1372 1702 oum
1396 1646 1508 1702 domino
1531 1647 1628 1700 aetum
1649 1647 1706 1698 est:
1724 1654 1750 1695 ra

265 1735 290 1790 is
308 1733 454 1790 damnatus
477 1733 568 1790 soluit
594 1737 624 1790 et
645 1733 822 1793 fideiussores
845 1752 895 1807 pro
920 1752 1001 1794 seruo
1025 1741 1156 1807 aoeeptos
1178 1735 1287 1792 liberari
1310 1735 1467 1805 respondit:
1490 1731 1613 1788 eandem
1634 1731 1706 1786 enim

264 1822 410 1892 paouniam
428 1823 457 1878 in
474 1823 567 1892 plures
584 1839 683 1880 eausaa
702 1825 772 1880 solui
789 1841 872 1896 posse
890 1830 1083 1896 argumentum
1102 1840 1171 1895 esse,
1189 1824 1272 1895 qnod,
1291 1840 1353 1880 oum
1371 1823 1522 1879 iudicatum
1535 1821 1609 1876 solni
1627 1820 1706 1876 satis·

265 1901 361 1966 datum
380 1915 423 1968 est
440 1915 470 1966 et
487 1911 634 1968 damnatus
651 1928 715 1968 reus
733 1915 832 1984 soluat,
850 1929 905 1970 uon
923 1915 1012 1970 solum
1030 1915 1139 1970 aetione
1156 1913 1283 1983 iudioati,
1301 1913 1351 1968 sed
1369 1913 1452 1967 etiam
1470 1925 1507 1964 ex
1525 1909 1661 1979 stipulatu
1678 1911 1706 1962 et

264 1999 325 2068 ipse
341 2003 370 2054 et
388 1997 562 2056 fideiussores
580 2000 737 2059 liberentur.
766 2007 795 2059 et
806 2003 895 2072 magis
908 2003 997 2058 simile
1009 2017 1079 2072 osae,
1097 2001 1180 2072 quod,
1199 2017 1261 2058 enm
1279 2015 1423 2072 possessor
1440 1989 1705 2074 lQEQ

265 2087 425 2146 hereditatis
452 2090 613 2147 existimans
640 2107 671 2148 se
694 2091 823 2148 heredem
846 2107 908 2148 esse
931 2091 1058 2160 soluerit,
1080 2089 1165 2146 bores
1191 2107 1246 2146 non
1272 2089 1415 2146 liberetur:
1442 2096 1510 2144 tuno
1537 2087 1612 2142 enim
1631 2079 1704 2171 [ζωῇ
1720 2097 1745 2138 rt

264 2181 410 2248 propterea
427 2177 456 2234 id
475 2180 598 2249 euenire,
622 2180 696 2250 quod
720 2181 765 2236 ille
789 2195 840 2236 sno
864 2181 974 2236 nomine
992 2179 1142 2236 indebitam
1160 2179 1304 2250 peouniam
1322 2179 1415 2234 dando
1433 2178 1629 2249 repetitionem
1647 2177 1704 2230 eius

233 2274 247 2319 t
265 2265 405 2324 haberet1.
442 2267 494 2334 Qui
512 2267 650 2324 bominem
668 2269 794 2340 promisit
811 2269 834 2324 ei
852 2268 1042 2326 statuliberum
1061 2269 1163 2338 soluat,
1189 2268 1278 2338 magis
1295 2272 1364 2339 puto
1386 2283 1442 2324 non
1460 2282 1525 2322 esee
1542 2269 1703 2336 exspectan

265 2355 329 2410 dam
348 2355 549 2412 eondioionem:
571 2357 638 2412 aed⁸
657 2363 686 2412 et
703 2358 865 2414 oreditororn
885 2371 968 2426 agere
985 2371 1067 2426 posse
1090 2361 1119 2412 et
1136 2357 1174 2412 illi
1192 2356 1393 2412 oondletionem
1415 2360 1583 2426 competere.
1602 2353 1615 2423 l
1632 2349 1702 2422 qnod
1716 2349 1778 2404 tttt

265 2443 289 2499 si
305 2444 415 2500 interim
434 2445 559 2502 eondioio
577 2445 722 2517 deieoerit,
746 2445 890 2517 liberatur,
913 2445 1028 2516 perinde
1051 2449 1135 2516 atque
1153 2445 1177 2500 si
1195 2446 1257 2515 quis
1279 2445 1417 2515 pendente
1440 2443 1605 2500 eondioione
1625 2441 1702 2497 soluit

264 2547 315 2604 per
331 2548 450 2588 errorem
469 2539 498 2589 et
515 2540 663 2606 antequam
682 2535 852 2606 eondieeret,
876 2535 1002 2590 eondioio
1024 2535 1169 2590 exstiterit
1197 2533 1264 2590 illud
1282 2534 1356 2589 nullo
1375 2532 1457 2589 modo
1475 2531 1532 2588 diei
1550 2530 1700 2598 mnneniet,
1716 2537 1740 2579 tt

266 2621 290 2676 si
308 2627 416 2678 mortuo
434 2620 528 2678 Stioho
547 2623 672 2679 eondioio
690 2621 814 2693 detioiat,
838 2622 948 2680 liberari
971 2621 1136 2693 debitorem,
1159 2623 1300 2693 quamuis,
1324 2622 1348 2677 si
1372 2622 1485 2678 uiuente
1508 2636 1543 2677 eo
1565 2618 1699 2686 tetemet,

265 2707 435 2782 liberaretur,
453 2711 565 2780 quando
583 2712 636 2768 isto
654 2727 722 2768 osan
740 2713 814 2768 nullo
833 2717 956 2782 tempore
967 2709 1090 2782 perfetta
1101 2711 1238 2768 bominem
1251 2726 1342 2766 meum
1354 2709 1468 2766 leteris:
1487 2710 1610 2780 alioquin
1622 2721 1698 2779 propt

266 2798 330 2868 erit,
356 2799 502 2870 atatim,
526 2800 551 2856 si
568 2815 631 2856 eum
650 2816 775 2870 sernum,
798 2801 826 2856 in
844 2815 899 2870 quo
918 2815 985 2854 usus
1002 2797 1109 2856 fruetus
1132 2801 1238 2856 alienus
1256 2805 1313 2870 eet,
1336 2797 1403 2854 mihi
1421 2799 1540 2854 nolueris
1557 2800 1637 2868 isque
1653 2810 1699 2851 nto

265 2884 357 2942 irnotn
376 2893 505 2944 manente
522 2888 686 2960 deoeaserit,
711 2905 744 2946 ea
767 2889 903 2944 solutione
925 2887 1058 2944 liberatus
1076 2889 1209 2945 uideatis:
1232 2888 1307 2960 quod
1329 2889 1404 2944 nullo
1428 2887 1512 2944 modo
1534 2884 1696 2958 probandum

231 2984 248 3031 4
266 2979 323 3046 est,
347 2976 429 3031 sionti
446 2976 470 3031 si
488 2992 661 3033 oommnnem
679 2979 811 3034 uoluisses
828 2978 907 3048 isque
925 2976 1099 3034 deeeeaisset.
1135 2977 1166 3034 sl
1183 2978 1245 3048 quis
1262 2993 1312 3047 pro
1330 2993 1365 3032 eo
1382 2979 1515 3033 reuerso⁴
1533 2972 1696 3040 fideiussori,
1710 2981 1731 3021 u

266 3064 327 3134 qui,
346 3079 409 3120 eum
428 3065 467 3120 rei
485 3063 613 3134 publioae
631 3083 717 3122 eausa
733 3065 857 3136 abesset,
880 3066 988 3122 aetione
1006 3081 1062 3136 qna
1078 3064 1211 3122 liberatus
1228 3067 1278 3136 sit,
1300 3065 1401 3122 deinde
1419 3081 1511 3122 anons
1528 3061 1695 3136 praeterierit,

266 3167 302 3208 an
320 3149 465 3208 fideiussor
482 3151 632 3210 liberetur?
657 3156 732 3225 qnod
749 3155 854 3212 iuliano
872 3168 927 3210 non
945 3153 1086 3225 plaoebat,
1109 3154 1266 3224 etquidem
1289 3155 1329 3210 ai‘
1351 3169 1414 3210 oum
1438 3153 1604 3211 fideiussore
1626 3163 1695 3220 expe

266 3239 356 3296 riundi
373 3247 498 3312 potestas
516 3255 570 3300 non
588 3241 653 3298 init:
677 3243 727 3300 ssd
749 3243 802 3300 boo
825 3259 891 3300 omn
914 3243 942 3298 in
964 3243 1053 3314 ipsum
1071 3241 1261 3301 fideiussorem
1279 3259 1315 3300 er
1333 3243 1425 3300 edieto
1443 3244 1583 3299 notionem
1602 3237 1694 3296 resdtui

233 3339 248 3386 t
266 3328 376 3400 debere,
395 3331 625 3400 quemadmodum
644 3335 672 3388 in
690 3348 752 3388 eum
771 3331 969 3402 fideiussorem,
988 3333 1036 3402 qni
1053 3331 1190 3388 bominem
1208 3333 1373 3404 promissum
1391 3333 1504 3390 oeoidlt
1541 3332 1595 3398 Qui
1611 3331 1695 3401 proto

267 3417 341 3488 apud
359 3419 462 3475 Titium
480 3418 667 3490 fideiusserat,
691 3423 792 3492 pignus
809 3422 838 3478 in
855 3437 934 3478 auaro
952 3420 1148 3491 obligationem
1170 3421 1259 3478 dedit:
1282 3427 1347 3492 post
1367 3421 1442 3478 idem
1466 3420 1600 3477 heredem
1622 3425 1649 3474 te
1663 3417 1694 3470 in·
1707 3420 1727 3461 ³⁵

266 3507 365 3564 stituit.
392 3509 520 3578 quamuis
537 3525 572 3564 ex
589 3508 762 3566 fideiussoris
779 3526 864 3566 osnsa
881 3525 937 3566 non
953 3511 1087 3580 tenearis,
1110 3510 1194 3567 nibilo
1212 3512 1302 3566 minus
1323 3515 1417 3566 brnen
1435 3511 1539 3582 pignus
1556 3509 1694 3578 obligatum

267 3594 398 3652 manebit.
425 3601 455 3654 at
472 3598 497 3654 si
514 3598 588 3654 idem
606 3599 689 3654 alium
707 3597 896 3656 fideiussorem
915 3599 1023 3656 dederit
1045 3604 1129 3670 atque
1151 3600 1198 3656 ita·
1215 3599 1342 3656 heredem
1367 3609 1395 3655 te
1416 3600 1584 3668 instituerit,
1607 3595 1694 3654 reotiut

267 3685 417 3742 existimari
434 3687 474 3742 ait
490 3686 599 3744 sublata
616 3686 784 3758 obligatione
802 3689 870 3760 eius,
888 3705 938 3760 pro
956 3705 1011 3760 quo
1029 3688 1190 3746 fideiussnm
1208 3690 1253 3760 sit,
1271 3705 1335 3745 enm
1347 3703 1459 3760 qnoque
1475 3690 1525 3759 qni
1542 3681 1696 3744 iideiursrdl

266 3771 384 3830 liberari.
1707 3771 1727 3815 u

210 3861 249 3922 tt
320 3862 399 3918 Ionrr
424 3863 493 3921 libro
516 3870 616 3922 ootauo
639 3867 840 3936 quaestionum.
883 3865 926 3936 Si,
950 3867 1089 3923 eolutnrus
1115 3867 1261 3938 peenniam
1283 3865 1347 3938 tibi,
1374 3866 1453 3922 iussn
1480 3871 1532 3922 tuo
1549 3850 1722 3950 ffls

267 3951 404 4021 signatam
423 3968 483 4008 eam
502 3954 575 4024 apud
594 3955 817 4026 nummularium,
841 3955 933 4026 quoad
951 3955 1126 4027 probaretur,
1149 3955 1337 4026 deposuerim,
1360 3955 1402 4010 tui
1424 3955 1542 4027 perieuli
1563 3971 1625 4011 eam
1646 3951 1695 4009 tore

267 4039 339 4096 bleta
356 4041 425 4098 libro
443 4043 550 4100 deoimo
568 4043 672 4100 soribit.
699 4045 774 4116 quod
791 4059 888 4100 nerum
906 4049 957 4115 eat,
976 4060 1038 4100 enm
1057 4059 1091 4101 eo
1108 4049 1210 4114 tamen,
1227 4043 1344 4100 utillud
1362 4044 1484 4100 maxime
1502 4049 1651 4116 speotetur,
1668 4056 1696 4096 an

266 4145 317 4200 per
333 4135 362 4187 te
379 4133 495 4203 steterit,
513 4147 569 4203 quo
587 4134 678 4190 minus
696 4133 724 4189 in
742 4134 894 4190 eontinenti
911 4133 1088 4205 probaretur:
1111 4149 1176 4190 nam
1193 4137 1260 4190 tuno
1277 4133 1392 4204 perinde
1410 4132 1571 4190 babendum
1589 4133 1651 4204 erit,
1672 4143 1698 4184 at

267 4219 291 4274 si
309 4224 405 4290 parato
423 4237 468 4278 me
487 4223 595 4279 eoluere
612 4229 643 4280 tu
661 4237 697 4280 ex
714 4223 807 4294 aliqua
825 4237 910 4280 oense
927 4224 1053 4294 aooipere
1070 4223 1165 4279 nolles.
1191 4223 1221 4278 in
1238 4223 1294 4292 qna
1311 4223 1405 4293 speeie
1423 4237 1479 4279 non
1491 4224 1590 4294 utique
1603 4232 1700 4291 semper

265 4317 461 4388 ΗΧΥΜΟΟ)

297 4459 370 4514 ιι19
388 4462 417 4513 et
435 4460 523 4529 magia
541 4461 629 4518 simile
647 4477 743 4518 esse..
750 4485 795 4518 ..ιι
804 4463 839 4517 21
857 4462 1046 4532 repetitionem
1060 4461 1246 4518 einahaberet
1263 4463 1411 4518 wdoconda
1424 4483 1448 4516 ιι.
1459 4462 1496 4516 14
1532 4470 1573 4518 ort
1588 4463 1702 4534 praestet

267 4527 360 4597 'post
377 4529 535 4618 diuortium]
554 4533 802 4589 oduersnsiitium
821 4536 867 4601 (=
880 4533 1055 4600 adnrrrrnmlt
1116 4535 1239 4590 'statim
1259 4542 1305 4588 tas.
1365 4535 1510 4590 ‘reuerso
1535 4536 1601 4590 rura
1614 4533 1702 4588 (ιἰιιιιι·

267 4599 343 4666 (ueri
362 4600 411 4656 ιιιιι
430 4600 588 4672 trisonem:
608 4606 655 4659 det
725 4607 737 4640 ⁸
755 4609 784 4660 et
801 4604 912 4675 quidem
931 4605 965 4675 si]
984 4606 1008 4662 ai
1025 4605 1158 4676 quidem?

267 4734 770 4792 8mansurnsF·10subonrrlF¹
815 4738 849 4793 19
862 4742 891 4793 et
902 4753 959 4794 me
1013 4739 1041 4792 Β
1058 4737 1167 4804 (Anno.)
1239 4739 1275 4793 20
1298 4736 1338 4806 ae]
1357 4735 1463 4792 sedF1
1538 4739 1573 4794 23
1591 4739 1628 4794 illi
1645 4752 1703 4794 oon·

266 4805 417 4930 ffisimile
439 4806 553 4872 (similes
568 4806 603 4861 Y
605 4813 614 4872 )
637 4807 708 4876 esse]
700 4806 796 4876 1,an
819 4813 849 4863 et
870 4824 944 4878 magr
945 4825 960 4864 s
1013 4807 1179 4864 diationem
1192 4807 1229 4861 Υ*
1264 4809 1473 4864 idmortuui'·
1510 4809 1704 4880 28quonaus⁴

312 4876 400 4931 aimile
417 4890 479 4932 esse
497 4881 570 4944 (esse
588 4877 719 4934 dissimile
734 4879 777 4945 X)
794 4879 862 4934 ΧΥ
861 4879 960 4935 Moe
1012 4877 1119 4934 boetus
1137 4881 1174 4934 F²
1235 4879 1272 4934 to
1288 4893 1339 4948 pro
1358 4880 1402 4950 eo]
1420 4880 1488 4946 ΥΥ·,
1507 4895 1558 4951 pro
1575 4897 1622 4938 reo
1639 4877 1705 4937 XT*

270 4945 629 5036 Groeoileyenertutnoa.
618 4967 671 5034 exon
684 4949 714 5002 t's
727 4948 796 5014 airdr
809 4950 958 5037 ιιετιιιγοιιι
1013 4949 1247 5021 ruodperto
1266 4951 1321 5006 iam
1340 4951 1378 5006 0⁸
1434 4953 1471 5008 te
1490 4897 1564 5024 nam]
1583 4968 1638 5008 nan
1652 4949 1689 5008 1¹

267 5017 316 5081 τοῨ
334 5019 416 5084 [tuor
434 5018 490 5074 κατ’
507 5019 589 5084 atrito
605 5020 654 5076 rr'ru
672 5021 728 5093 περὶ
745 5021 843 5077 :bonde
854 5019 958 5087 transila
