3638 5460
292 249 410 315 XXXV
434 251 454 314 ‘2
476 257 592 310 ιιι-30
969 241 1056 322 208
1540 267 1587 313 ιι)
1611 239 1728 312 escen

235 405 274 464 28
345 405 356 476 ΙΙ
376 407 550 461 Maecianus
567 402 636 460 libro
652 403 742 474 primo
759 402 1040 460 fideicommissorum.
1075 401 1158 458 Pater
1174 417 1284 472 quoque
1301 403 1329 458 in
1347 402 1458 474 legatis,
1477 419 1549 472 quae
1567 397 1727 488 Q
1745 406 1771 460 P

291 492 363 550 tilius
381 495 407 550 ei
425 494 501 550 dedit
519 495 571 549 alio
589 492 689 549 herede
707 494 842 562 instituto,
860 494 929 563 legis
947 491 1086 548 Falcidiae
1103 491 1236 548 rationem
1255 491 1366 562 patitur.

235 585 273 643 29
343 585 463 640 ramus
484 582 553 638 libro
571 582 692 638 secundo
709 581 990 639 fideicommissorum.
1027 581 1055 638 Si
1075 598 1091 637 a
1110 597 1153 636 me
1171 579 1221 635 tibi
1245 579 1484 637 fideicommissum
1505 583 1548 637 uel
1567 575 1726 664 Q
1744 585 1769 640 P

290 675 411 743 legatum
429 677 473 728 est
495 678 579 742 tuque
602 672 631 726 id
648 676 712 742 post
728 677 838 742 tempus
855 676 969 742 rogatus
987 671 1025 726 sis
1043 669 1109 726 mibi
1126 669 1283 739 restituere,
1307 685 1360 727 uon
1379 675 1446 742 puto
1464 671 1516 727 hoc
1533 669 1725 742 imputandum

292 777 352 819 esse
370 763 398 817 iu
415 762 572 831 Falcidiam,
591 761 656 831 quia
673 761 773 832 iuolpio
791 766 889 832 postca
906 761 986 832 quasi
1003 758 1270 816 fideicommissarius
1288 759 1316 814 id
1335 760 1463 828 recipere.
1742 773 1754 814 ι

236 853 275 912 30
343 851 517 907 hincmarus
535 849 604 906 libro
621 855 721 906 octauo
739 848 1019 906 fideicommissorum.
1047 851 1079 904 ln
1097 849 1201 904 ratione
1213 849 1283 918 legis
1295 849 1433 904 Falcidiae
1448 853 1550 904 mortes
1582 844 1726 918 ffi'a‘e
1743 855 1768 908 P

291 955 431 996 seruorum
450 945 656 1010 ceteronrmque
675 939 841 1009 animalium,
859 937 940 1011 furta,
959 939 1079 1010 rapinae,
1098 937 1232 1008 incendia,
1251 937 1353 1008 ruinae,
1372 935 1522 1008 naufragia,
1544 939 1587 994 uis
1606 938 1726 995 hostium

290 1029 459 1100 praedonum
477 1029 625 1098 latronum,
643 1027 795 1084 debitorum
815 1026 890 1084 iacta
907 1029 1000 1099 peiora
1017 1028 1141 1096 uomina,
1160 1029 1188 1082 lu
1206 1043 1314 1082 summa
1329 1026 1523 1106 quodcumque
1540 1027 1685 1096 damnum,
1704 1028 1727 1082 si

291 1119 373 1174 modo
391 1119 472 1189 culpa
489 1117 614 1188 legatarii
631 1123 756 1187 careant,
775 1116 869 1174 heredi
887 1123 1015 1189 percunt:
1038 1117 1267 1187 quemadmodum
1287 1117 1322 1171 ad
1340 1116 1448 1172 heredis
1465 1117 1569 1172 lucrum
1589 1118 1727 1186 pertinent

290 1206 404 1278 fructus,
422 1211 518 1278 partus
536 1208 693 1263 ancillarum
712 1211 741 1262 et
758 1221 829 1275 quac
847 1222 897 1277 per
911 1223 1006 1264 seruos
1025 1206 1162 1277 adquisita
1179 1213 1251 1276 snut,
1270 1211 1301 1261 ut
1318 1205 1515 1276 stipulationes,
1533 1219 1625 1260 rerum
1643 1206 1726 1262 tradi·
1743 1221 1769 1258 ιι

291 1298 393 1366 tiones,
412 1297 504 1366 legata
521 1297 722 1352 hereditatesue
740 1295 782 1350 his
801 1295 896 1367 datae,
915 1301 1022 1351 ceterae
1040 1295 1210 1366 donationes,
1231 1295 1297 1351 item
1315 1295 1476 1365 seruimtes,
1494 1293 1595 1365 quibus
1612 1294 1727 1350 liberata

292 1386 404 1458 praedia
422 1386 583 1457 pretiosiora
600 1384 705 1456 fierent,
727 1385 903 1454 actionesque
922 1385 1082 1454 adquisitae,
1101 1389 1133 1440 ut
1150 1383 1214 1440 furti
1233 1384 1326 1439 damni
1344 1385 1458 1440 iniurias
1476 1384 1642 1454 similesque,
1661 1399 1726 1454 qno-

260 1485 272 1529 1
291 1491 352 1531 rum
370 1475 436 1531 nihil
454 1476 482 1530 in
500 1475 632 1532 rationem
651 1475 720 1545 legis
738 1473 876 1530 Falcidiae
895 1473 977 1532 cadit
1011 1473 1136 1530 Uendere
1154 1479 1245 1530 autem
1264 1473 1309 1528 uel
1327 1487 1417 1529 emere
1434 1473 1525 1528 iussus
1543 1465 1620 1528 certo
1638 1474 1726 1543 pretio

291 1564 406 1620 fundum
425 1565 541 1620 aliamue
560 1563 717 1634 quampiam
735 1579 792 1619 rem
811 1564 839 1618 in
856 1563 926 1632 legis
938 1563 1075 1619 Falcidiae
1093 1564 1206 1633 ratione,
1225 1577 1287 1618 cum
1306 1567 1436 1632 quantum
1455 1563 1492 1618 sit
1502 1563 1625 1632 legatum
1638 1563 1725 1632 requi·

292 1659 375 1724 ratur,
399 1658 506 1708 tautum
529 1669 563 1709 eo
581 1653 689 1709 nomine
707 1652 876 1723 inducetur¹,
900 1658 1002 1722 quanto
1020 1653 1105 1723 pluris
1124 1653 1271 1708 minorisae
1289 1652 1325 1706 sit
1342 1667 1386 1707 res
1402 1666 1437 1706 ea
1454 1653 1622 1722 quantitate,
1644 1667 1725 1722 quam
1743 1665 1783 1704 ιιι·

292 1757 346 1813 quo
364 1743 469 1812 pretio¹
485 1746 602 1797 testator
620 1743 706 1812 accipi
724 1741 818 1797 ιιιιιιιι
837 1742 929 1812 iussit,
951 1743 1001 1797 sed
1019 1747 1050 1796 ιιι
1068 1741 1093 1797 ιι
1111 1741 1222 1812 quidem
1240 1741 1370 1812 portioni,
1393 1755 1465 1810 quac
1483 1741 1582 1811 legatis
1600 1741 1726 1796 deductis

291 1829 417 1886 iacienda
434 1832 494 1901 erit,
513 1831 630 1901 amplius
648 1831 829 1887 deduceturi:
848 1832 950 1902 qnippe
968 1847 1022 1886 uon
1041 1831 1127 1887 nostri
1145 1846 1229 1886 causa
1241 1831 1301 1900 capi
1313 1831 1341 1885 id
1354 1831 1480 1900 pretium,
1498 1829 1547 1884 sed
1558 1844 1594 1884 eo
1606 1828 1725 1888 deducto

259 1920 409 1992 aprutium
432 1921 564 1990 reliquum
588 1921 708 1990 legatum
733 1935 794 1976 csse
816 1921 983 1976 intellectum
1001 1925 1052 1976 est.
1088 1919 1203 1976 Prorsus
1221 1919 1366 1989 diligenter
1384 1918 1657 1974 animaduertendum
1676 1924 1724 1986 est,

292 2026 327 2066 ue
350 2009 424 2080 quod
447 2010 546 2065 dicitur
563 2009 665 2066 damna
687 2013 751 2080 post
774 2015 888 2065 mortem
911 2010 1050 2065 testatoris
1072 2011 1148 2065 illata
1170 2009 1205 2064 ad
1228 2010 1315 2064 solum
1339 2008 1467 2064 heredem
1485 2008 1621 2076 respicere
1639 2021 1725 2076 usquc

291 2115 401 2170 quaque
419 2104 448 2154 et
465 2099 524 2154 sine
543 2099 597 2154 ulla
613 2099 788 2154 distinctione
806 2099 960 2168 recipiatur.
985 2099 1059 2168 quod
1078 2100 1149 2154 cuim
1168 2103 1273 2154 remota
1289 2099 1350 2168 lege
1368 2097 1490 2153 Falcidia
1506 2097 1535 2151 in
1552 2099 1642 2152 totum
1661 2096 1725 2150 huis
1741 2109 1783 2150 ara

292 2187 370 2258 ieret,
388 2188 440 2245 hoo
457 2187 529 2244 idem
548 2187 651 2244 lorcin
670 2204 703 2244 ea
720 2193 806 2259 parte,
824 2203 895 2258 quae
913 2188 974 2258 lege
985 2187 1108 2244 Falcidia
1125 2188 1349 2243 constitueretur:
1367 2185 1419 2242 hoc
1431 2187 1502 2242 enim
1515 2185 1615 2240 attinet
1626 2185 1725 2239 damna

260 2289 273 2334 t
292 2283 390 2348 postea
406 2276 481 2333 lacta
498 2293 552 2333 nou
571 2277 678 2348 deduci,
696 2293 731 2333 ne
749 2282 842 2334 amota
858 2277 948 2348 portio
965 2277 1065 2347 legatis
1077 2275 1177 2332 fideiue
1189 2276 1341 2332 commissis
1354 2275 1537 2331 detrahatnr⁴.
1566 2273 1669 2330 Uerum
1683 2277 1725 2329 est

294 2373 384 2424 ιιιιιιιι
404 2367 445 2422 his
464 2367 541 2438 solis,
566 2381 638 2438 quae
655 2367 776 2437 pondere
793 2381 907 2422 numero
925 2381 1053 2422 mensura
1070 2371 1211 2437 constant,
1235 2381 1286 2420 nec
1304 2365 1403 2420 damno
1421 2367 1519 2434 postea
1535 2363 1674 2420 incidente
1692 2377 1724 2419 cr

293 2457 426 2528 portione,
444 2471 514 2526 quae
532 2454 607 2510 seru
626 2455 660 2510 ad
679 2455 896 2512 aestimationem
915 2470 1009 2512 eorum
1028 2455 1168 2526 honorum,
1187 2470 1258 2525 quae
1271 2454 1366 2510 mortis
1378 2457 1501 2524 tempore
1514 2451 1633 2522 iuuerunt,
1652 2453 1724 2523 quic·

260 2560 275 2605 4
294 2561 374 2616 quam
393 2544 508 2600 detrahi.
536 2544 625 2600 Certis
643 2559 710 2600 uero
728 2543 886 2615 corporibus
905 2544 993 2600 ethis
1011 2545 1077 2614 ipsis
1089 2546 1128 2600 ita
1140 2545 1255 2599 relictis:
1273 2543 1434 2615 pecuniam,
1453 2557 1534 2612 quam
1547 2543 1634 2597 inille
1647 2539 1724 2610 arca',
1741 2555 1781 2596 ι.·.

294 2635 403 2705 'uiuum,
418 2634 491 2704 quod
504 2634 532 2688 in
544 2633 596 2689 illis
609 2633 711 2704 doleis',
731 2633 845 2704 'poudm
858 2635 972 2705 argenti,
986 2633 1060 2704 quod
1072 2634 1101 2689 in
1113 2634 1165 2689 illis
1177 2632 1280 2689 horreis
1292 2631 1397 2702 baheo',
1415 2640 1440 2687 ιι·
1451 2631 1510 2686 siue
1522 2632 1604 2700 culpa
1618 2629 1725 2685 heredis

293 2723 467 2795 deperierunt
484 2723 527 2778 uel
546 2721 682 2778 deteriora
699 2726 763 2778 aunt
780 2721 868 2792 lacta,
886 2724 980 2794 procul
998 2721 1082 2778 dubio
1100 2728 1149 2778 aut
1167 2721 1232 2777 nihil
1250 2720 1394 2778 debebitur
1412 2725 1460 2776 aut
1477 2735 1570 2775 eornm
1590 2733 1663 2788 quae
1681 2732 1725 2774 ex·

293 2812 406 2868 ιιιιιιιιιι
428 2813 520 2882 qualia
541 2818 621 2868 eruut
643 2829 677 2869 ea
700 2813 788 2883 portio
813 2811 970 2882 debebitur,
995 2827 1066 2882 quae
1089 2827 1139 2882 per
1161 2813 1250 2881 legem
1268 2810 1416 2866 Falcidiam
1440 2807 1575 2864 efficiatur
1592 2823 1627 2862 ex
1645 2808 1725 2862 aesti-

260 2902 412 2958 imatione
433 2900 580 2973 bonorum,
606 2918 677 2972 quac
706 2903 802 2958 mortis
828 2901 967 2957 testatoris
994 2905 1117 2970 tempore
1141 2900 1249 2956 ιιιιιιιιι.
1285 2901 1409 2956 Incertae
1433 2905 1525 2956 autem
1548 2913 1593 2954 res
1615 2898 1725 2952 relictae

294 2991 496 3047 distinctionem
515 2992 661 3062 recipiunt:
680 3007 744 3046 uam
763 2992 786 3046 si
805 3007 839 3047 ex
858 2991 915 3047 suis
933 2989 1015 3046 rebus
1032 2991 1164 3046 incertam
1182 3005 1239 3045 rem
1258 2995 1373 3046 ιιιιιιοι
1390 2990 1554 3060 reliquisset,
1573 2987 1661 3043 ueluti
1678 2987 1725 3041 ἰι-
1742 3001 1783 3042 ιο

293 3080 413 3151 'gentum
437 3080 510 3151 quod
533 3079 662 3152 elegerit,
685 3085 714 3136 et
737 3095 817 3136 omns
841 3084 984 3150 argeutum
1008 3081 1147 3136 testatoris
1170 3081 1309 3136 interisset
1331 3081 1391 3135 sine
1413 3080 1495 3149 eulpa
1515 3077 1638 3147 heredis,
1662 3077 1727 3132 nihil

294 3170 452 3225 deberetur:
471 3169 514 3225 sin
530 3185 597 3226 uero
616 3170 722 3240 argenti
739 3169 846 3240 pondua
864 3184 932 3240 pure
950 3169 1074 3225 relietum
1092 3173 1175 3240 esset,
1193 3169 1319 3240 quamuis
1336 3183 1417 3225 omne
1430 3172 1573 3238 argentum
1584 3167 1726 3222 testatoris

294 3259 457 3332 deperisset,
481 3259 601 3314 admissa
623 3260 685 3328 lege
702 3257 824 3314 Falcidia
846 3260 935 3329 portio
958 3259 1018 3314 eius
1040 3259 1201 3329 quantitatis
1225 3263 1362 3329 sumetur,
1385 3273 1456 3330 quas
1479 3255 1531 3312 iuit
1548 3256 1577 3310 iu
1594 3253 1676 3310 bonis
1693 3269 1725 3310 eo

294 3355 417 3420 tempore
434 3363 489 3419 quo
508 3353 622 3404 testator
639 3347 766 3418 decessit,
787 3363 837 3403 nec
849 3348 885 3403 cd
901 3349 1113 3404 imminuendam
1125 3363 1186 3404 eam
1198 3348 1345 3418 quicquam
1357 3347 1458 3402 damna
1469 3351 1567 3416 postea
1578 3344 1727 3399 incidentia

261 3449 276 3496 o
294 3437 444 3510 proficient.
472 3439 527 3494 Res
545 3442 645 3507 tamen,
664 3452 735 3507 quae
753 3437 911 3507 interierint,
929 3453 978 3508 pro
997 3439 1071 3493 nulla
1087 3443 1165 3508 parte
1184 3453 1217 3492 ac
1235 3452 1269 3492 ne
1288 3435 1442 3492 aestimatio
1461 3433 1571 3504 quidem
1584 3433 1725 3504 debeatur,
1743 3445 1783 3489 ιε

261 3540 275 3585 ι
294 3544 349 3583 non
373 3528 460 3598 magis
483 3542 566 3597 quam
588 3527 612 3582 si
634 3541 729 3583 omues
752 3541 796 3582 res
813 3541 863 3597 per
880 3527 999 3597 speciem
1017 3531 1193 3583 enumeratae
1210 3527 1321 3582 relictae
1339 3526 1457 3581 assonet
1492 3523 1616 3580 Tametsi
1635 3527 1726 3579 autem

293 3618 362 3688 logis
380 3617 517 3673 Falcidiae
535 3617 649 3686 ratione,
668 3631 739 3686 quae
756 3617 923 3673 condicionis
941 3617 1094 3687 implendae
1112 3632 1196 3672 cauea
1214 3615 1307 3670 heredi
1324 3619 1389 3670 suut
1400 3613 1474 3685 data,
1492 3615 1520 3668 iu
1533 3616 1660 3684 quartam
1673 3629 1727 3670 uon

294 3712 494 3778 computantur,
512 3711 605 3762 ιιιιιιιι
623 3703 660 3773 id,
679 3705 752 3776 quod
771 3721 825 3762 nou
844 3705 932 3776 figura
949 3706 1116 3762 condicionis
1134 3705 1258 3775 accipere
1276 3703 1368 3761 iussus
1386 3708 1429 3759 est
1447 3702 1482 3758 ab
1500 3717 1542 3774 co,
1562 3703 1607 3760 cui
1621 3702 1726 3758 beredi-

293 3801 379 3852 tatem
397 3795 407 3862 ll
427 3795 571 3852 restituere
589 3797 702 3864 rogatus
719 3800 770 3866 est,
790 3795 869 3852 Celso
887 3802 917 3852 et
933 3796 1037 3852 iuliano
1055 3801 1149 3851 nostro
1166 3794 1270 3865 placuit
1282 3793 1441 3863 computari,
1460 3792 1692 3862 quomadmodum
1704 3791 1728 3848 si
1742 3803 1769 3850 t

294 3900 329 3941 ea
345 3901 453 3940 summa
470 3884 549 3940 heres
567 3883 687 3940 uendere
705 3899 752 3940 cas
770 3899 814 3940 res
832 3884 923 3940 iussus
941 3888 1029 3955 esset,
1049 3885 1185 3955 quianon
1204 3883 1371 3940 condicionis
1389 3881 1543 3953 implendae
1560 3897 1660 3951 causa,
1679 3869 1783 3936 sad'ror

293 3974 495 4045 quodammodo
513 3989 563 4044 pro
580 3974 668 4044 pretio
685 3971 785 4029 inferre
802 3977 867 4029 suut
884 3974 978 4030 iussii.
1009 3989 1064 4045 qno
1081 3975 1141 4030 loco
1160 3973 1276 4044 amplius
1294 3972 1447 4042 quaesitum
1466 3975 1517 4042 est,
1535 3987 1570 4026 au
1589 3969 1727 4028 fideicom-

294 4064 435 4119 missarins
452 4078 561 4135 quoqne
579 4063 681 4118 inuitus
700 4068 814 4132 cogatur
833 4064 898 4118 dare
911 4078 971 4119 eam
985 4079 1118 4120 summam
1132 4068 1161 4118 et
1171 4063 1292 4133 recipere
1303 4060 1492 4132 hereditatem,
1510 4061 1589 4130 quasi
1601 4061 1728 4131 stipatus

293 4151 358 4208 fidei
376 4153 551 4208 commissum
570 4157 656 4208 esset:
675 4151 724 4208 sed
743 4145 771 4208 id
789 4152 935 4209 uerisimile
948 4167 1003 4208 uou
1015 4155 1066 4222 est,
1086 4167 1149 4206 cum
1160 4153 1222 4207 talis
1234 4152 1323 4208 oratio
1334 4151 1423 4221 magis
1435 4151 1521 4220 ipsius
1533 4163 1626 4218 causa,
1645 4165 1727 4220 quam

262 4251 276 4298 s
294 4245 391 4298 contm
407 4242 498 4312 ipsum
516 4242 607 4312 posite
623 4241 758 4298 uideatur.
787 4241 856 4298 Cum
872 4241 918 4297 lex
935 4241 1057 4296 Falcidia
1074 4241 1229 4310 interuenit,
1247 4255 1302 4296 nou
1320 4241 1435 4296 ueniunt
1449 4241 1476 4294 in
1490 4238 1727 4308 conhibutioucm,

294 4346 365 4402 quae
389 4332 441 4402 ipsi
464 4330 557 4408 heredi
575 4348 592 4386 a
609 4333 757 4401 semetipso
775 4332 819 4386 uel
837 4345 918 4386 seruo
936 4331 996 4386 eius
1013 4331 1106 4400 legata
1123 4329 1223 4387 fideiue
1241 4331 1388 4387 commissa
1405 4311 1477 4384 suit
1512 4329 1565 4383 alia
1583 4343 1670 4384 causa
1686 4332 1728 4384 est
1743 4337 1783 4382 ιιι·

294 4429 536 4500 ιιιιιιιιοιι)

296 4556 304 4589 ¹
323 4551 435 4608 iuducet
452 4553 556 4620 (Falli
626 4553 637 4588 ²
656 4567 710 4622 quo
727 4553 825 4623 pretio]
844 4567 894 4622 pro
911 4553 1001 4623 pretio
1019 4553 1153 4624 (Marmei
1222 4554 1233 4587 ⁸
1250 4560 1391 4626 requiritur
1407 4551 1566 4607 inducatur:
1585 4553 1632 4606 aed
1648 4559 1726 4606 totas

294 4643 392 4678 comme
410 4623 461 4680 sed
477 4629 509 4678 ιιι
520 4624 546 4680 ei
610 4625 726 4695 amplius
744 4624 889 4680 inducatur
906 4631 1013 4680 otiosum
1033 4631 1070 4679 est
1087 4645 1131 4679 nee
1143 4623 1276 4679 Maeciam·
1346 4626 1358 4659 ⁴
1376 4624 1455 4678 uerba
1472 4645 1497 4678 rc
1509 4625 1545 4677 20
1562 4621 1638 4692 quod
1655 4623 1725 4678 anim

294 4701 400 4750 remota
466 4717 490 4749 a.
504 4697 539 4748 22
554 4695 654 4766 legatis
671 4694 772 4751 fidelus
790 4696 942 4752 commissis
960 4695 1118 4750 detrahatur
1136 4697 1254 4750 ardentm
1272 4697 1326 4750 loco
1344 4702 1413 4748 moto
1432 4702 1456 4750 et
1472 4696 1654 4766 transferendo
1717 4701 1726 4748 t

293 4769 417 4836 tempore
435 4764 536 4821 fuerint
551 4768 632 4822 a.29:
650 4775 785 4839 praetem
803 4769 921 4822 uidenhrr
939 4775 1052 4822 insiticia
1070 4786 1123 4821 ease
1141 4773 1165 4820 st
1176 4787 1206 4820 ec
1217 4773 1334 4837 marytres
1351 4774 1377 4820 tn
1389 4773 1480 4820 tectum
1494 4768 1565 4820 iliata
1628 4767 1640 4802 ⁸
1658 4713 1725 4833 ζιοις]

294 4835 412 4893 efficitur
429 4841 472 4910 (cf
485 4859 509 4891 a.
521 4836 587 4900 28st
656 4841 668 4874 ⁶
686 4854 730 4894 res
748 4843 840 4893 umen
903 4838 1014 4894 relictae
1032 4842 1124 4893 esseut
1142 4845 1201 4893 item
1218 4839 1319 4892 uidear
1331 4839 1498 4909 intepotctor
1509 4837 1642 4892 αιιιιιιιιιιι
1661 4845 1725 4892 tace-

293 4911 374 4964 rende
390 4906 613 4981 posthaberetur
630 4931 653 4964 u.
666 4911 702 4964 32
771 4911 782 4946 ⁷
800 4909 865 4979 quia
940 4915 1005 4965 sunt
1021 4909 1089 4966 iussi
1106 4910 1153 4964 del.

293 5041 386 5098 isis
405 5041 441 5096 F’
496 5041 529 5098 15
547 5042 743 5112 quantitate‘m'
756 5039 805 5096 par
853 5043 887 5099 18
899 5049 1028 5114 *prorsus
1046 5041 1085 5097 ι’
1138 5042 1373 5113 tisisin01siue
1386 5039 1579 5108 FWDQIOK,
1597 5040 1621 5096 si
1634 5039 1727 5097 nonE
