3614 5460
188 783 193 812 i

304 222 498 294 XXXXVIII
519 223 559 290 ii
578 228 597 284 4
615 257 648 270 -
669 222 746 288 181
954 240 957 247 ·
979 212 1066 294 840
1163 239 1210 287 nn
1225 240 1366 299 eroum.
1383 241 1451 290 unu
1467 241 1612 290 unsrun.
1628 243 1724 290 ossus.

305 399 340 440 ax
357 397 412 453 quo
430 397 464 437 ea
482 380 623 436 adnotatio
640 382 728 450 quae¹
747 378 793 434 uel
816 377 906 434 edinto
929 377 973 432 uel
991 376 1089 432 litteris
1111 375 1147 434 ed
1171 379 1346 448 magistratus
1370 378 1452 436 iactis
1476 379 1588 451 publice
1612 381 1727 438 innotuit

272 483 286 528 1
304 473 379 542 Ergo
397 477 426 526 et
443 470 542 540 uiginti
559 484 690 525 annorum
709 473 817 539 tempus
835 466 934 523 exinde
951 445 1019 521 iiico
1031 471 1197 536 numeratur,
1215 483 1250 522 ex
1265 483 1320 538 quo
1333 467 1475 525 adnotatio
1487 468 1599 540 publice
1611 471 1727 526 innotuit

272 562 336 617 aIn
355 576 462 616 summa
479 558 622 615 sciendum
641 563 684 614 est
701 559 776 613 nulla
792 557 923 628 temporis
945 555 1159 627 praescriptione
1181 571 1282 612 causae
1302 555 1460 614 defensione
1478 561 1647 616 summoneri
1663 576 1727 631 euru,

244 677 248 682 ·
304 651 352 721 qui
370 649 547 719 requirendus
565 648 711 703 adnotatus
730 649 781 701 est.
1740 662 1750 702 ι

268 737 287 798 b
358 739 551 794 Monasrmus
572 736 641 793 libro
663 735 825 791 duodecimo
848 733 1053 804 pandectarum.
1093 733 1228 790 Mendetis
1251 739 1364 792 cauetur
1382 731 1467 818 [Ῥοη.
1481 749 1520 804 24,
1534 751 1571 796 lt
1592 745 1758 806 &wetti

305 827 378 883 intra
395 843 495 882 annum
514 824 737 895 requirendorum
756 823 829 879 bona
846 822 998 892 obsignari,
1021 826 1065 892 ut,
1089 823 1112 877 si
1130 823 1259 878 redierint
1282 829 1311 878 et
1334 840 1365 880 se
1381 827 1577 896 purgauerint,
1601 815 1726 896 integffi

306 933 364 972 rem
382 933 459 971 suem
478 914 610 970 habeant:
634 914 658 968 si
680 927 769 982 neque
786 911 978 982 responderint
1002 925 1090 981 neque
1113 911 1160 982 qui
1183 927 1213 968 ss
1236 911 1386 968 defendant
1403 914 1562 986 habuerint,
1587 921 1652 970 tunc
1671 921 1727 986 post

273 1016 288 1062 1
307 1021 407 1062 annum
426 1003 499 1059 bona
515 1004 543 1058 in
561 1001 658 1058 fiscum
675 1005 819 1071 coguntur.
854 1001 891 1056 Et
907 1000 980 1056 intra
997 1016 1098 1056 annum
1117 1001 1207 1058 medio
1230 1005 1354 1072 tempore
1378 1005 1520 1060 mouentia
1543 1004 1568 1058 si
1591 1020 1645 1074 qua
1661 1009 1726 1074 sunt,

307 1110 341 1150 ne
359 1099 408 1150 aut
426 1107 503 1154 mora
519 1091 655 1147 deteriora
677 1089 746 1146 dant
767 1094 816 1146 aut
833 1090 924 1159 aliquo
947 1089 1028 1145 modo
1045 1089 1195 1159 intereant,
1219 1091 1313 1146 uenire
1331 1091 1431 1148 debere
1449 1094 1624 1162 pretiumque
1641 1109 1725 1162 eorum

273 1195 288 1240 a
306 1185 334 1238 in
353 1183 478 1252 deposito
496 1194 572 1250 esse,
591 1178 648 1234 diui
666 1177 785 1234 Seuerus
803 1183 832 1234 et
849 1177 1004 1234 Antoninus
1022 1181 1180 1234 sanxerunt
1216 1177 1273 1234 Sed
1290 1184 1318 1236 et
1335 1180 1416 1236 diuus
1434 1183 1573 1238 hunnus
1591 1183 1757 1238 intermori
1782 1197 1785 1206 ’

273 1272 400 1328 tuentia
418 1269 522 1326 tructus
544 1283 654 1338 qunque
676 1267 772 1323 baberi
794 1267 941 1338 rescripsit.
979 1265 1134 1322 Curandum
1159 1273 1203 1323 est
1220 1274 1325 1338 autem,
1349 1284 1384 1324 ne
1406 1270 1473 1340 quid
1496 1271 1523 1326 ei
1545 1273 1593 1342 qui
1615 1271 1725 1343 profugit

307 1360 397 1417 medio
414 1365 538 1430 tempore
556 1373 574 1413 a
591 1355 760 1412 debitoribus
777 1357 837 1412 eius
855 1355 986 1426 soluatur,
1004 1371 1039 1412 ne
1056 1371 1107 1426 per
1123 1355 1175 1412 hoc
1193 1355 1260 1428 iuga
1277 1358 1337 1413 eins
1354 1358 1514 1414 instruatur.

710 1679 747 1760 R
786 1681 851 1757 DE
878 1545 1250 1773 Quseel'elleiifflus
1290 1681 1327 1761 it
1498 1610 1501 1614 Ι
1734 1701 1780 1758 sir

270 1841 287 1900 1
362 1839 511 1896 Unrrsuus
523 1837 591 1894 libro
604 1841 702 1894 octauo
715 1835 749 1892 de
761 1835 853 1893 efficio
864 1839 1043 1906 proconsulis.
1073 1837 1104 1892 In
1117 1835 1420 1895 criminibuseruendie
1433 1841 1560 1910 quaestio
1579 1836 1720 1926 Q
1732 1846 1754 1901 i·

220 1939 222 1946 '
306 1929 430 1986 adhiberi
447 1929 526 1984 solet.
553 1925 603 1982 sed
621 1925 730 1997 qnando
748 1927 792 1981 uei
810 1931 945 1998 quatenus
962 1927 992 1982 id
1010 1925 1164 1982 iaciendum
1183 1927 1233 1996 sit,
1256 1927 1408 1984 uideamus.
1436 1934 1468 1984 et
1484 1945 1539 1985 non
1562 1946 1624 1985 esse
1646 1937 1719 1986 ator·
1732 1939 1749 1981 ri

306 2019 406 2074 mentis
424 2015 608 2087 incipiendum
626 2019 655 2070 et
673 2015 753 2070 diuus
765 2015 909 2084 Augustus
928 2017 1069 2072 constituit
1086 2031 1175 2085 neque
1193 2015 1263 2072 adeo
1280 2015 1362 2072 fidem
1374 2019 1531 2086 quaestioni
1544 2019 1719 2087 adhibendam,

273 2099 356 2166 ised
379 2112 408 2161 et
429 2106 546 2176 epistula
568 2103 626 2159 dini
649 2103 781 2160 Hadriani
807 2103 842 2160 ad
866 2105 996 2160 Sennium
1020 2103 1150 2160 Sabinum
1174 2106 1336 2161 continetur.
1368 2105 1461 2162 Uerba
1488 2109 1616 2180 rescripti
1639 2110 1675 2164 ita
1697 2121 1719 2162 se

306 2195 420 2252 habent:
439 2193 491 2249 ‘Ad
508 2197 645 2250 tormenta
663 2209 803 2249 seruorum
822 2193 862 2248 ita
879 2193 987 2248 demum
1006 2195 1094 2248 ueniri
1111 2199 1228 2265 oportet,
1247 2211 1308 2250 oum
1327 2201 1473 2264 suspectus
1492 2203 1536 2251 est
1548 2213 1612 2252 reus
1630 2197 1718 2252 etalii

273 2298 288 2344 a
307 2275 483 2354 'argumentis
502 2283 541 2338 ita
558 2281 713 2354 probationi
732 2283 907 2351 admonetur,
925 2287 958 2338 ut
974 2283 1032 2338 sola
1050 2282 1186 2338 consessio
1204 2298 1344 2339 seruorum
1363 2283 1462 2339 deesse
1481 2285 1624 2341 uideatnr'.
1656 2285 1717 2340 iden
1728 2295 1745 2337 si

306 2374 387 2429 diuus
405 2372 560 2428 Hadrianus
578 2371 693 2426 Claudio
711 2371 841 2438 Quartino
860 2371 1013 2441 rescripsit:
1035 2385 1089 2441 que
1107 2372 1239 2442 rescripto
1256 2372 1323 2427 illud
1341 2375 1478 2443 expressit
1496 2391 1513 2429 a
1531 2375 1717 2446 suspectissimi

273 2477 288 2521 s
306 2461 490 2532 incipiendum
509 2466 537 2516 et
555 2477 573 2516 a
589 2475 643 2530 quo
661 2459 787 2516 facillima
805 2475 886 2530 posse
905 2475 1000 2516 uerum
1018 2459 1106 2515 scire²
1124 2460 1206 2516 iudex
1225 2461 1378 2517 crediderit.
1409 2462 1456 2517 Ad
1474 2465 1659 2534 quaestionem
1675 2477 1715 2518 non

306 2567 368 2607 esse
381 2549 576 2622 prouocandos
594 2565 656 2620 eos,
680 2564 749 2619 quos
768 2554 912 2605 accusator
929 2549 964 2604 de
982 2547 1063 2604 domo
1082 2564 1133 2604 sua
1150 2549 1292 2620 produxit,
1317 2565 1369 2605 nec
1387 2548 1468 2606 facile
1487 2553 1650 2608 credendum
1666 2550 1713 2606 snb

306 2641 405 2696 lectam
430 2655 505 2708 eam,
528 2655 611 2708 quam
634 2636 716 2693 ambo
737 2645 865 2708 parantes
888 2639 1015 2693 dicuntur
1032 2653 1122 2692 earam
1140 2637 1222 2693 filiam
1241 2638 1371 2695 babuisse
1388 2640 1521 2710 rescripto
1541 2641 1659 2698 diuomm
1674 2639 1712 2694 irs·

272 2735 378 2790 sirum
397 2729 432 2784 ad
450 2729 565 2784 Lucium
583 2727 758 2784 'liberianum
776 2729 877 2784 emisso
895 2727 1057 2784 declaratur.
1093 2727 1169 2784 Idem
1188 2727 1313 2784 Cornelio
1330 2729 1446 2784 Proculo
1464 2732 1658 2801 rescripserunt
1672 2743 1709 2783 non
1720 2737 1737 2779 ιι

305 2818 400 2888 utique
424 2815 452 2872 in
470 2817 543 2872 serui
561 2816 642 2870 unius
660 2817 821 2884 quaestione
839 2815 921 2872 fidem
939 2817 978 2870 rei
996 2815 1228 2885 constituendam,
1249 2817 1298 2872 sed
1317 2818 1486 2886 argumentis
1504 2835 1615 2874 causum
1632 2817 1707 2873 erani-

273 2905 433 2969 snandam.
469 2905 558 2960 Diuus
578 2903 744 2974 Antoninus,
768 2911 797 2959 et
819 2905 900 2960 diuus
919 2905 1073 2960 Hadrianus
1091 2903 1192 2960 Sennio
1210 2903 1324 2975 Sabino,
1348 2907 1561 2978 rescripserunt,
1582 2925 1639 2963 cum
1653 2903 1705 2961 serui

305 2995 407 3066 pariter
424 3009 486 3050 cum
504 2993 614 3048 domino
632 3007 727 3048 aurum
747 2997 776 3048 et
794 2998 936 3063 argentum
955 2998 1114 3064 exportasse
1133 2993 1301 3062 dicerentur,
1318 3010 1374 3050 non
1392 3010 1455 3050 esse
1472 2996 1508 3052 de
1525 2997 1630 3052 dominu
1644 2997 1701 3050 inter

273 3084 457 3154 erogandos:
481 3082 657 3153 nequidem,
681 3083 704 3137 si
722 3083 793 3137 ultro
812 3083 913 3153 aliquid
933 3083 1063 3152 dixerint,
1082 3082 1180 3138 obesse
1197 3083 1250 3138 hoc
1267 3083 1387 3139 domino.
1424 3085 1488 3141 Diui
1507 3085 1603 3142 iratres
1617 3084 1699 3140 Leiimo

305 3173 431 3242 Longino
453 3171 651 3242 rescripserunt
675 3170 709 3226 de
728 3185 809 3226 seruo
827 3169 973 3226 heredum⁸
992 3187 1047 3226 non
1065 3185 1127 3226 esse
1144 3171 1297 3227 habendum
1316 3173 1505 3242 quaestionem
1523 3176 1550 3230 in
1568 3191 1608 3230 res
1623 3169 1696 3228 temd-
1707 3179 1726 3220 it

306 3263 415 3332 tarias⁴,
433 3261 558 3331 quamuis
575 3265 733 3330 suspectum
751 3257 862 3330 suisset,
884 3260 958 3330 quod
976 3260 1137 3330 imaginaria
1153 3261 1310 3316 uenditione
1328 3261 1478 3318 dominium
1496 3264 1524 3320 in
1543 3279 1574 3320 ee
1591 3261 1694 3333 quaesite

274 3351 385 3408 iberes
404 3350 550 3405 uideretur.
581 3347 697 3404 Seruum
716 3349 883 3418 municipum
901 3351 997 3419 posssse
1014 3350 1042 3405 in
1055 3353 1138 3418 caput
1150 3351 1249 3405 ciuium
1267 3351 1388 3420 torqueri
1400 3350 1691 3422 saepissimeresciiptuu
1702 3345 1748 3396 iiii

306 3445 363 3510 eet,
387 3440 451 3510 quia
474 3454 529 3494 non
549 3439 586 3494 sit
603 3439 708 3494 illorum
727 3453 838 3509 seruus,
862 3437 911 3493 sed
933 3438 972 3494 rei
995 3437 1129 3508 publicae.
1156 3438 1283 3508 idemque
1304 3439 1333 3494 in
1357 3441 1456 3496 ostede
1480 3443 1564 3498 seruis
1586 3447 1690 3510 cerpcmd

305 3545 511 3616 marmous-

307 3707 316 3742 ¹
335 3704 371 3761 ad
384 3703 574 3774 requirendum
587 3718 664 3758 reum
676 3701 794 3772 pertinet
804 3706 931 3759 similinus
943 3712 990 3760 ina.
1060 3703 1148 3760 ¹sciri
1160 3705 1257 3775 (scidit
1327 3707 1339 3742 ⁸
1356 3705 1466 3764 heredis
1479 3708 1621 3778 (Sciiitiiop.¹
1630 3723 1646 3755 a
1655 3691 1686 3764 ii?

306 3778 318 3812 ⁴
335 3777 406 3832 inter
424 3775 602 3832 hereditarios
619 3775 654 3829 dc
672 3789 701 3829 re
719 3773 883 3830 hereditaria
900 3775 935 3842 (u.
949 3773 997 3842 ii?

308 3938 323 3992 1
343 3935 483 3992 adnotatio
495 3935 574 4004 quae]
589 3936 616 3998 F,
629 3934 770 3990 adnotatio
782 3933 856 3990 iacta
867 3941 993 4006 estquae
1045 3935 1133 4005 duxit]
1157 3934 1190 3999 oi
1212 3936 1258 4008 χρὴ
1329 3937 1512 4024 προωὲχεεθιι
1534 3936 1638 3996 seius.
1652 3921 1683 4000 ⁰5?
1797 3953 1798 3956 ¹

305 4007 405 4071 X‘OG,
419 4005 494 4062 fecta
505 4006 645 4062 adnotatio
657 4011 700 4062 est
711 4021 782 4075 quae
794 4006 858 4071 iiii,
870 4027 917 4061 om.
928 4015 993 4062 inter
1046 4007 1062 4062 ὁ
1081 4009 1306 4079 sarusopoiessoc
1323 4013 1411 4076 (immo
1430 4010 1608 4080 usarsfopdiei
1620 4001 1639 4054 'tt
1652 4009 1683 4052 “ii
1795 4009 1798 4038 '³

306 4083 360 4134 ciis
378 4080 431 4134 X':
456 4077 483 4132 ὲΞ
503 4077 547 4133 ὅτε
566 4078 580 4132 i'i
599 4079 805 4148 napscsueimcic
823 4079 927 4143 istesso
945 4079 993 4141 τοῨ
1047 4079 1112 4142 iiior
1136 4079 1209 4142 οἷκογ
1232 4081 1375 4165 npciisafes
1400 4081 1463 4146 Rs,
1487 4080 1520 4144 oi
1540 4081 1576 4134 tei
1595 4075 1617 4131 i't
1631 4069 1683 4146 iii?
1797 4127 1798 4134 ,

307 4149 490 4220 ῥεκογιρὲιιλογ
515 4151 553 4203 ssi
577 4149 618 4202 tii
640 4149 689 4210 τοῩ
712 4148 815 4214 'rbitror
840 4151 854 4203 ii
878 4148 992 4204 brimbs
1047 4152 1102 4204 cesi
1121 4169 1193 4205 riuac
1211 4150 1262 4206 ino
1278 4151 1327 4213 τοῨ
1345 4153 1419 4215 οἷκογ
1436 4153 1485 4214 roi
1503 4151 1626 4220 sarusdpot
1640 4149 1683 4220 'di‘
1794 4165 1798 4204 z*

307 4222 373 4292 apoc
391 4221 454 4284 roic
473 4220 630 4290 crparusoic
649 4221 804 4291 [parasitum
817 4223 855 4275 sai
869 4222 993 4292 caespite
1046 4221 1150 4276 zirucm
1172 4223 1196 4275 Β
1251 4225 1285 4277 25
1304 4223 1339 4278 ad
1356 4225 1459 4280 lucium
1477 4215 1628 4285 tiberianum]
1640 4221 1683 4296 ipat
1797 4245 1798 4290 ι

307 4292 994 4363 tbsuocier'teBS,erpimitipiturDorotlieuauerba
1048 4292 1326 4365 ΛοῨκιοιιΤιΒιιριιιιὸιι
1346 4303 1421 4349 etiam
1435 4295 1483 4350 RS
1527 4297 1559 4352 ii
1575 4273 1683 4349 serisiip
1795 4291 1798 4362 ¹,

308 4366 409 4419 binatio
425 4373 463 4419 sic
471 4366 533 4434 sere
550 4371 579 4418 at
596 4364 784 4418 Bononimaes:
807 4372 900 4418 rectius
918 4366 992 4418 Aac·
1046 4366 1080 4420 ui
1106 4365 1219 4420 seumio
1243 4366 1280 4419 i*
1342 4366 1377 4420 29
1402 4369 1522 4435 Λολιικῷ
1546 4364 1638 4430 Λοπίιφ
1654 4345 1684 4404 ⁸3
1797 4369 1798 4372 ’

308 4455 411 4506 aymus:
434 4434 506 4488 ’alors
524 4433 682 4503 secesseris]
702 4433 716 4486 ἡ
788 4435 993 4502 napscuueimcrc
1046 4437 1081 4490 30
1099 4435 1134 4490 de
1152 4451 1232 4492 seruo
1253 4435 1393 4506 heredum]
1416 4437 1464 4492 τὸιι
1487 4439 1578 4501 enites
1599 4431 1684 4500 wius·

308 4507 374 4574 2et]
388 4511 419 4560 ut
427 4507 449 4558 F
452 4507 463 4540 ¹
479 4507 484 4572 Ι
500 4512 656 4560 numeretur
665 4506 701 4558 F¹
748 4505 1000 4561 3defensionemF
1047 4505 1162 4577 ροιιὸιιογ
1183 4509 1232 4562 Rs
1256 4510 1421 4580 similiterque
1442 4511 1469 4564 B
1491 4514 1496 4577 Ι
1516 4512 1543 4566 iu
1562 4523 1601 4564 res
1616 4489 1686 4572 hirti:
1797 4547 1798 4562 ι

307 4577 489 4632 emendatus
506 4577 540 4629 F¹
594 4575 910 4645 disquirend'um'orum
932 4578 992 4649 ΡΙ
1046 4579 1139 4648 terius]
1157 4579 1381 4648 nepinpsrss'rmu
1399 4572 1687 4652 ιιλιιροιιοιιιιίιιιιιΒὲιΝΑ

308 4654 337 4703 et
355 4663 385 4702 ee
403 4647 580 4718 purgauerint
601 4667 650 4702 om.
664 4649 707 4712 F1,
730 4655 808 4706 uertit
830 4649 994 4734 Aaonpmua:
1045 4649 1145 4719 spissia
1172 4652 1369 4720 ubepoaouraios
1398 4653 1439 4706 B:
1466 4657 1500 4724 cf.
1522 4657 1537 4708 i.
1555 4653 1586 4708 iii
1606 4639 1689 4721 §W

309 4719 332 4773 si
350 4719 398 4772 ιιὲιι
416 4717 494 4772 turbs
512 4716 633 4782 ὲκιιγτοῩ
650 4717 736 4772 stethu
749 4719 842 4783 ἒιγτὸιι
856 4729 952 4790 setapq
967 4721 993 4774 Β
1045 4723 1079 4776 31
1090 4721 1315 4790 imagiu*ui·¹iaF²
1328 4725 1332 4790 ἶ
1346 4723 1575 4792 quaesisacherea
1582 4701 1691 4780 mdeste]

309 4789 473 4846 eternus*
520 4790 554 4845 15
566 4789 702 4859 eruendis]
716 4791 751 4844 F¹
764 4791 880 4845 camBS
889 4791 992 4856 (Βοιὰς
1046 4791 1161 4856 FMOG,
1179 4794 1320 4861 quaesisse
1338 4793 1448 4849 uidetur
1466 4795 1547 4852 heres
1562 4795 1603 4860 X,
1619 4787 1692 4850 uiuum
1797 4841 1798 4854 ι

309 4859 338 4915 ὲκ
348 4863 379 4933 τῇ
388 4863 443 4916 τῶι
452 4859 619 4925 isserninus
629 4859 789 4928 isszsriicsi,
805 4861 946 4917 seruandis
958 4863 993 4914 Ρ
1045 4863 1186 4932 quaesisse
1203 4864 1281 4922 hores
1297 4865 1333 4918 1⁷:
1352 4865 1462 4936 ‘Pyisisi
1475 4865 1528 4924 bes
1539 4861 1696 4936 morienti
1797 4859 1798 4912 i

307 4935 341 4990 21
362 4932 520 5006 quarti‘o'nn
538 4932 575 4988 F‘
635 4933 670 4987 22
693 4947 748 4988 non
765 4947 826 4988 esse
843 4948 992 5003 prouoean·
1045 4939 1074 4990 et
1096 4935 1136 4990 sie
1158 4940 1202 4990 est
1225 4937 1253 4990 in
1270 4935 1361 5004 l(ibro)
1386 4937 1523 5010 Biulgari)
1545 4947 1574 4997 et
1592 4927 1692 5007 Rioidfii
1797 4937 1798 4942 ’

309 5004 360 5064 dos
381 5020 429 5062 eos
451 5019 520 5080 quos
544 5009 688 5062 aecusator
710 5003 745 5059 de
763 5003 845 5060 domo
863 5019 913 5060 sua
929 5019 991 5076 pro·
1041 5008 1129 5082 ploras
1147 5005 1322 5079 Repetiniana
1339 5009 1440 5068 contX
