3638 5460
116 286 209 335 ει
230 287 601 336 nnuonsraamomeus
837 261 922 342 199
1267 265 1386 336 XXXV
1409 271 1425 335 1
1447 277 1596 332 101-109

111 426 241 482 dato:
261 426 332 483 'nolo
349 428 493 496 restituas,
517 427 542 482 si
565 427 624 482 sine
648 424 741 482 liberis
763 425 890 482 decedas·
909 425 1033 480 condicio
1055 424 1149 482 deficit
1172 442 1208 482 ex
1230 426 1373 482 uoluntate
1395 427 1440 484 uel
1461 443 1518 484 uno
1541 423 1598 483 filio

34 519 50 565 ι
104 518 312 587 superstite
329 517 434 573 relicto.
470 515 667 572 condicionum
685 513 779 584 uerba,
799 529 870 585 quae
888 519 1052 570 testamento
1070 515 1301 586 praescribuntur,
1319 531 1369 586 pro
1386 517 1527 572 uoluntate
1546 515 1597 601 [131

103 605 385 662 considerautur:
408 611 437 660 et
454 605 517 660 ideo
535 619 597 660 cum
615 609 721 660 tutores
739 608 906 659 testamento
924 603 994 673 dati,
1018 605 1148 674 quoniam
1165 606 1270 660 interea
1287 619 1355 675 puer
1373 604 1545 675 adolerent,
1560 595 1597 662 hl

104 696 283 766 egerint,
308 701 340 750 ut
357 699 497 750 curatores
515 693 568 763 ipsi
586 694 831 762 constituerentur,
856 691 981 748 condicio
1003 691 1207 749 fideicommissi
1224 694 1287 748 talis
1306 679 1486 766 praescripta:
1505 695 1536 750 'si
1554 701 1596 752 tu·
1677 681 1684 686 ’

43 785 57 831 ⁸
106 781 252 840 'telam
272 786 302 840 in
320 799 420 839 sunum
440 787 568 838 octarmm
587 782 723 836 decimum
742 779 886 850 gesserint*
904 779 1039 836 defecisse
1057 797 1112 838 uon
1130 781 1275 838 uidebitur.
1306 781 1407 838 Socrus
1424 784 1504 839 nurui
1521 783 1597 840 fidei·
1616 797 1629 838 e

112 875 340 929 oomnissum
358 874 397 928 ita
414 875 574 943 reliquerat:
594 871 624 926 ‘si
643 885 705 926 cum
726 869 782 925 tilio
805 885 867 926 meo
891 871 919 924 in
942 870 1114 927 matrimonio
1137 870 1376 942 perseuerauerit':
1400 872 1518 929 diuortio
1538 874 1598 929 sine

113 963 242 1034 eulpa
260 963 315 1018 uiri
333 967 529 1032 postmortem
548 975 643 1016 socrus
659 959 734 1016 iacto
751 958 886 1014 defecisse
905 959 1093 1015 condicionem
1110 959 1247 1030 respondi.
1275 975 1326 1014 nec
1350 961 1503 1016 antediem
1521 960 1597 1018 hdei-

120 1052 303 1107 oommissi
320 1051 427 1120 cedere,
447 1067 528 1121 quarn
548 1051 616 1106 mori
634 1049 755 1119 coeperit
771 1051 858 1118 nupta
876 1049 921 1104 uel
939 1050 1061 1118 maritus,
1081 1056 1109 1104 et
1127 1050 1189 1104 ideo
1208 1063 1259 1104 nec
1270 1049 1423 1105 Mucianam
1443 1051 1597 1106 cautionem

59 1143 73 1188 4
117 1141 249 1197 locum
269 1140 381 1209 hahere,
400 1142 465 1210 quia
482 1147 569 1196 morte
587 1139 639 1194 uiri
656 1138 781 1194 condicio
799 1137 887 1208 possit
905 1139 1045 1194 exsistere.
1073 1139 1299 1196 Fideicomrnissa
1313 1144 1454 1194 menstrua
1466 1145 1495 1195 et
1506 1155 1598 1195 annua

123 1231 205 1286 auh
225 1245 265 1285 ea
283 1229 446 1286 condicione
464 1229 561 1285 liberto
579 1229 675 1283 relicta
692 1227 830 1297 ‘quamdiu
849 1241 893 1282 res
911 1228 1019 1296 patroni
1036 1225 1108 1282 filiae
1126 1225 1250 1297 gesserit
1268 1228 1321 1282 etsi
1336 1229 1470 1298 praestari
1484 1243 1597 1284 necesse
1617 1240 1645 1281 ιι

126 1327 194 1376 est
212 1318 278 1375 filia
297 1319 459 1390 prohibente
477 1335 521 1374 res
539 1333 604 1373 suas
623 1316 819 1385 administrari,
837 1321 931 1370 umen
949 1317 1117 1371 uoluntatem
1136 1314 1192 1372 filia
1209 1320 1333 1372 mutante
1350 1315 1538 1372 condicionem
1555 1333 1596 1373 re

134 1415 283 1479 sumunt,
302 1409 432 1478 quoniam
450 1409 529 1478 plura
546 1411 618 1462 sunt.

47 1487 104 1550 102
203 1499 293 1554 Iners
310 1497 380 1552 libro
398 1513 470 1552 nono
488 1511 690 1566 responsorum.
721 1493 791 1550 <lum
810 1509 879 1550 auus
897 1491 982 1549 tilium
1000 1509 1033 1548 ac
1047 1499 1174 1563 nepotem
1193 1509 1228 1548 ex
1245 1495 1331 1549 altero
1348 1492 1404 1550 tilio
1422 1487 1596 1578 Q
1627 1501 1668 1556 P*

138 1587 276 1644 heredes
296 1586 469 1656 instituisset,
488 1601 505 1640 a
523 1589 621 1654 nepote
639 1584 717 1654 petit,
735 1587 775 1652 ut,
794 1584 818 1638 si
835 1583 908 1638 iutra
925 1599 1026 1638 anuum
1045 1583 1216 1652 trigesimum
1234 1589 1398 1653 moreretur,
1417 1583 1596 1638 hereditatem

135 1683 259 1748 patruo
285 1691 337 1730 suo
361 1675 530 1730 restitueret:
554 1689 639 1743 nepos
661 1671 754 1728 liberis
776 1673 878 1727 relictis
900 1673 971 1727 intra
995 1675 1113 1726 aetatem
1139 1687 1222 1741 supra
1240 1673 1369 1742 scriptum
1387 1673 1447 1728 nite
1469 1669 1596 1726 decessit
1618 1685 1644 1726 re

135 1764 367 1822 fideicommissi
379 1763 565 1818 condicionem
579 1763 737 1818 coniectura
747 1762 859 1830 pietatis
870 1760 999 1831 respondi
1011 1757 1154 1832 deiecisse,
1167 1761 1240 1831 quod
1253 1763 1343 1817 minue
1355 1763 1495 1832 scriptum,
1513 1773 1596 1830 quarn

136 1855 281 1912 dietum¹
301 1852 400 1922 inerat,
416 1851 592 1907 inueniretur.
754 1855 758 1862 '

58 1935 108 1992 103
206 1945 336 1999 Pinnos
359 1941 428 1996 libro
450 1947 548 2010 quarto
570 1940 677 1996 decimo
701 1941 902 2010 quaestionum.
939 1937 969 1994 Si
991 1939 1031 1993 ita
1047 1939 1169 2008 legatum
1188 1940 1224 1994 sit
1242 1939 1322 1994 'Titio
1339 1943 1404 2009 post
1422 1931 1596 2022 Q
1625 1947 1668 2001 P·

139 2032 263 2088 ’ἀοωιιι
284 2045 373 2086 annos
390 2030 467 2099 dato,
491 2030 515 2084 si
538 2030 606 2084 satis
629 2027 665 2084 ab
689 2029 789 2085 herede
812 2045 867 2085 non
885 2027 1015 2098 exegerit
1034 2031 1062 2083 et
1079 2027 1169 2083 Titius
1187 2029 1258 2084 intra
1276 2028 1412 2084 decimum
1430 2043 1531 2082 aunum
1549 2027 1596 2084 de·

140 2121 286 2190 amerit,
306 2119 342 2174 ad
360 2118 487 2174 heredem
506 2135 586 2174 sunm
604 2119 774 2174 transmittat
789 2119 920 2188 legatum,
939 2118 1004 2188 quia
1021 2118 1154 2173 moriente
1173 2131 1206 2174 eo
1225 2117 1350 2174 condicio
1368 2117 1481 2172 exstitit.
1615 2132 1644 2173 ao

63 2197 111 2256 104
208 2211 293 2266 lucu
312 2208 381 2263 libro
399 2211 496 2278 quarto
515 2208 621 2263 decimo
633 2223 836 2278 responsorum.
864 2208 943 2278 Eum,
961 2207 1084 2277 qnipost
1101 2213 1227 2277 apertum
1241 2211 1388 2262 testamen·
1406 2201 1596 2290 misto
1626 2213 1682 2286 Ps'

139 2305 214 2357 turn
234 2299 401 2369 deportatus
419 2303 449 2352 et
465 2299 609 2352 restitutus
628 2301 683 2366 est,
706 2295 946 2352 fideicommissum
964 2302 1059 2366 petere
1076 2311 1173 2368 posse,
1197 2297 1275 2352 cuius
1293 2295 1417 2352 condicio
1436 2302 1533 2368 postea
1550 2311 1596 2352 ex-

139 2393 238 2460 snut,
257 2403 344 2459 qnam
363 2387 502 2442 ciuitatem
521 2385 673 2442 Romanmn
691 2386 814 2456 recipiat.

66 2463 111 2520 ¹⁰5
207 2481 388 2535 Postremus
405 2475 474 2530 libre
492 2476 588 2545 quinto
601 2476 788 2545 epistularum.
816 2473 845 2531 Si
858 2475 973 2530 fundum
985 2491 1003 2530 a
1013 2479 1145 2530 testatore
1162 2474 1214 2531 auh
1227 2475 1387 2531 condicione
1405 2467 1596 2560 Q
1615 2479 1656 2534 Ἐ

136 2566 282 2639 legatum
303 2565 382 2621 heres
401 2565 446 2620 alii
463 2564 600 2634 pendente
618 2564 779 2620 condicione
797 2565 909 2634 legauit,
926 2569 990 2635 post
1008 2565 1185 2620 exsistentem
1203 2565 1405 2635 condicionem,
1424 2579 1495 2634 qnae
1513 2566 1595 2635 priori
1614 2576 1643 2618 ae

137 2660 329 2714 testamento
352 2655 509 2726 praeposita
530 2651 632 2722 iuerat,
657 2669 746 2724 neque
768 2653 922 2724 proprietas
946 2669 964 2708 a
980 2655 1070 2724 priore
1088 2653 1220 2724 legatario
1238 2654 1342 2709 recedit
1359 2669 1410 2710 nec
1427 2655 1517 2710 locum
1535 2655 1595 2709 reli-

132 2749 267 2813 yiosum
287 2745 317 2800 in
335 2759 368 2798 eo
386 2743 471 2798 iundo
488 2743 567 2798 heres
583 2741 673 2798 facere
690 2758 742 2798 nec
754 2743 914 2798 seruitutem
926 2743 1066 2814 imponere
1079 2741 1089 2814 11
1103 2744 1217 2814 poterit:
1236 2744 1286 2800 sed
1297 2749 1326 2800 et
1337 2744 1465 2814 imposita
1476 2743 1595 2800 seruitus
1613 2763 1635 2810 q.
1647 2751 1676 2798 te
1691 2749 1764 2804 tet,

135 2833 270 2892 finietur
288 2833 440 2888 emittente
457 2833 626 2888 condicione.

59 2907 105 2967 ¹0⁶
207 2925 358 2980 lunum
380 2921 450 2978 libro
472 2922 603 2978 uicesimo
627 2921 723 2990 quinto
745 2921 923 2990 digestorum.
960 2921 1020 2977 Hoc
1043 2935 1132 2992 genus
1154 2922 1239 2991 legati
1257 2921 1289 2977 ‘si
1311 2922 1384 2978 Titio
1403 2916 1594 3007 Q
1613 2925 1648 2981 'S

138 3011 218 3072 ‘non
238 3011 375 3069 nubserit'
392 3011 506 3082 perinde
524 3010 680 3066 habendum
699 3015 749 3080 est,
769 3026 802 3065 ae
820 3011 843 3066 si
861 3015 925 3081 post
943 3014 1057 3066 mortem
1070 3011 1136 3066 Titii
1154 3011 1275 3080 legatum
1294 3009 1398 3082 inisset,
1417 3019 1446 3067 et
1463 3013 1525 3068 ideo
1542 3027 1595 3068 nee
1613 3021 1641 3062 eo

134 3100 288 3160 Muciana
306 3101 486 3156 satisdatione
508 3101 668 3170 interposita
691 3115 789 3170 capere
813 3101 935 3170 legatum
953 3103 1053 3169 potest.
1081 3099 1131 3154 sed
1149 3101 1240 3155 etalii
1258 3100 1386 3158 nubendo
1403 3101 1487 3157 nihilo
1504 3102 1594 3158 minus

253 3209 281 3246 nr
301 3191 484 3260 consequitur.

56 3263 106 3323 ¹⁰⁸1
134 3187 311 3339 stagnus
333 3279 403 3334 libro
425 3277 555 3348 singulari
579 3277 614 3332 de
638 3275 757 3332 casibus.
794 3276 950 3347 Aliquando
969 3277 1082 3348 accidit,
1104 3283 1137 3332 ut
1157 3276 1208 3334 sub
1227 3277 1386 3334 condicione
1404 3273 1594 3364 Q
1612 3284 1654 3340 'P

137 3369 255 3428 datum
275 3371 398 3439 legatum
416 3383 513 3439 purum
532 3367 719 3436 intellegatur,
742 3367 829 3422 ueluti
851 3365 925 3438 quod
947 3366 999 3422 tub
1022 3366 1119 3422 eadem
1142 3367 1301 3423 condicione
1318 3369 1442 3424 relictum
1460 3375 1518 3440 est,
1542 3369 1594 3425 sub

136 3473 211 3532 qua
230 3461 318 3514 ειιιιιιι
337 3458 416 3513 heres
435 3457 504 3512 aliua
527 3457 668 3511 institutus
686 3463 743 3526 est,
766 3457 832 3511 item
856 3455 930 3524 quod
950 3453 1002 3510 sub
1020 3454 1072 3510 hac
1090 3455 1249 3512 condicione
1267 3458 1390 3512 relictum
1409 3463 1453 3514 est
1470 3457 1501 3513 'si
1518 3458 1594 3514 here·
1612 3469 1641 3510 ee

138 3543 284 3606 'ditatam
309 3545 422 3602 adierit.
450 3560 485 3600 ex
507 3544 617 3600 diuerso
640 3559 748 3615 qnoque
770 3559 869 3616 purum
892 3544 987 3599 datum
1010 3544 1131 3615 legatum
1155 3545 1341 3602 condicionale
1364 3547 1485 3618 uidetur,
1508 3548 1594 3604 ueluti

136 3639 232 3708 quod
252 3637 307 3693 snb
325 3635 486 3692 condicione
504 3633 663 3704 ademptum
682 3639 733 3704 est,
752 3635 817 3704 qnia
834 3633 886 3690 suh
904 3634 1039 3690 coeuntia
1057 3633 1216 3689 condicione
1234 3634 1328 3690 datum
1346 3636 1520 3706 intellegitur.

56 3707 104 3768 ¹oe
207 3727 374 3784 &succus
396 3723 466 3780 lihro
489 3737 561 3778 nono
584 3723 692 3778 decimo
715 3723 893 3793 digestorum.
929 3722 1048 3778 Libertis
1071 3723 1197 3779 omnibus
1214 3724 1319 3794 legauit
1335 3724 1383 3780 do·
1402 3721 1592 3809 W
1622 3731 1650 3786 A

137 3827 232 3874 urum
252 3822 284 3871 et
302 3814 370 3870 haec
387 3813 473 3869 nerha
491 3812 604 3868 adiecit:
623 3811 662 3867 ‘ut
680 3813 707 3867 iu
726 3827 759 3868 ea
776 3812 900 3868 habitent
916 3812 1014 3882 liberti,
1033 3827 1068 3868 ne
1086 3813 1121 3868 de
1138 3813 1247 3868 nomine
1261 3819 1342 3868 exeat
1358 3817 1388 3869 et
1403 3820 1435 3871 ut
1450 3802 1592 3886 adu—num,

135 3899 210 3978 'qni
228 3904 401 3960 nouissimus
418 3902 564 3970 exstiterit,
581 3903 739 3972 perueniat:
758 3909 787 3957 et
804 3917 837 3957 eo
856 3903 972 3972 amplius
990 3901 1095 3958 eisdem
1112 3901 1217 3958 libertis
1235 3903 1304 3958 meis
1321 3903 1380 3959 dari
1397 3906 1461 3961 uolo
1478 3903 1592 3960 fundum
1611 3914 1639 3956 so

134 3987 330 4052 'Besinuml
357 3991 511 4062 quaesitum
529 3995 580 4060 est,
600 4006 635 4045 an
653 3990 777 4045 condicio
794 3991 928 4061 adposita,
947 4005 982 4046 ne
1000 3991 1035 4046 de
1053 3992 1163 4048 nomine
1181 3993 1276 4062 exiret,
1295 3993 1330 4047 ad
1348 4009 1466 4064 sequens
1483 4009 1592 4064 quoque

131 4075 280 4156 legumen
298 4081 456 4152 pertineret.
483 4079 623 4150 respondit
640 4081 784 4150 pertinere.

54 4143 102 4202 ¹⁰⁹
206 4175 291 4228 lnam
308 4170 377 4226 libro
395 4171 527 4225 uicesimo
544 4169 721 4238 digestorum.
755 4168 927 4225 Atestatore
945 4173 1065 4239 rogatus,
1085 4173 1116 4224 ut
1133 4170 1254 4241 acceptis
1272 4176 1381 4226 centum
1401 4167 1590 4257 [ιι-’,ΕΜ
1619 4179 1645 4232 A

134 4263 279 4320 nummis
297 4261 454 4315 restitueret
471 4259 650 4314 hereditatem
662 4257 753 4312 Titiae
770 4259 897 4314 coheredi
915 4273 991 4328 suae,
1010 4258 1087 4314 adita
1103 4258 1255 4315 hereditate
1273 4259 1404 4317 decessit:
1423 4250 1592 4319 similitu]

135 4346 245 4422 Titia,
271 4357 421 4419 autequam
445 4349 523 4404 daret
543 4354 666 4403 eentum:
691 4349 845 4418 quaesitum
870 4353 924 4418 est,
948 4363 983 4402 an
1006 4347 1085 4402 heres
1107 4349 1197 4404 Titiae
1220 4349 1359 4405 offerendo
1383 4357 1492 4408 centum
1515 4351 1591 4408 fidei·
1610 4361 1639 4403 tt

134 4441 308 4500 commisso
330 4443 437 4508 partem
460 4437 619 4494 hereditatis
642 4438 773 4508 consequi
795 4437 893 4506 possit.
926 4437 1068 4508 respondit
1089 4435 1218 4492 heredem
1242 4439 1394 4494 condicioni
1420 4455 1515 4512 parere
1536 4455 1591 4498 non

135 4539 249 4598 posse.
279 4527 442 4583 (ιιιιιιιιιιιι.
463 4543 563 4597 magno
582 4527 692 4598 ingenio
711 4527 745 4582 de
763 4527 821 4582 iure
840 4530 935 4598 aperto
953 4526 1101 4598 respondit,
1120 4542 1182 4582 cnm
1194 4532 1287 4598 potest
1298 4527 1424 4600 dubitari,
1444 4547 1478 4586 an
1491 4531 1519 4587 in
1531 4547 1591 4603 pro·

135 4622 248 4688 poure
267 4617 394 4673 condicio
411 4620 494 4672 esset.

141 4715 402 4786 ITWDEQICK)

147 4861 161 4896 ¹
181 4857 302 4916 aetum?
454 4817 478 4822 a

442 4947 586 4957 ...an-na·

144 4949 267 5050 lesit*
288 4991 323 5044 F*
382 4991 418 5044 26
438 4989 592 5044 relictorum
616 4991 643 5042 F
690 4990 724 5045 31
747 4989 798 5044 sed
822 4995 851 5046 et
904 4993 939 5047 36
956 4989 1161 5047 conditionale
1179 4991 1216 5044 F*
1269 4993 1305 5048 42
1323 4991 1523 5063 respondi‘t'F

151 5066 203 5122 8111
221 5063 286 5136 seq]
305 5061 453 5128 μιιογιιὲιιιι
468 5060 499 5114 he
511 5061 582 5130 ἄλλῳ
595 5060 717 5116 aaaea'ac
731 5061 758 5116 Β
770 5061 850 5134 (rap.)

511 4817 548 4821 .-.-
559 4815 738 4822 -ι--ι--ῌ-..ω
744 4815 1235 4824 mm
1241 4817 1590 4829 ...m
