3584 5454
1218 185 1233 218 Χ

267 273 447 342 xxxiva
469 277 508 340 17
530 283 545 337 1
566 311 598 324 -
620 275 699 340 191
941 269 966 348 Ἰ
972 267 1029 349 90
1146 293 1193 340 nu
1207 291 1423 341 sumnonem.
1447 293 1565 340 axem.
1582 294 1701 341 manen

267 435 377 489 οοιιιιιιι
398 434 488 502 operis
511 431 614 504 publici
630 433 788 504 temporarii
806 431 918 488 modum
937 445 992 486 non
1010 429 1215 500 egrediendum.
1243 430 1316 486 idem
1334 431 1409 486 etin
1427 430 1579 486 balneariis
1597 429 1702 486 furibus.

268 522 318 577 sed
337 523 360 576 si
378 523 433 576 telo
446 537 476 577 se
488 521 563 577 sures
575 521 726 578 defendunt
738 523 783 577 uel
795 523 951 578 effractores
969 519 1014 574 uel
1027 517 1111 574 ceteri
1123 519 1165 574 his
1178 519 1279 575 slmiles
1290 535 1341 574 uec
1353 535 1516 590 quemquam
1536 515 1703 604 Q

268 617 470 682 percusserunt,
490 613 592 666 metalli
610 627 699 682 poena
716 612 761 666 uel
779 610 949 666 honestiores
967 609 1158 676 relegationis²
1176 607 1322 664 adficiendi
1342 613 1430 664 erunt

231 703 250 760 2
321 700 497 754 hinncrnuus
519 699 588 756 libro
611 699 733 755 seeundo
755 699 916 754 iudiciorum
935 696 1114 766 publicorum.
1152 695 1207 753 Sed
1225 699 1249 753 si
1267 697 1387 752 interdiu
1404 696 1460 752 fur·
1480 691 1736 781 [faama-nis

268 793 326 844 bum
346 786 478 856 iecerunt,
497 789 532 843 ad
551 789 594 843 ius
612 789 778 843 ordinarium
797 785 954 842 remittendi
972 791 1045 841 sunt.
1719 803 1731 842 a

232 877 250 937 3
322 878 441 933 Pennus
463 877 531 932 libro
555 877 687 946 singulari
710 876 746 932 de
766 876 862 946 poeuis
881 875 1005 929 militum.
1042 873 1133 945 ilites,
1157 874 1251 945 quiin
1270 873 1343 930 furto
1361 873 1503 930 balneario
1521 873 1735 945 adprehemmd

269 969 320 1036 est,
339 966 489 1035 ignominia
507 966 579 1020 mitti
597 965 688 1021 debet.

426 1219 463 1296 a
502 1081 1073 1294 nnurcmorouniii'r
1100 1167 1477 1293 emunuoanus
1518 1217 1558 1294 ιι
1716 1238 1750 1292 o

233 1376 248 1432 1
323 1373 474 1444 Uumauns
491 1373 561 1430 libro
579 1381 679 1430 cctam
697 1373 732 1428 de
750 1370 841 1428 cilicio
859 1371 1040 1442 proconsulis.
1073 1371 1116 1426 De
1134 1371 1185 1440 his,
1206 1372 1254 1440 qui
1272 1387 1382 1427 carcere
1400 1372 1516 1427 effracto
1535 1369 1732 1454 [ΜΝ

270 1469 426 1532 euaserunt,
444 1463 608 1518 sumendum
620 1463 783 1533 supplicium
796 1459 854 1516 dini
867 1459 965 1516 fratros
976 1460 1094 1515 Aemilio
1106 1459 1201 1514 Tironi
1212 1461 1419 1530 rescripserunt
1448 1460 1616 1516 Santruinus
1628 1460 1701 1514 edam
1718 1475 1735 1514 u

269 1550 369 1620 probat
386 1551 414 1605 in
433 1566 489 1620 eos,
508 1552 554 1620 qui
573 1551 608 1606 de
626 1567 736 1606 carcere
754 1555 903 1620 eruperunt
916 1549 976 1603 siue
988 1549 1108 1604 effractis
1121 1548 1225 1604 loribus
1237 1549 1296 1604 siue
1308 1551 1513 1620 conspiratione
1526 1566 1591 1604 cum
1604 1548 1701 1616 ceteris,

269 1639 316 1708 qui
334 1639 362 1694 in
380 1639 477 1694 eadem
496 1639 622 1696 custodia
640 1645 725 1708 eraut,
744 1639 834 1708 capite
852 1637 1038 1708 puniendos⁸2
1057 1637 1131 1708 quod
1150 1639 1174 1692 si
1191 1653 1240 1708 per
1257 1638 1459 1707 neglegentiam
1479 1637 1629 1693 custodum
1646 1651 1701 1691 eus·

237 1739 250 1784 1
269 1733 376 1795 serunt,
394 1727 483 1783 leuius
501 1729 662 1798 puniendos.
700 1727 886 1798 Expilatores,
910 1727 957 1796 qui
975 1731 1040 1782 suut
1057 1727 1205 1782 atrociores
1223 1725 1297 1782 tures
1316 1726 1379 1791 (hoc
1397 1728 1472 1782 cuim
1491 1731 1536 1782 est
1554 1718 1701 1809 Q

269 1816 453 1886 expilatores),
472 1817 500 1872 iu
517 1833 586 1887 opus
598 1817 736 1888 publicum
749 1817 794 1872 uel
806 1821 969 1888 perpetuum
982 1815 1027 1871 uel
1038 1816 1232 1886 temporarium
1245 1814 1304 1870 dari
1316 1816 1414 1884 solent,
1432 1816 1609 1870 honestiores
1620 1822 1699 1870 autem
1716 1825 1734 1866 a

269 1903 364 1959 ordine
388 1905 423 1959 ad
441 1909 551 1976 tempus
570 1906 674 1961 moueri
692 1906 737 1960 uel
756 1903 824 1960 dces
843 1905 949 1974 patriae
967 1903 1054 1960 iuberi
1072 1903 1215 1984 excedere.
1247 1903 1362 1973 quibus⁴
1381 1905 1457 1960 nulla
1474 1906 1606 1974 specialis
1623 1918 1700 1974 poena

269 1993 408 2062 rescriptis
426 1993 622 2063 principalibus
639 1993 760 2064 inposita
777 1997 834 2048 est:
852 1992 954 2048 idcirco
973 2007 1058 2048 causa
1075 1992 1189 2061 cognita
1204 1991 1320 2047 liberum
1339 1993 1391 2047 erit
1408 1992 1554 2048 arbitrium
1574 1991 1700 2048 statuemi

237 2092 252 2138 n
271 2081 296 2136 ei
319 2082 366 2150 qui
390 2083 540 2152 cognoscit.
577 2082 663 2138 Simili
684 2081 767 2136 modo
785 2085 814 2138 et
832 2081 966 2136 saeculari
984 2086 1014 2136 et
1031 2080 1172 2137 derectmii
1189 2086 1269 2136 erunt
1283 2081 1432 2151 puniendi,
1455 2082 1525 2136 item
1544 2083 1699 2138 effractores

270 2169 320 2224 sed
342 2171 414 2226 euim
439 2171 520 2226 diuus
538 2171 646 2228 liarcus
668 2171 840 2236 effractorem
864 2171 984 2240 equitem
1001 2171 1168 2239 Romanum,
1192 2171 1239 2240 qui
1263 2169 1375 2224 effracto
1392 2168 1591 2240 perforatoque
1608 2171 1699 2240 pariete

270 2259 414 2328 pecuniam
434 2259 596 2329 abstulerat,
621 2259 806 2330 quinquennio
825 2257 963 2314 abstinere
981 2259 1062 2314 iussit
1079 2259 1221 2328 prouincia
1239 2256 1345 2327 Ainea,
1364 2257 1439 2316 unde
1458 2265 1533 2328 erat,
1552 2265 1582 2316 ot
1599 2260 1662 2315 urbe
1675 2263 1699 2313 cl
1711 2267 1729 2308 ¹⁰

270 2347 358 2402 ltalia.
391 2347 527 2418 oportebit
550 2352 643 2412 autem
668 2361 756 2418 acque
774 2347 849 2404 etin
867 2347 1025 2404 effractores
1043 2347 1118 2402 etin
1135 2353 1241 2402 ceteros
1259 2361 1343 2416 supra
1360 2347 1479 2416 scriptos
1498 2363 1586 2404 causa
1603 2347 1699 2418 cognita

272 2439 371 2506 statut,
396 2441 479 2506 prout
496 2434 646 2490 munimem
666 2436 804 2506 suggerit,
828 2435 978 2492 dummodo
996 2451 1031 2491 ne
1049 2437 1111 2505 quis
1128 2436 1157 2492 in
1175 2434 1282 2506 plebeio
1300 2436 1391 2506 operis
1409 2435 1515 2506 publici
1532 2453 1647 2508 poenam
1661 2435 1697 2490 uel

272 2525 300 2579 in
318 2523 474 2580 honestiore
493 2525 669 2594 relegationis
687 2523 812 2580 excedat.

235 2612 254 2671 9
324 2613 444 2668 Pennus
460 2611 530 2668 libro
549 2613 680 2682 singulari
698 2611 733 2666 de
752 2610 843 2668 cilicio
860 2610 994 2682 praelecti
1011 2613 1134 2684 uigilum.
1169 2613 1261 2668 Inter·
1279 2611 1440 2667 effractores
1458 2615 1536 2669 uarie
1556 2607 1722 2698 ffiacJa'sJil’

272 2701 507 2756 animaduertitur.
538 2702 686 2756 atrociores
705 2701 777 2756 euim
796 2707 861 2756 sunt
878 2701 1004 2758 nocturni
1022 2703 1188 2770 effractores,
1206 2706 1235 2756 et
1251 2701 1314 2758 ideo
1331 2699 1359 2756 hi
1378 2698 1500 2756 fustibus
1519 2705 1594 2758 caesi
1608 2685 1722 2757 mmet

272 2790 368 2844 tellum
391 2789 451 2844 dari
473 2789 575 2844 solent:
598 2789 688 2844 diurni
712 2804 777 2846 uero
796 2789 954 2846 effractores
972 2795 1037 2859 post
1054 2789 1167 2846 fustium
1186 2789 1393 2868 castigationem
1412 2790 1442 2846 in
1460 2806 1533 2862 opus
1550 2797 1691 2863 perpetuum

272 2879 318 2934 uel
336 2878 530 2948 temporarium
549 2878 633 2934 dandi
651 2881 724 2934 suut.

605 3131 642 3208 R
681 2995 1300 3210 nonnoniviiiilnolnans
1339 3133 1377 3210 R
1702 3139 1731 3198 ΙΡ

118 3297 119 3300 ’
237 3287 253 3345 1
327 3287 502 3344 Maecianus
523 3286 593 3342 libro
616 3287 698 3344 tertio
722 3285 933 3343 institutionum.
970 3286 1000 3342 Si
1021 3289 1082 3358 quis
1100 3287 1216 3344 alienam
1234 3287 1416 3344 hereditatem
1434 3290 1540 3359 expila·
1559 3277 1715 3374 ΜΒ

272 3377 353 3445 uerit,
372 3381 451 3432 extra
468 3375 590 3430 ordinem
609 3377 680 3432 solet
697 3376 816 3432 coerceri
833 3391 883 3446 per
901 3377 1104 3434 accusationem
1122 3378 1258 3448 expilatae
1275 3376 1447 3448 hereditatis,
1465 3378 1541 3434 sicut
1552 3385 1581 3435 ct
1592 3378 1692 3448 credent
1703 3379 1719 3420 ⁸¹

273 3463 330 3519 diui
347 3463 431 3518 Marci
449 3469 571 3518 cauetur.

236 3552 255 3610 2
326 3551 477 3608 Uurrnuos
494 3552 563 3608 libro
581 3566 653 3608 uonc
672 3551 707 3606 de
725 3549 816 3607 officio
834 3554 1013 3622 proconsulis.
1050 3551 1079 3608 Si
1098 3554 1233 3624 expilatae
1251 3553 1414 3610 hereditatis
1432 3557 1540 3612 odmen
1559 3545 1717 3640 [astam

272 3640 441 3710 intendatur,
460 3657 569 3710 praeses
586 3640 744 3712 prouinciae
762 3641 945 3710 cognitionem
964 3657 1043 3698 suam
1061 3643 1269 3699 accommodare
1287 3641 1384 3699 debet:
1409 3659 1473 3699 cnm
1493 3628 1695 3712 euim'fufffi

272 3746 466 3816 ammon)
561 3757 563 3762 '

274 3899 284 3934 ²
303 3895 452 3952 dummodo
470 3897 498 3951 in
516 3896 638 3960 (modum
656 3898 779 3962 esemel,
799 3915 848 3952 cm.
863 3899 960 3965 Boot)
977 3913 1067 3968 poena
1085 3913 1179 3954 eorum
1198 3900 1316 3956 sciamus
1336 3901 1401 3954 Golt
1473 3901 1486 3938 ¹
1505 3904 1609 3960 metalli
1625 3914 1699 3973 poem

274 3969 388 4038 (poenas
406 3969 476 4034 libri)
494 3967 660 4037 humiliores,
678 3967 848 4024 honestiores
867 3985 932 4024 uero
951 3971 1118 4040 relegatione
1139 3971 1201 4025 deo.
1278 3971 1473 4042 ⁸puniendos]
1494 3975 1699 4031 animaduerten-

274 4039 365 4094 dum?
429 4041 442 4073 ⁴
459 4038 569 4108 quibus]
588 4039 653 4124 quia
669 4039 703 4094 iis
721 4042 849 4107 (simililer
860 4041 962 4108 ἨιΙΙΙ
1027 4045 1039 4078 ⁸
1057 4042 1085 4096 in
1103 4041 1201 4108 ledda?

275 4189 497 4256 ltemporarium
512 4189 574 4242 ooo.
591 4189 596 4255 Ι
612 4188 694 4258 idem]
707 4187 770 4244 ideo
785 4190 847 4244 oola
857 4190 962 4262 (Bes-dl
1018 4191 1041 4246 oi
1060 4191 1196 4256 tardasset
1214 4191 1368 4262 aspersimus
1385 4192 1434 4248 BS
1451 4195 1504 4249 leuc
1520 4205 1638 4265 patina,
1654 4215 1703 4252 nen

273 4259 420 4314 ualneariis
433 4261 468 4311 F
523 4260 540 4314 2
558 4260 613 4314 telo
631 4261 671 4328 se]
691 4275 721 4314 se
737 4262 791 4316 telo
806 4261 868 4315 Gall.
882 4262 964 4326 (Bes,
1017 4264 1122 4334 ueprius
1136 4263 1274 4334 Byzantio
1292 4271 1328 4318 ecl
1345 4283 1466 4318 numam
1482 4266 1488 4333 Ι
1504 4266 1657 4338 dereclarli]
1674 4275 1705 4322 ric

273 4345 305 4384 se
327 4350 375 4383 om.
398 4329 473 4383 Used.
494 4329 577 4394 Uero.)
599 4332 604 4396 Ι
624 4332 766 4386 effratores
784 4333 810 4385 F
824 4333 829 4400 Ι
849 4331 891 4386 his
915 4351 964 4386 em.
1016 4353 1066 4389 scr.
1079 4354 1135 4390 oum
1148 4335 1308 4400 B(Anoa.):
1325 4335 1349 4388 οἱ
1362 4336 1535 4406 tepcrripror.
1549 4339 1706 4394 deretrrcta·

275 4401 337 4456 Uolt.
354 4401 359 4468 Ι
374 4415 426 4454 nec
443 4401 620 4470 quemqnam]
641 4401 711 4466 Oolt,
729 4417 781 4456 nec
799 4401 929 4472 quiquam
944 4403 970 4456 F
1016 4405 1050 4458 rii
1062 4405 1118 4469 Ν,
1136 4403 1295 4460 detractorii
1313 4404 1403 4470 MOG,
1422 4405 1585 4465 detractorii
1597 4411 1635 4466 X.
1658 4414 1706 4464 toa·

273 4471 354 4526 3uel
371 4470 541 4527 honestiores
558 4472 703 4541 legationis
721 4475 755 4527 F:
778 4476 891 4544 legerunt
899 4477 963 4548 sor·
1018 4477 1081 4530 duat
1102 4476 1168 4530 tene
1193 4485 1275 4546 iprum
1302 4479 1383 4532 loeson
1404 4481 1510 4548 plotone
1535 4483 1613 4551 pne
1634 4481 1707 4536 Late.

273 4550 342 4598 iaaac
359 4549 434 4596 ctiam
450 4541 546 4596 Graeci
563 4552 600 4597 sic
618 4551 647 4597 ut
665 4549 701 4598 eat
713 4553 740 4597 in
754 4545 824 4608 ooo..
841 4553 880 4598 sic
898 4553 964 4598 enim
1017 4555 1069 4600 ric:
1083 4545 1226 4602 defeetarii
1238 4546 1284 4602 lib.
1298 4547 1333 4601 de
1345 4547 1391 4602 on.
1405 4552 1582 4617 proeonsulis
1594 4553 1708 4608 simuta-

273 4620 388 4668 ceant.-
412 4611 526 4674 rirctcic
550 4613 597 4668 a'sa
617 4613 695 4669 darec
713 4616 919 4678 uarotizoaraa
939 4615 963 4670 oi
1017 4617 1112 4672 ordisse
1128 4621 1132 4684 Ι
1148 4617 1365 4687 puniendumF·
1416 4620 1449 4674 19
1465 4624 1589 4692 equitem
1603 4621 1707 4690 enaFl

274 4683 579 4752 aiiarrucr'cchizcsru
616 4685 827 4742 dualnearioffl
862 4687 964 4754 ligno·
1017 4687 1210 4759 periaratoque
1229 4691 1263 4743 ΙΙ
1281 4690 1406 4760 iperiete
1422 4691 1448 4743 Ρ
1498 4695 1535 4748 22
1553 4697 1652 4751 statuit
1669 4693 1706 4756 ΡΙ

273 4754 422 4808 miniaF‘
457 4754 815 4824 9exp'l'icatoribuslnd.F
848 4759 883 4812 10
894 4757 964 4812 libro
1017 4759 1177 4816 ammissum
1191 4763 1231 4829 Fi
1247 4762 1285 4830 in]
1303 4761 1341 4816 im
1356 4761 1380 4814 F
1390 4764 1395 4824 Ι
1411 4765 1578 4832 *operiw
1626 4768 1660 4822 to
1674 4779 1711 4820 re

274 4827 313 4880 bie
335 4827 434 4896 (priora
456 4827 511 4879 loco
535 4831 624 4891 minio)
648 4827 674 4880 F
740 4829 774 4882 12
798 4827 836 4897 in]
859 4829 904 4884 ion
928 4829 965 4882 F·
1015 4831 1154 4899 ligationis
1174 4834 1199 4885 F
1251 4833 1286 4888 25
1305 4832 1448 4888 offratanes
1467 4835 1495 4888 F
1548 4838 1586 4892 29
1604 4836 1711 4908 expileli

274 4897 308 4952 13
333 4899 413 4950 erunt
435 4897 471 4950 ΕΙ
530 4897 565 4950 14
583 4897 689 4952 *leuius
708 4899 745 4951 Ρ
765 4899 769 4966 Ι
789 4897 842 4952 hoc
866 4919 914 4952 om.
928 4901 963 4952 l*
1016 4900 1229 4959 heredibustatis
1243 4903 1279 4956 F·
1327 4905 1362 4959 30
1380 4905 1485 4960 tertio*
1498 4907 1536 4959 Ρ*
1584 4909 1622 4966 34
1638 4921 1710 4980 prat

274 4967 308 5022 15
327 4965 392 5022 dare
410 4967 447 5021 F¹
509 4967 543 5023 16
566 4967 670 5024 moberi
689 4969 727 5022 ΕΙ
748 4971 754 5038 Ι
775 4969 908 5039 speciales
927 4971 964 5022 ΡΙ
1017 4975 1124 5029 seusF

273 5039 308 5094 18
326 5039 370 5097 ei*
388 5039 425 5096 Ρ
444 5041 450 5110 Ι
466 5040 615 5110 Ι8110111111ιῆ
633 5041 666 5098 F:
685 5040 710 5095 oi
728 5039 839 5104 εῨθικιοι
860 5042 961 5098 saturer
