3638 5460
329 225 448 295 XXXV
471 230 487 293 1
511 235 626 288 82-86
1007 219 1092 301 196
1428 244 1474 291 on
1496 239 1765 292 concinnemus

272 382 311 442 82
384 385 608 442 Osnmsrnnrus
624 381 693 438 libro
711 380 833 437 secundo
851 381 1050 451 quaestionum.
1078 379 1145 436 Gum
1165 396 1261 436 seruus
1274 381 1314 438 ita
1324 381 1392 438 liber
1404 397 1465 438 esse
1478 382 1570 437 iussus
1589 373 1765 464 Q
1780 433 1805 442 ,

330 475 367 530 ιιι
385 475 553 530 ‘citationes
571 470 729 527 reddiderit'
747 471 827 540 eique
845 469 960 526 tondum
978 470 1058 526 heres
1077 470 1143 526 dare
1162 469 1277 526 demnas
1295 471 1339 541 sit,
1360 471 1511 540 uideamus,
1529 475 1623 525 utrum
1643 469 1765 525 condicio

329 563 448 620 libertati
471 562 628 634 praeposita
652 561 741 616 sitan
759 575 825 616 uero
844 565 873 614 et
889 560 990 630 legato.
1021 560 1177 630 etquidem
1196 561 1220 614 ιι
1237 558 1356 616 libertati
1374 561 1424 616 soli
1443 559 1609 630 accipiamus
1628 557 1765 630 praeposi·

329 659 400 724 tam,
424 653 514 708 nudus
538 655 672 707 ιιιιιιιιιι
690 650 807 720 amplius
826 651 964 719 superest:
989 665 1051 703 unm
1069 650 1191 718 legatum
1210 663 1308 719 purum
1326 649 1464 704 inuenitur
1481 653 1510 704 et
1526 647 1589 703 ideo
1607 648 1706 702 inutile
1722 645 1763 701 fit:

329 741 403 812 quod
426 743 449 797 si
473 741 597 797 condicio
620 741 703 796 etism
727 739 819 809 legato
837 738 920 794 insita
937 738 986 807 sit,
1011 737 1213 808 quodquidam
1232 743 1436 810 recteputant,
1460 738 1541 792 simul
1559 752 1622 792 cum
1641 735 1764 792 libertate
1799 759 1811 793 ι

329 831 388 886 (ιιιι
411 845 520 901 quoque
538 829 622 900 legati
637 829 742 884 utiliter
759 827 841 883 cedit.
874 827 940 897 quid
958 842 1025 897 ergo
1043 828 1199 883 continetur
1215 827 1259 884 his
1281 827 1373 884 uerbis
1392 826 1423 884 'si
1446 828 1566 884 rationes
1588 823 1764 881 reddiderit'i

329 919 439 990 qnidam
459 919 511 976 hoc
529 921 607 975 siunt
624 917 655 974 ‘si
673 919 777 988 reliqua
794 915 959 987 reddiderit',
983 916 1062 986 quasi
1080 916 1145 972 nibil
1163 918 1282 988 intersit,
1307 922 1397 973 utrum
1416 915 1537 972 subhac
1555 915 1717 971 condicione
1735 913 1763 968 'si

330 1008 447 1079 'reliqua'
465 1009 510 1064 uel
528 1010 577 1065 lac
596 1009 627 1064 ἰι
644 1007 764 1063 rationes
783 1004 948 1062 reddiderit'.
975 1005 1025 1061 sed
1044 1020 1094 1061 nos
1112 1021 1201 1076 neque
1219 1007 1406 1064 condicionem
1425 1023 1528 1063 meram
1545 1011 1679 1077 putamus
1696 1017 1762 1072 esse,

328 1113 400 1169 quse
418 1099 446 1153 in
464 1097 574 1154 datione
593 1097 713 1166 exsistit,
739 1111 828 1168 neque
846 1109 948 1151 meram
967 1093 1168 1166 condicionem,
1186 1113 1258 1166 qnae
1275 1098 1303 1152 in
1321 1095 1394 1152 iacto
1413 1098 1461 1167 sit,
1480 1095 1529 1152 sed
1549 1109 1611 1151 eam
1630 1093 1761 1150 condicio

329 1204 405 1257 uem,
423 1204 494 1258 quae
513 1203 548 1242 ex
566 1187 685 1242 mixtura
702 1186 820 1256 quadam
839 1185 973 1240 consistit.
1005 1201 1067 1240 nam
1086 1199 1141 1240 non
1159 1187 1253 1256 ntique
1272 1186 1295 1241 ιι
1314 1185 1357 1241 ille
1376 1187 1403 1240 in
1420 1185 1484 1241 tolle
1502 1185 1609 1255 reliqua
1626 1182 1760 1254 optulerit,
1773 1193 1791 1233 ιι

327 1276 396 1332 liber
414 1278 478 1333 erit:
497 1292 553 1332 nou
571 1275 642 1330 enim
661 1278 777 1330 testator
795 1274 847 1331 hoc
865 1274 959 1344 sensit,
978 1273 1027 1328 sod
1046 1273 1121 1344 illud,
1140 1279 1172 1330 nt
1188 1276 1309 1331 rationes
1321 1275 1426 1344 reddat,
1445 1275 1583 1344 quomodo
1596 1271 1759 1330 seruusred·

329 1366 393 1422 dere
412 1368 490 1436 solet,
508 1366 537 1421 id
556 1369 599 1421 est
615 1365 748 1436 legendas
766 1365 864 1420 offerre
882 1363 1002 1419 rationes
1019 1364 1146 1433 primurn,
1165 1363 1264 1420 deinde
1283 1363 1489 1434 computandas,
1508 1367 1539 1418 ut
1555 1363 1759 1434 exploraripoe

328 1456 373 1526 sit,
391 1455 585 1526 imputationes
602 1455 687 1526 probe
706 1471 742 1510 an
760 1453 883 1525 improbe
901 1451 1061 1523 reserantur,
1082 1457 1196 1524 accepta
1214 1458 1288 1509 recte
1306 1455 1392 1508 relata
1410 1469 1446 1508 an
1462 1467 1517 1508 nou
1535 1457 1625 1508 recte:
1643 1452 1683 1506 ita
1694 1450 1757 1506 enin

328 1543 424 1614 incipit
446 1544 555 1614 quidem
578 1560 622 1600 res
646 1561 663 1598 u
685 1542 772 1614 iacto,
795 1543 921 1614 peruenit
939 1547 1031 1598 autem
1050 1542 1086 1598 ud
1103 1543 1258 1612 pecuniam.
1269 1581 1277 1588 -
1289 1543 1361 1598 inest
1378 1541 1421 1596 bis
1438 1539 1530 1596 uerbis
1548 1541 1632 1596 etiam
1651 1539 1759 1596 heredes

328 1633 426 1689 notitia
447 1633 545 1688 instrui
569 1633 719 1704 rationum,
742 1636 774 1688 ut
794 1633 896 1702 sciant,
921 1631 987 1702 quid
1005 1632 1033 1687 in
1052 1647 1161 1702 qunque
1179 1631 1284 1688 ratione
1302 1632 1433 1702 scriptum
1453 1631 1497 1685 sit.
1529 1645 1594 1684 nam
1614 1627 1689 1698 quod
1705 1628 1758 1698 ipse
1770 1637 1790 1677 1⁵

327 1722 409 1777 uiuus
428 1719 550 1778 facturus
568 1727 640 1792 erat,
660 1721 695 1776 ab
713 1719 860 1776 heredibus
875 1721 936 1796 ¹suis
954 1719 1013 1776 lieri
1031 1721 1145 1777 iussisse
1162 1721 1343 1792 intellegitur:
1365 1721 1409 1776 ille
1427 1723 1520 1775 autem
1539 1719 1636 1788 utique
1653 1732 1708 1772 nou
1725 1717 1758 1770 sio

328 1809 434 1867 solebat
457 1825 538 1866 seruo
561 1825 613 1867 sno
634 1809 790 1866 ostendenti
813 1810 918 1880 reliqna
935 1811 1055 1866 rabones
1073 1809 1258 1882 subscribere,
1282 1809 1401 1880 sedita,
1425 1815 1455 1864 ut
1473 1809 1578 1879 legeret
1596 1808 1758 1863 examinaret

328 1901 475 1970 exciperet.
502 1901 595 1970 itaque
613 1915 675 1955 cnm
694 1915 775 1955 seruo
794 1897 845 1955 snb
864 1899 916 1954 hac
934 1899 1093 1955 condicione
1110 1903 1277 1956 testamento
1294 1897 1406 1956 libertas
1425 1898 1506 1954 datur
1524 1897 1556 1952 'si
1574 1898 1695 1952 rationes
1705 1893 1757 1950 red·

328 1989 450 2060 diderit,
474 2005 529 2046 uon
552 1988 623 2045 hanc
646 1989 731 2045 solam
753 1987 837 2044 habet
855 1987 1096 2060 significationem,
1120 1990 1144 2044 si
1163 1989 1304 2046 cantiones
1321 1989 1557 2058 instrumentaque
1575 1986 1670 2042 omnia
1686 1988 1756 2040 actus

327 2078 370 2134 sui
388 2077 542 2134 exhibuerit
559 2077 661 2149 benedi,
680 2077 728 2134 sed
748 2083 776 2133 ct
794 2078 817 2133 si
836 2079 940 2148 reliqua
958 2080 1079 2135 soluerit.
1767 2080 1785 2121 ¹⁰

271 2164 310 2224 83
379 2169 499 2223 Psunus
522 2167 591 2224 libro
616 2166 779 2223 duodecimo
797 2181 998 2236 responsorum.
1036 2169 1137 2224 Lucius
1156 2168 1245 2224 Titius
1264 2169 1303 2223 ita
1322 2156 1783 2251 [WWP

327 2260 523 2314 testamentum
542 2255 621 2313 iecit:
641 2255 776 2310 ‘Aurelius
795 2255 925 2312 claudius
943 2263 1024 2312 natus
1043 2273 1076 2312 ex
1095 2258 1141 2313 illa
1159 2257 1279 2326 muliere,
1299 2257 1322 2312 si
1340 2254 1424 2311 filium
1443 2271 1533 2310 meum
1554 2269 1584 2310 ιι
1603 2270 1667 2310 esse
1681 2252 1754 2309 iudici

328 2345 501 2418 probauerit,
520 2345 598 2402 heres
617 2343 682 2400 mibi
700 2343 776 2400 esto'.
804 2345 905 2400 Paulus
922 2347 1065 2418 rospondit
1082 2345 1167 2402 tilium
1186 2346 1221 2402 de
1239 2361 1294 2417 quo
1311 2350 1490 2416 quaereretur
1506 2359 1562 2399 non
1581 2344 1634 2399 sub
1653 2358 1687 2398 es
1700 2358 1752 2398 con·

327 2435 434 2492 dicione
453 2435 606 2490 institutum
625 2434 722 2504 uideri,
741 2449 811 2504 quae
830 2434 858 2489 in
874 2439 1013 2506 potestate
1030 2437 1090 2491 eius
1108 2441 1159 2506 est,
1178 2429 1286 2492 et‘ideo
1304 2438 1498 2491 tenementum
1518 2433 1620 2489 nullius
1633 2447 1694 2489 esse
1707 2447 1754 2487 mo·

327 2525 422 2581 menti.
1767 2521 1787 2564 ¹⁵

271 2611 310 2670 st
380 2615 458 2670 lnnns
475 2611 544 2668 libro
562 2615 660 2682 quarto
678 2611 785 2669 decimo
803 2627 1004 2682 responsorum.
1036 2612 1100 2668 ‘Illis
1118 2613 1222 2670 libertis
1240 2614 1430 2668 alimentorum
1449 2612 1567 2682 nomine,
1587 2603 1757 2696 Q
1772 2603 1790 2658 P

327 2703 359 2758 'si
377 2719 438 2758 cnm
457 2701 513 2758 filio
532 2716 593 2756 meo
612 2701 710 2756 morati
728 2699 835 2773 luerint,
855 2707 1010 2758 menstruos
1028 2702 1155 2759 denarios
1169 2708 1299 2759 centenos
1312 2707 1341 2758 et
1352 2702 1483 2758 uestisria
1494 2701 1553 2756 dari
1566 2699 1648 2756 uolo'.
1674 2698 1760 2756 liberti

326 2792 355 2847 in
372 2791 504 2862 obsequio
521 2788 640 2862 suerunt,
658 2791 788 2860 quamdiu
807 2791 969 2848 adulescens
983 2792 1018 2847 ad
1031 2792 1153 2848 militiam
1166 2799 1386 2863 promoueretur:
1405 2807 1460 2862 qua
1472 2805 1557 2846 causa
1568 2790 1699 2846 odedum
1711 2795 1760 2856 est,

327 2883 358 2936 ut
381 2879 544 2950 quibusdam
563 2879 667 2936 Romae
689 2881 790 2936 relictis
808 2879 1034 2952 proficisceretur,
1052 2887 1082 2937 et
1100 2881 1173 2952 apud
1192 2887 1282 2938 castre
1300 2879 1446 2937 defunctus
1463 2887 1520 2936 est:
1539 2879 1696 2950 quaesitum
1712 2883 1766 2944 est,

327 2985 363 3024 sn
381 2968 416 3024 ab
434 2968 580 3026 heredibus
598 2970 658 3025 eins
675 2970 804 3026 alimenta
822 2969 981 3026 debeantur.
1009 2971 1110 3026 Paulus
1129 2969 1269 3042 respondit
1280 2970 1467 3026 condicionem
1479 2969 1590 3040 quidem
1604 2969 1633 3024 iu
1644 2979 1769 3038 persons
1800 2959 1811 2999 ²

326 3057 499 3128 libertorum,
522 3059 569 3129 qui
592 3074 654 3114 cum
678 3057 733 3114 filio
758 3057 879 3115 defuncti
904 3061 1001 3116 morati
1023 3063 1088 3116 sunt
1106 3065 1154 3116 aut
1170 3075 1221 3130 per
1238 3074 1287 3116 eos
1305 3075 1359 3115 nou
1378 3060 1469 3128 stetit,
1492 3073 1547 3129 qno
1565 3057 1656 3113 minus
1675 3071 1774 3114 mora-

327 3153 434 3217 rentur,
458 3154 566 3204 mortuo
589 3145 645 3203 lilio
667 3149 807 3204 testatoris
825 3147 959 3205 deiecisse
977 3165 1032 3206 nou
1050 3149 1145 3205 uideri.
1179 3150 1228 3205 sed
1247 3149 1270 3204 si
1287 3153 1403 3205 testator
1420 3153 1532 3219 propter
1548 3146 1598 3202 filii
1616 3147 1773 3203 ntulitston:

327 3236 384 3308 his,
403 3237 448 3308 qui
468 3253 530 3293 cum
548 3253 581 3293 ιο
599 3237 698 3292 morati
716 3236 844 3309 ιιιιιιιιιι,
863 3238 993 3294 alimenta
1010 3239 1143 3310 praestari
1161 3239 1256 3309 uoluit,
1275 3244 1370 3294 contra
1387 3239 1555 3294 uoluntatem
1574 3234 1700 3292 defuncti
1716 3251 1781 3307 pe*

326 3329 417 3382 tenter
440 3327 527 3383 audiri
546 3341 600 3382 uon
618 3330 753 3397 oportere.

270 3415 309 3476 85
380 3415 539 3472 Scsnuous
556 3415 625 3471 libro
643 3415 725 3472 tertio
743 3431 944 3486 responsorum.
972 3415 1046 3472 Titia
1063 3415 1172 3472 heredis
1190 3416 1308 3472 instituti
1325 3415 1426 3473 liberos
1440 3415 1568 3472 habentis
1586 3400 1795 3501 Q}

326 3503 374 3560 lilii
392 3503 456 3560 fidei
475 3505 622 3575 commisit,
642 3505 682 3560 uti
699 3521 756 3560 rem
775 3507 834 3560 eius
853 3507 1008 3562 uniuersam
1027 3506 1185 3562 restitueret
1202 3504 1264 3561 tiliis
1282 3507 1340 3561 eius
1358 3506 1486 3562 liberisue
1504 3520 1608 3574 eorum,
1628 3521 1692 3560 cnm
1711 3494 1796 3576 ipsi

326 3591 469 3662 petissent,
487 3593 546 3649 siue
564 3594 620 3649 ulla
636 3595 703 3650 iuris
721 3595 908 3651 cauillatione:
926 3609 1037 3665 quaero,
1056 3611 1092 3650 an
1109 3594 1151 3650 his
1170 3594 1262 3651 uerbis
1281 3594 1351 3652 'cuns
1369 3595 1406 3652 illi
1419 3599 1475 3650 ate
1487 3593 1624 3666 petierint
1637 3594 1802 3650 condicio

326 3681 537 3738 fideicommisso
556 3683 693 3754 adscripta
711 3683 847 3740 uideatur.
874 3683 1015 3755 respoudit
1033 3685 1086 3742 non
1106 3683 1201 3740 uideri.

270 3772 309 3833 86
381 3771 392 3844 ι
411 3772 585 3828 Msnmsnus
602 3771 670 3827 lrbro
682 3773 763 3828 tertio
776 3771 1057 3850 fideicommissorum.
1085 3773 1206 3829 lulianus
1218 3779 1311 3846 noster
1322 3789 1394 3844 eum,
1412 3774 1460 3844 qui
1471 3773 1566 3829 docem
1585 3753 1805 3858 [ῑ-Ῑζίιῖἐ

327 3859 393 3916 dare
411 3864 440 3916 et
457 3861 497 3916 ita
513 3859 583 3916 liber
600 3875 661 3916 esse
680 3861 770 3916 iussus
789 3868 870 3932 esset,
890 3863 913 3918 si
932 3863 1073 3918 auiueutc
1085 3864 1268 3919 manumissus
1280 3867 1362 3932 esset,
1381 3877 1436 3918 nou
1448 3863 1527 3918 aliter
1537 3864 1670 3934 legatum,
1689 3849 1804 3933 qucffl

327 3951 353 4006 ei
371 3967 433 4006 cnm
450 3951 576 4006 libertate
594 3949 687 4006 datum
707 3955 794 4018 esset,
817 3950 987 4022 habiturum,
1011 3968 1092 4022 qnam
1112 3952 1136 4007 ιι
1154 3951 1306 4008 condicioni
1323 3951 1457 4008 libertatis
1474 3953 1628 4022 paruisset:
1649 3953 1717 4009 item
1734 3952 1811 4007 ir,

213 4035 215 4037 ’
327 4045 477 4110 emptorem
485 4043 503 4111 ¹,
522 4041 545 4096 si
564 4040 699 4096 abenatns
717 4047 800 4097 esset.
828 4041 877 4098 sed
895 4041 923 4096 id
940 4046 1007 4096 tnnc
1024 4041 1114 4096 locum
1132 4039 1228 4111 habet,
1246 4057 1309 4097 cum
1327 4039 1483 4098 omnimodo
1502 4041 1582 4097 simul
1601 4057 1664 4097 cum
1683 4041 1811 4098 liber‘

327 4133 384 4185 tate
401 4129 524 4200 legatum
542 4129 765 4200 adquiripotuit,
783 4129 848 4186 licet
864 4131 956 4200 legato
974 4131 1102 4200 imposito
1121 4145 1175 4187 non
1194 4131 1256 4201 sitl,
1276 4131 1361 4186 ueluti
1379 4145 1442 4186 cum
1459 4131 1488 4186 iu
1506 4137 1617 4202 tempus
1628 4129 1811 4188 nbsrtsue

327 4235 570 4306 ambrosea)

1496 4319 1811 4349 M

329 4380 338 4414 ¹
357 4383 480 4448 emptore
497 4378 596 4446 (edulii
665 4379 858 4450 ’requiruntur
881 4381 960 4433 talia:
984 4377 1033 4435 sed
1055 4377 1084 4433 id
1105 4383 1171 4434 tunc
1193 4379 1283 4435 locum
1306 4377 1404 4448 babet,
1427 4395 1490 4434 cum
1514 4380 1637 4450 legatum
1656 4365 1811 4452 adquiri

327 4463 382 4505 uon
399 4450 502 4520 potuit,
521 4451 573 4504 nisi
590 4450 682 4519 legato
700 4450 857 4520 impositum
875 4448 978 4506 iactum
997 4449 1047 4520 sit,
1071 4463 1127 4506 non
1144 4463 1207 4506 eum
1225 4449 1382 4507 omnimodo
1400 4450 1481 4507 simul
1499 4466 1561 4507 cum
1579 4451 1709 4510 libertate
1725 4454 1801 4509 ιικ

326 4525 423 4591 gutum
441 4521 548 4592 adquiri
565 4523 663 4592 potnit,
681 4521 745 4577 licet
763 4522 922 4593 impositum
940 4521 1043 4578 iactum
1062 4522 1173 4578 nonsit

327 4661 464 4731 blegato]
482 4661 540 4716 DE
550 4663 689 4734 (suprascr.
701 4663 736 4718 al.
746 4666 815 4732 tum)
826 4663 877 4730 IK,
894 4665 1015 4734 legatum
1069 4661 1248 4721 edictiones
1266 4665 1292 4719 F
1340 4665 1375 4720 33
1399 4665 1489 4722 moriti
1507 4665 1543 4720 ΓΙ
1598 4667 1633 4722 37
1652 4665 1799 4724 csbilla‘

327 4731 401 4799 mo
450 4733 604 4788 duellius
622 4736 659 4788 F'
674 4736 679 4801 Ι
694 4735 798 4804 inutile]
818 4735 884 4800 Flo,
903 4737 930 4791 ii
949 4737 1016 4791 utile
1068 4737 1143 4792 tione
1161 4738 1186 4790 F
1232 4738 1268 4791 43
1292 4736 1383 4807 legato
1405 4736 1545 4809 imposito]
1563 4738 1648 4804 mc,
1670 4740 1798 4810 legstoe

327 4804 433 4870 (cicili,
446 4820 502 4860 non
513 4805 609 4860 inutile
620 4805 691 4870 WD,
704 4821 759 4862 non
771 4806 922 4873 utilelipn
930 4827 1015 4880 usurp.
1068 4808 1226 4877 impositum
1258 4807 1327 4873 DE,
1359 4809 1481 4878 legatum
1515 4809 1677 4880 impositum
1713 4809 1789 4874 irs„

326 4875 419 4944 P[isis]
437 4876 516 4931 deest
534 4880 599 4944 non)
652 4877 743 4933 tibae
762 4879 795 4948 si]
814 4879 838 4932 ιι
855 4878 907 4933 ιιι
926 4879 970 4944 F1,
992 4879 1016 4934 ιι
1067 4879 1160 4949 legato
1190 4879 1317 4949 imposita
1345 4880 1423 4935 Tanr.
1449 4881 1642 4952 centuplicatur
1672 4885 1801 4955 opino(

326 4944 379 5002 hac
397 4948 422 5002 si
440 4949 483 5013 Ρ,
506 4947 558 5003 sub
575 4947 627 5004 hae
645 4949 669 5004 si
682 4949 775 5004 WDE
791 4951 884 5022 (many.
897 4950 934 5004 ad
949 4949 1015 5005 sub:
1068 4953 1154 5022 tepula
1165 4951 1227 5008 baec
1238 4953 1304 5007 duo:
1323 4950 1435 5006 'Stichus
1447 4960 1471 5006 si
1483 4953 1567 5007 ἀιιιιιι
1579 4953 1689 5018 dederit,
1701 4954 1795 5010 tiber

326 5017 418 5089 P[isis]
436 5019 472 5090 si)
490 5019 562 5076 101(
603 5021 638 5079 18
656 5021 803 5092 exciperet]
823 5020 963 5092 expiceret
978 5021 1015 5075 ι’
1069 5027 1121 5077 estc
1145 5024 1298 5099 sistendum
1321 5022 1393 5078 ιινιι
1416 5031 1440 5078 ιι·
1463 5021 1531 5080 dato·
1554 5031 1579 5080 ιι
1603 5023 1718 5082 'Stictss
1738 5017 1796 5081 ιῖ
