3608 5460
268 251 496 318 xxxxiliue
517 259 552 314 15
574 289 603 298 -
623 253 664 318 27
685 260 701 314 1
937 246 1025 327 614
1222 273 1268 321 nn
1291 271 1485 322 senonens
1507 271 1693 321 onnnnnnre

269 409 414 479 rogauerit,
433 413 464 464 ut
482 409 535 465 sihi
552 409 694 480 possidere
710 411 806 480 lineet,
829 409 951 466 neneisoi
968 411 1169 480 posseeeionem
1192 427 1246 468 uon
1269 417 1313 468 est
1334 411 1463 468 dubium:
1487 428 1527 476 en
1547 413 1572 467 is
1594 426 1694 482 quoqne

268 498 417 569 poseideet,
436 499 482 568 qui
500 503 613 568 rogetus
631 499 676 569 sit,
694 498 848 554 dubitatum
861 503 913 555 est
939 499 1030 569 pluoet
1042 505 1133 556 eutem
1145 515 1230 571 pener
1242 506 1388 572 utrumqne
1402 516 1465 556 esse
1476 516 1541 556 eurn
1554 499 1694 570 hominen,

243 637 245 640 .
268 589 315 658 qni
334 588 456 658 proourio
475 587 556 643 dotus
573 591 655 658 esset,
674 603 759 658 penes
777 603 839 643 enm
857 588 904 658 qui
923 594 1057 658 rogasset,
1075 588 1141 658 quin
1157 589 1299 659 possideat
1313 605 1436 660 corpore,
1454 605 1542 660 penes
1553 590 1696 658 dominun,

236 689 250 736 5
269 679 333 748 qniu
351 693 406 732 non
424 676 582 732 disoeseerit
599 677 689 732 neimo
707 677 891 747 possessione.
918 676 978 742 Quo
996 677 1057 746 quie
1074 677 1136 733 loeo
1152 680 1276 748 preourio
1294 685 1342 736 unt
1354 678 1496 750 possideat
1513 683 1564 734 eut
1581 679 1696 749 eoeperit

268 766 417 838 possidere,
436 765 502 820 nihil
518 763 610 834 refert,
629 765 702 836 qnod
721 765 756 821 ed
774 764 827 821 hoo
843 764 1018 821 interdictum
1036 766 1163 835 pertinet
1550 777 1564 800 ⁰
1711 779 1724 818 s

213 857 250 916 16
321 855 399 911 Innrr
416 853 485 910 libro
502 855 662 924 trigensirno
673 854 796 911 seeundo
808 853 844 910 ed
856 852 997 910 Sabinum.
1027 853 1056 910 si
1069 853 1236 926 edoptsuero
1248 871 1321 928 euro,
1338 857 1387 926 qui
1400 858 1524 928 preoerio
1542 851 1696 942 Q
1716 892 1724 909 ι
1755 895 1769 904 -

269 945 416 1015 rogauerit,
434 957 486 1014 ego
505 957 613 1014 quoque
631 944 754 1014 preoerio
771 935 929 1013 possidebo.

213 1036 250 1094 17
321 1035 399 1090 innuo
420 1032 489 1089 libro
512 1033 644 1089 nioesirno
666 1032 747 1088 tertio
770 1031 805 1087 ed
824 1029 964 1088 Sebinum.
1000 1029 1053 1098 Qui
1070 1033 1193 1102 preosrio
1211 1031 1326 1092 fundum
1343 1034 1482 1106 possidet,
1500 1035 1525 1091 is
1543 1029 1696 1120 Q
1712 1041 1788 1097 fir*

269 1123 413 1180 interdioto
431 1123 473 1178 uti
489 1121 637 1194 poeeidetis
654 1121 787 1178 eduersus
805 1134 900 1176 omnen
918 1125 1024 1190 praeter
1041 1136 1113 1191 eun,
1132 1137 1213 1192 quern
1232 1125 1348 1194 roqsnit,
1367 1125 1409 1180 nti
1426 1129 1527 1195 potest.
1713 1136 1725 1176 e

214 1212 251 1271 18
321 1213 463 1269 quenes
484 1211 552 1267 libro
574 1211 655 1266 tertio
678 1209 785 1266 deoiuro
808 1209 986 1280 digestorum.
1025 1209 1220 1282 Unusquisque
1242 1217 1334 1283 potest
1355 1228 1413 1270 rem
1437 1229 1525 1283 mum,
1543 1208 1738 1298 Qun-[ns

269 1301 395 1372 quemuis
412 1315 467 1358 non
484 1301 633 1372 possident,
651 1299 774 1370 preosrio
792 1298 858 1356 dere
876 1298 901 1354 ei
919 1299 966 1368 qni
983 1299 1132 1369 possident.

87 1393 90 1400 '
214 1391 250 1450 19
322 1391 399 1446 ineu
420 1388 489 1445 libro
507 1389 736 1460 quadragensimo
759 1401 832 1444 nono
854 1387 1031 1457 digestorum.
1067 1389 1135 1444 Duo
1152 1389 1181 1444 in
1198 1403 1242 1445 so·
1260 1385 1731 1473 [Humi

268 1479 354 1534 lidum
372 1479 496 1549 pinnario
513 1477 615 1534 hebere
632 1492 688 1534 nou
705 1477 794 1546 nugis
811 1481 941 1548 possunt,
964 1491 1047 1547 quum
1070 1476 1126 1532 duo
1148 1477 1177 1534 in
1199 1477 1317 1534 solidum
1338 1479 1367 1534 ui
1390 1480 1532 1550 possideto
1549 1485 1601 1536 eut
1617 1480 1698 1536 oium:

237 1581 249 1624 1
270 1585 332 1624 nem
351 1583 440 1638 neque
458 1568 546 1622 iuetee
564 1581 654 1637 neque
671 1567 790 1624 iniustse
807 1566 995 1636 possessiones
1012 1565 1085 1622 duee
1103 1580 1264 1622 oonourrere
1276 1573 1400 1638 posenni.
1432 1567 1483 1634 Qui
1495 1583 1608 1624 eeruurn
1626 1565 1699 1653 Q

269 1672 360 1713 meum
378 1656 502 1727 preonrio
519 1661 607 1726 roget,
625 1653 735 1712 uidetur
752 1671 770 1710 e
787 1669 831 1710 rue
849 1655 972 1725 preourio
984 1653 1093 1724 hahere,
1112 1655 1136 1710 si
1147 1655 1199 1711 hoe
1211 1661 1301 1712 return
1313 1655 1443 1725 habuero,
1461 1663 1490 1712 et
1501 1657 1565 1714 ideo
1576 1659 1700 1728 preonrio
1717 1668 1741 1710 rs

236 1745 414 1803 einterdioto
432 1744 497 1800 mihi
515 1743 660 1800 tenebitur.
697 1743 766 1800 Cum
785 1743 851 1814 quid
868 1743 991 1813 preenio
1008 1749 1134 1814 rogatum
1152 1751 1209 1815 eet,
1231 1759 1286 1801 nou
1304 1746 1392 1800 solnm
1416 1745 1561 1802 interdioto
1579 1747 1621 1803 uti
1638 1762 1700 1818 pos·

270 1849 373 1903 sumus,
391 1831 441 1888 sed
459 1837 488 1888 et
504 1833 601 1889 inoerti
618 1833 799 1904 condietione,
816 1832 845 1888 id
863 1837 907 1887 est
923 1832 1100 1903 proesenpus
1117 1831 1219 1890 nerhis.

212 1924 252 1984 20
322 1922 473 1978 Unrrnnos
489 1921 558 1986 libro
576 1921 699 1979 seeundo
716 1935 917 1993 respoueorum.
953 1921 1003 1990 Eo,
1021 1935 1092 1992 queo
1110 1922 1242 1978 distreets
1259 1927 1331 1992 suut,
1352 1927 1384 1978 nt
1399 1924 1524 1994 preosrio
1542 1919 1596 2007 [ff
1593 1919 1703 1990 ὁῑῖιῖ
1720 1931 1740 1985 S

269 2027 354 2083 penes
371 2016 521 2082 emptorem
540 2017 646 2082 eesent,
671 2010 762 2081 qnosd
779 2010 896 2081 pretium
915 2011 1073 2067 uniuersum
1090 2012 1304 2081 persolueretur:
1327 2011 1351 2068 si
1372 2027 1422 2082 per
1444 2017 1596 2084 emptorem
1616 2015 1704 2084 stetit,

269 2115 324 2172 qno
342 2101 431 2157 miuus
448 2101 658 2172 pereoineretur,
676 2099 846 2158 uenditorem
864 2114 947 2171 posse
965 2100 1104 2171 ooneeqoi.
1725 2115 1752 2156 ro

212 2195 249 2252 21
323 2190 494 2248 Uunnnnrne
511 2189 580 2246 libro
598 2195 696 2261 quarto
714 2189 860 2245 notionum.
897 2187 967 2245 Onsn
984 2189 1107 2258 preoerio
1126 2189 1188 2261 quie
1206 2194 1298 2260 roget,
1320 2192 1353 2245 ut
1370 2189 1424 2260 ipsi
1441 2189 1470 2246 in
1488 2204 1522 2247 eo
1540 2185 1707 2274 [3.]ιῖῑῇ
1727 2198 1753 2254 A

269 2277 354 2336 fundo
372 2280 472 2336 morari
489 2279 579 2350 lineet,
597 2293 797 2350 snpernsouunr
816 2281 859 2334 est
876 2277 948 2334 edioi
965 2277 1025 2348 'ipsi
1043 2275 1176 2349 euisque':
1194 2294 1257 2334 nem
1275 2292 1325 2349 per
1342 2279 1432 2349 ipsum
1447 2279 1505 2335 suis
1516 2268 1708 2352 quoquffer‘-

269 2369 382 2425 missurn
400 2369 455 2425 ntil
474 2367 591 2424 uidetur.

212 2461 251 2522 22
322 2457 400 2514 Innrr
417 2457 487 2513 libro
504 2457 586 2513 tertio
603 2455 818 2512 nterdiesorum.
854 2454 884 2511 Si
901 2455 938 2526 is,
961 2457 1008 2526 qui
1027 2471 1076 2527 pro
1094 2471 1254 2527 possessore
1276 2456 1442 2528 possideret,
1464 2458 1593 2528 preonrio
1616 2459 1709 2517 domi·
1727 2461 1754 2516 A

269 2562 334 2603 num
352 2547 499 2617 rogsnerit,
517 2551 549 2602 ut
566 2545 619 2602 sibi
635 2547 753 2602 retinere
771 2560 828 2601 rem
847 2545 949 2615 lioeret,
966 2545 1010 2602 uel
1028 2546 1061 2616 is,
1079 2545 1127 2616 qni
1144 2545 1260 2604 eirenem
1278 2561 1336 2602 rem
1354 2547 1480 2617 emisset,
1497 2547 1642 2606 dominum
1662 2566 1708 2607 ro·
1729 2561 1757 2604 se

242 2635 245 2641 '
269 2636 390 2707 geuerit:
409 2639 523 2706 epperet
540 2650 589 2692 eos
606 2635 729 2704 preoerio
747 2634 896 2706 poesidere.
923 2649 974 2689 neo
992 2633 1188 2690 existimandus
1201 2641 1307 2690 mutere
1319 2634 1371 2691 sibi
1383 2651 1495 2692 οιιιιιιιιι
1507 2639 1708 2710 possessionis,

270 2723 369 2796 quihus
387 2740 405 2780 e
421 2723 531 2780 domiuo
545 2724 555 2795 ΙΙ
569 2721 735 2780 oonoedutur
751 2723 874 2794 preoerio
890 2722 1045 2794 possidere:
1069 2739 1132 2780 num
1150 2728 1180 2779 et
1197 2725 1222 2780 si
1238 2724 1266 2780 id
1285 2725 1359 2794 quod
1376 2725 1523 2796 possidens
1536 2727 1624 2784 elium
1642 2745 1709 2799 pre-
1728 2741 1787 2800 quo

270 2815 343 2870 ourio
361 2813 510 2884 regeneris,
529 2813 617 2870 uideri
634 2819 663 2868 te
681 2812 806 2868 desinere
824 2827 859 2868 ex
876 2813 964 2882 prime
980 2801 1066 2868 oense
1076 2812 1217 2882 possidere
1229 2818 1258 2869 et
1269 2813 1388 2884 inoipere
1401 2829 1436 2870 er
1447 2816 1573 2884 preoario
1585 2816 1709 2876 hebere:

270 2907 299 2959 et
316 2907 412 2959 oonue
428 2903 452 2957 si
469 2917 656 2972 possessorem
674 2901 798 2974 preoerio
816 2901 954 2970 regenerit
971 2901 1018 2972 qui
1030 2916 1088 2958 rem
1100 2915 1217 2958 euooere
1234 2902 1260 2958 ei
1271 2908 1373 2973 posset,
1392 2905 1479 2960 teneri
1491 2920 1554 2962 eum
1568 2910 1710 2980 preosrio,

270 2992 397 3063 quonium
422 2989 525 3061 eliquid
546 2991 582 3046 nd
606 3005 668 3047 eum
691 3005 740 3062 per
761 2989 832 3046 hene
855 2991 969 3061 preeurii
993 2991 1162 3061 negotionem
1185 2993 1324 3062 peruenit,
1346 2991 1376 3048 id
1393 2997 1437 3049 est
1453 2995 1610 3068 possessio,
1633 3013 1710 3068 qnue
1729 3009 1758 3052 eo

237 3091 249 3138 1
270 3081 420 3137 alienauit.
457 3078 486 3137 Si
503 3080 622 3152 pupillus
640 3081 699 3136 sine
716 3079 815 3135 tutoris
833 3079 996 3136 auotoritete
1012 3081 1138 3150 preoerio
1155 3081 1308 3152 regenerit,
1331 3081 1425 3139 steo
1449 3084 1489 3138 nit
1511 3083 1618 3142 hebere
1641 3101 1710 3144 eune

270 3170 420 3243 preoerienr
438 3169 639 3240 possessionem
658 3173 687 3224 et
703 3167 756 3224 hoo
772 3167 917 3225 interdioto
934 3170 1029 3225 teneri.
1057 3185 1120 3225 nem
1143 3184 1199 3240 quo
1222 3170 1312 3240 nugis
1329 3172 1489 3228 netorniiter
1504 3174 1709 3248 possideretur,

270 3260 373 3316 nullum
391 3259 481 3315 loonm
498 3273 560 3314 esse
577 3257 676 3314 tutoris
694 3257 864 3313 auetoritati:
881 3262 1010 3328 reeteque
1028 3258 1082 3314 dioi
1101 3258 1182 3330 ‘qnod
1198 3261 1321 3330 preeurio
1339 3259 1441 3332 hebee',
1462 3262 1529 3332 quis
1545 3265 1626 3334 quod
1643 3282 1711 3338 pos-

270 3348 360 3406 sideut
377 3363 412 3405 ex
430 3363 464 3404 eu
481 3363 565 3404 oense
581 3345 731 3418 possident,
748 3361 783 3402 ex
800 3361 855 3416 que
866 3347 1020 3418 rennuerit:
1038 3347 1158 3418 nihilque
1170 3349 1235 3404 noui
1242 3369 1291 3422 per
1301 3355 1455 3420 praetorem
1468 3353 1711 3428 eonstituendum,

271 3437 408 3510 quonium,
426 3439 486 3494 siue
503 3435 605 3494 hubent
621 3451 688 3507 rens,
706 3433 797 3492 offioio
815 3435 913 3492 tudinis
930 3441 1078 3508 tenentur,
1096 3437 1228 3534 sinonon
1245 3437 1353 3510 hebent,
1372 3455 1427 3498 nou
1444 3444 1584 3499 tenentur.
1730 3455 1760 3498 ss

587 3727 624 3806 R
662 3725 727 3803 DE
754 3589 1314 3806 Annonjfssffigssonnnnnnls
1352 3728 1390 3806 tt

236 3892 251 3948 1
325 3885 475 3942 Unnrsnus
491 3882 560 3940 libro
578 3883 801 3954 septuagensimo
818 3883 906 3954 primo
924 3883 961 3940 ed
972 3883 1100 3940 edietum.
1128 3883 1178 3940 Ait
1188 3889 1312 3955 praetor:
1331 3883 1415 3952 'Quae
1426 3885 1509 3943 orbor
1527 3883 1711 3972 [ῇιῖῑεζῇ
1730 3895 1758 3950 Β

272 3973 314 4030 'ex
332 3973 446 4030 nedibus
463 3973 519 4029 tuis
536 3974 564 4029 in
583 3971 666 4029 eedes
684 3972 754 4028 iliius
772 3971 926 4044 impendet,
951 3974 979 4029 si
997 3989 1047 4045 por
1069 3977 1105 4029 te
1121 3977 1191 4045 stet,
1216 3989 1271 4044 quo
1295 3975 1386 4031 minus
1403 3989 1464 4032 enm
1482 3977 1609 4049 edimus,
1633 3987 1711 4053 tone,

238 4062 333 4133 1'qno
356 4064 446 4119 minus
468 4063 507 4118 iili
530 4077 591 4118 earn
614 4059 739 4118 arborem
761 4061 882 4118 adimere
906 4061 1013 4133 sibique
1036 4061 1137 4119 hebere
1154 4063 1250 4134 lioest,
1273 4063 1329 4120 uim
1346 4063 1406 4120 fieri
1423 4064 1506 4122 ueto'.
1542 4065 1608 4124 Hoo
1626 4069 1712 4126 inter·
1730 4081 1759 4122 so

239 4166 253 4211 ι
272 4153 374 4208 dietum
393 4150 598 4223 prohibitorium
616 4155 668 4206 est.
698 4149 728 4207 Si
746 4149 827 4208 orbor
844 4151 958 4208 sedibus
976 4152 1072 4208 odionis
1083 4153 1249 4223 impendent,
1267 4157 1358 4210 utrum
1371 4157 1457 4210 roten
1470 4153 1602 4214 ruborem
1613 4157 1713 4216 rubeo

271 4246 381 4313 praetor
404 4241 486 4296 sdimi
509 4257 545 4296 uu
563 4255 629 4297 nero
647 4239 676 4296 id
693 4241 796 4310 eoium,
819 4240 893 4312 quod
916 4242 1132 4312 superexourrit,
1156 4243 1303 4313 quaeritur.
1331 4247 1359 4298 et
1375 4243 1494 4300 Ruuhus
1515 4245 1556 4300 uit
1580 4262 1600 4302 u
1622 4249 1711 4320 stirpe

271 4357 461 4427 rfflnoo)

273 4521 281 4554 ¹
300 4517 414 4587 utique?
430 4518 528 4573 minti
546 4519 592 4573 dei.

272 4684 960 4758 3qui⁴eF²ipossideut1possiderntFioor·
1013 4690 1060 4760 qui
1071 4689 1108 4742 F’
1124 4689 1129 4757 Ι
1145 4689 1436 4758 euoosrelenoosuero
1444 4690 1481 4744 ΕΙ
1515 4691 1549 4748 31
1559 4691 1661 4750 ’iubeo
1671 4695 1709 4748 F⁸

272 4759 348 4830 pore]
358 4765 478 4815 teorrore
488 4760 524 4812 ΓΙ
541 4761 546 4826 Ι
561 4759 711 4814 dominium
720 4759 747 4812 F
767 4759 959 4829 opertinesd'1
1013 4761 1048 4816 32
1059 4759 1236 4831 preosri'i’enr
1250 4760 1285 4814 Ρ
1333 4761 1369 4816 83
1381 4762 1545 4819 ιιιοωιίιιιο
1558 4764 1594 4816 Ρ
1610 4767 1618 4834 i
1632 4765 1709 4836 quod

273 4833 399 4901 9preter
407 4834 435 4902 fi
453 4835 545 4900 perter
562 4831 596 4885 F:
615 4829 682 4884 usin
695 4828 799 4892 ἒιιοῩΒ
845 4831 879 4886 12
894 4829 958 4901 duo}
1012 4831 1229 4902 possideu‘s‘tF‘
1268 4832 1468 4902 esperomffli
1482 4838 1709 4904 praetoremn*

272 4900 322 4964 uio
340 4903 374 4967 B,
393 4917 443 4957 suo
456 4903 482 4956 F
524 4902 559 4957 14
576 4900 775 4971 qui‘e'serunnr
789 4901 826 4954 F’
874 4902 908 4958 16
919 4906 960 4958 te·
1013 4904 1048 4959 37
1067 4901 1197 4960 oedendis
1216 4903 1242 4957 F
1293 4903 1329 4959 28
1347 4909 1437 4973 quun
1455 4907 1494 4960 F’
1551 4907 1589 4964 40
1607 4906 1706 4964 uisn'u'

271 4974 381 5029 neuitur
392 4976 415 5028 F
418 4975 429 5010 ¹
472 4974 505 5030 li
523 4973 560 5044 id]
574 4974 644 5038 inter
656 4973 692 5026 F·
734 4975 767 5028 18
780 4973 959 5030 distrsotoiil
1012 4972 1427 5045 flerir⁵1interoret·o·unr⁸

272 5045 423 5108 2211*er
440 5044 478 5106 F*
530 5047 565 5108 26
582 5050 713 5104 oensem*
724 5045 763 5104 F'
809 5045 844 5104 29
862 5044 918 5118 qni]
935 5045 960 5102 is
