4216 5424
508 255 548 326 ‚L
572 256 612 322 16
632 259 730 315 4-15
959 203 993 250 '⁸
1033 225 1040 240 ⁸
1201 237 1291 319 934
1706 257 1757 304 ns·
1775 257 1924 312 remonon

483 415 504 474 4
576 412 696 490 Ppunus
718 407 787 464 libro
810 405 899 478 primo
923 405 959 460 ad
982 404 1112 462 edictum.
1144 399 1283 458 ‘Nominis'
1303 397 1487 470 appellatione
1511 413 1568 454 rern
1593 393 1746 466 significari
1765 397 1823 451 Pro·
1839 393 1926 486 [οἷο]
1938 412 1955 465 p

524 501 601 558 culus
618 499 666 554 sit.

414 599 419 606 ¹
486 593 505 652 5
577 589 654 644 Ionos
676 585 745 642 libro
769 582 891 640 secundo
914 582 950 639 od
973 582 1104 638 edietum.
1141 577 1206 636 'Rei'
1225 577 1373 648 appellatio
1395 575 1477 632 latior
1500 581 1544 632 est
1567 591 1652 646 qoam
1671 573 1823 645 'pecuniae',
1850 588 1958 660 flffi’rifl
2020 567 2021 576 ¹

524 677 590 748 quis
607 676 690 730 etiarn
709 689 757 743 es,
775 687 847 743 quse
865 677 945 726 estre
962 670 1195 740 computationem
1214 666 1370 738 patrimonii
1388 665 1475 720 nostri
1493 667 1572 732 sunt,
1596 665 1733 732 eontinet,
1746 673 1811 718 ‘cnm
1828 657 1930 735 pecuniae

492 777 504 822 1
526 762 691 834 significatio
710 762 746 817 ad
764 777 798 818 ea
816 759 960 830 referatur,
978 761 1049 830 quae
1068 761 1096 814 in
1114 756 1278 828 patrimonio
1297 758 1370 810 sunt.
1407 751 1503 822 'Opere
1521 753 1612 808 locato
1631 752 1789 808 conducto':
1811 753 1848 808 bis
1862 756 1951 812 nerbira

525 852 620 908 Labeo
638 849 786 922 significari
804 851 843 904 sit
860 850 888 905 id
908 865 992 920 opus,
1011 847 1086 919 quod
1105 846 1203 904 Graeci
1221 843 1384 899 irortuerua
1402 846 1517 912 uocant,
1535 857 1590 896 nou
1608 841 1699 912 ipsos,
1723 841 1751 896 id
1769 847 1811 898 est
1826 858 1856 898 ex
1871 859 1932 915 opere

526 940 601 998 iacto
619 955 720 1010 corpus
738 937 849 1007 aliquod
867 936 1029 1006 perlectum.
1540 977 1545 984 .

490 1033 508 1092 6
582 1029 733 1085 Ucrrssus
750 1026 819 1082 libro
837 1027 918 1086 tertio
938 1027 973 1082 od
992 1027 1122 1082 edictum.
1154 1021 1291 1090 Nominis'
1304 1027 1333 1076 et
1348 1020 1402 1076 'rei'
1415 1019 1563 1090 appellatio
1581 1019 1618 1074 ad
1636 1033 1745 1075 omnem
1764 1035 1823 1075 eon·
1840 1016 1935 1105 Q
1946 1031 1963 1084 p

495 1135 507 1179 1
527 1123 645 1173 tractum
664 1121 693 1171 et
710 1113 904 1183 obligationem
923 1115 1050 1184 pertinet.
1089 1112 1207 1168 Ucrbum
1221 1109 1263 1166 'ex
1276 1105 1391 1190 legibus'
1404 1109 1445 1164 sic
1462 1109 1652 1179 accipiendum
1671 1115 1728 1164 est:
1747 1115 1802 1164 tam
1819 1124 1850 1164 ex
1865 1111 1935 1180 legun

528 1205 667 1262 seutmtis
684 1219 767 1274 quam
786 1219 821 1258 ex
840 1202 940 1258 uerbis.
1949 1215 1966 1253 u

492 1299 510 1356 7
582 1293 701 1348 Prionos
724 1291 794 1346 libro
818 1291 940 1346 secundo
963 1291 998 1346 od
1022 1290 1151 1346 edictum.
1182 1285 1315 1358 'Sponsio'
1333 1286 1487 1356 appellatur
1510 1301 1565 1342 non
1583 1285 1672 1342 solum
1691 1301 1763 1356 qnae
1781 1301 1827 1357 per
1843 1282 1937 1369 [Q
1949 1297 1966 1350 p

528 1396 648 1452 sponsus
666 1381 907 1448 interrogationem
927 1377 966 1448 iit,
985 1377 1035 1434 sed
1053 1378 1143 1434 omnis
1161 1377 1303 1446 stipulatio
1320 1375 1529 1444 promissioque.

491 1469 510 1528 8
582 1469 660 1524 loon
682 1467 751 1524 libro
776 1469 857 1523 tertio
881 1467 917 1522 od
935 1466 1064 1522 edictum.
1102 1463 1223 1522 Uorbunu
1242 1461 1411 1533 'oportebit1'
1430 1469 1486 1516 tam
1505 1477 1636 1532 praesens
1655 1477 1739 1532 quam
1757 1460 1826 1518 futu·
1843 1457 1968 1546 Qu

497 1570 509 1614 1
529 1573 589 1614 rum
607 1563 717 1626 tempus
735 1555 881 1625 significat.
912 1553 1051 1610 'Actionis'
1070 1553 1156 1610 uerbo
1175 1568 1230 1609 noo
1248 1553 1403 1608 continetur
1420 1552 1556 1620 exceptio.
1952 1569 1970 1606 u

492 1645 511 1703 9
583 1644 735 1700 Unnrnuus
760 1644 829 1700 libro
856 1645 952 1714 quinto
980 1644 1015 1698 ad
1043 1643 1173 1698 edictum.
1214 1642 1359 1696 llarcellus
1382 1639 1456 1710 apud
1479 1639 1613 1696 lulianum
1638 1641 1717 1694 notst
1745 1638 1827 1694 uerbo
1843 1635 1968 1724 [Esset

530 1731 649 1804 perisse·
668 1723 706 1788 et
714 1733 830 1788 scissum
851 1737 879 1788 et
898 1731 1013 1788 fractum
1032 1732 1165 1788 contineri
1184 1735 1213 1786 et
1231 1731 1260 1786 ui
1277 1735 1395 1799 raptum.

475 1821 514 1880 10
583 1821 661 1876 loru
679 1820 748 1878 libro
766 1827 845 1876 sexto
864 1821 899 1876 ad
918 1821 1049 1876 edictum.
1080 1818 1251 1876 'Creditores'
1270 1817 1445 1889 accipiendos
1464 1832 1526 1872 esse
1544 1821 1655 1872 consta
1672 1831 1734 1886 eos,
1752 1815 1810 1885 qrri·
1827 1811 1969 1900 fflss

531 1908 584 1966 bus
602 1907 718 1964 debetur
735 1925 770 1965 ex
788 1924 962 1980 quocumque
980 1909 1089 1966 actione
1107 1910 1151 1964 uel
1169 1908 1374 1980 persecutione,
1399 1907 1444 1962 uel
1467 1907 1526 1962 iure
1549 1905 1623 1960 ciuili
1646 1906 1706 1960 sine
1725 1905 1781 1960 sulla
1798 1908 1940 1976 exceptionis

530 2003 681 2068 perpetuae
699 1999 850 2054 remotione
868 1999 912 2054 uel
932 1999 1077 2054 bonorario
1096 1999 1140 2054 uel
1158 1997 1383 2065 extraordinario,
1402 1996 1461 2050 siue
1479 2011 1546 2065 pure
1565 1995 1625 2048 siue
1644 1995 1672 2048 in
1691 1993 1764 2048 diem
1784 1994 1825 2048 nel
1838 1993 1941 2050 subeon

531 2086 647 2142 dicione.
675 2085 749 2158 quod
767 2087 791 2142 si
810 2091 909 2142 natura
926 2087 1068 2157 debeatur,
1087 2103 1141 2143 non
1154 2091 1219 2142 sunt
1231 2087 1292 2142 ioco
1304 2084 1479 2140 creditorum.
1506 2082 1573 2138 sed¹
1585 2083 1609 2138 si
1621 2097 1676 2138 noo
1688 2083 1727 2138 sit
1739 2087 1832 2138 mutua
1842 2085 1941 2155 munis
1954 2099 1972 2138 st

532 2173 582 2230 sed
600 2179 766 2245 contractus,
785 2175 934 2232 creditores
952 2177 1137 2246 accipiuntur:

477 2269 513 2326 11
586 2261 680 2320 Gerus
698 2263 766 2320 libro
784 2265 873 2334 primo
892 2265 927 2320 ad
946 2265 1067 2320 edictum
1091 2263 1267 2335 prouinciale.
1297 2259 1479 2318 'creditorum'
1498 2259 1681 2330 appellatione
1707 2275 1763 2315 non
1783 2259 1811 2314 bi
1829 2256 1971 2344 [Qut

533 2356 639 2407 tantum
653 2353 832 2424 accipiuntur,
851 2354 898 2424 qui
910 2355 1055 2424 pecuniam
1069 2353 1252 2420 crediderunt,
1272 2351 1321 2406 sed
1334 2365 1437 2418 omues,
1449 2348 1548 2420 quibus
1561 2364 1596 2403 ex
1607 2347 1731 2417 qualibet
1743 2339 1825 2403 causa
1836 2349 1941 2404 debetur:

365 2423 366 2426 Ἴ
477 2447 515 2504 12
587 2439 738 2498 Uesuuinus
754 2441 824 2497 libro
842 2447 921 2498 sexto
940 2441 976 2498 ad
995 2443 1125 2498 edictum.
1163 2447 1194 2496 ut
1211 2442 1235 2496 si
1253 2441 1298 2496 oui
1316 2455 1350 2494 ex
1369 2443 1462 2508 empto
1486 2438 1530 2492 uel
1548 2453 1583 2491 ex
1601 2438 1691 2492 locato
1717 2438 1761 2492 uel
1780 2453 1813 2492 er
1830 2434 1942 2522 [Q
1955 2445 1972 2500 1

534 2529 588 2586 alio
606 2531 661 2586 ullo
680 2529 804 2586 debetur.
832 2531 882 2585 scd
900 2535 929 2586 et
947 2531 970 2586 si
989 2547 1024 2586 ex
1042 2531 1143 2586 delicto
1161 2529 1302 2598 debeatur,
1322 2527 1386 2582 mibi
1405 2527 1515 2582 uidetur
1532 2540 1614 2596 posse
1633 2527 1777 2581 creditoris
1795 2527 1851 2582 loeo
1868 2530 1973 2598 accipio

533 2619 607 2690 quod
626 2620 649 2674 si
668 2635 702 2674 ex
720 2619 844 2690 populari
863 2635 957 2690 causa,
974 2625 1040 2674 anto
1058 2621 1113 2676 litis
1132 2618 1360 2675 contestationem
1379 2620 1453 2670 recto
1472 2615 1578 2669 dicotur
1595 2614 1740 2669 creditoris
1755 2616 1814 2670 loco
1827 2632 1875 2672 non
1889 2632 1943 2686 esse,

503 2723 514 2769 1
534 2713 632 2779 postea
649 2723 719 2764 esso.
750 2709 840 2764 llinus
858 2709 949 2777 soluit,
968 2708 1015 2778 qui
1033 2708 1139 2766 erolus
1158 2709 1254 2764 soluit:
1273 2723 1336 2762 narn
1355 2711 1384 2760 et
1402 2709 1526 2774 tempore
1544 2703 1634 2758 minure
1652 2703 1778 2760 soluitur.

480 2801 516 2858 13
587 2795 665 2851 insu
683 2795 752 2852 libro
770 2797 887 2867 septimo
906 2796 942 2851 ad
960 2795 1089 2851 edietum.
1121 2795 1255 2852 'liudieris'
1268 2795 1450 2866 appellatione
1463 2793 1545 2848 etiarn
1564 2792 1644 2861 uirgo
1662 2795 1814 2864 uiripoteus
1831 2790 1971 2876 [Qu

502 2901 514 2946 1
535 2885 715 2941 continetur⁸.
751 2885 806 2940 Res
825 2883 940 2940 'abesse'
959 2885 1088 2940 uidentur
1111 2887 1153 2952 (ut
1170 2885 1289 2942 Sabinus
1313 2885 1352 2938 sit
1369 2887 1398 2938 ct
1416 2881 1517 2938 Pedius
1535 2881 1644 2951 probat)
1664 2884 1747 2938 etiam
1767 2882 1832 2952 boe,
1852 2899 1942 2953 quamn

535 2987 635 3044 corpus
654 2979 761 3044 manat,
786 2973 874 3030 l'orma
892 2979 998 3030 mutata
1021 2979 1078 3028 est:
1102 2980 1130 3028 et
1153 2974 1214 3030 ideo
1238 2975 1261 3028 si
1286 2975 1430 3042 corruptos
1453 2971 1577 3026 redditae
1602 2971 1658 3025 sint
1681 2972 1727 3026 uel
1751 2971 1972 3042 transfigurasset

501 3073 516 3118 2
535 3061 622 3118 uideri
641 3061 747 3132 abesse,
766 3063 896 3132 quonium
914 3063 1076 3134 plerumque
1094 3063 1156 3133 plus
1174 3069 1218 3118 est
1235 3063 1263 3118 in
1282 3075 1379 3116 manus
1397 3059 1494 3130 pretio,
1513 3074 1594 3130 quam
1608 3059 1636 3114 in
1649 3075 1687 3115 re.
1719 3060 1861 3142 ‘Desinere'
1872 3067 1942 3116 subn

535 3149 648 3206 'abesse'
666 3167 710 3206 res
729 3155 794 3206 tunc
812 3151 930 3220 uidetur,
948 3167 1011 3206 cuns
1030 3153 1070 3208 sic
1089 3151 1161 3206 redit
1179 3151 1206 3206 in
1224 3155 1399 3222 potestatem,
1418 3165 1453 3204 ne
1471 3151 1596 3204 amittere
1615 3149 1674 3204 cius
1686 3151 1882 3219 possessionem
1896 3166 1943 3220 pos·

502 3251 516 3296 e
535 3239 630 3296 simus.
661 3239 702 3296 0b
721 3239 781 3310 boo,
799 3239 873 3310 quod
893 3238 965 3296 lurlo
984 3239 1090 3310 pridem
1109 3239 1251 3296 subtracta
1269 3243 1320 3308 est,
1339 3237 1419 3294 abest
1437 3244 1465 3294 et
1483 3253 1517 3294 ea
1534 3253 1587 3308 res,
1606 3253 1678 3308 quae
1698 3239 1726 3292 iu
1744 3237 1826 3295 rebus
1843 3239 1942 3294 bonsuis

535 3332 660 3384 nonest.
1954 3341 1972 3380 u

479 3417 516 3474 14
588 3417 707 3472 Psuuus
730 3415 800 3474 libro
822 3415 939 3486 septimo
963 3415 999 3470 ad
1023 3415 1154 3472 edictum.
1191 3415 1284 3472 Labeo
1308 3421 1337 3470 et
1355 3413 1474 3472 Sabinos
1492 3415 1663 3484 existimant,
1688 3416 1713 3470 si
1731 3417 1814 3472 uesti-
1832 3409 1970 3500 ΜΕ

535 3511 657 3561 mentum
676 3507 793 3562 scissum
811 3505 943 3560 reddatur
961 3505 1006 3560 uel
1024 3521 1069 3560 res
1087 3510 1214 3574 corrupta
1233 3505 1342 3560 reddita
1359 3505 1403 3573 sit,
1422 3505 1508 3560 ueluti
1526 3504 1623 3576 seypbi
1642 3503 1730 3559 collisi
1742 3513 1791 3560 aut
1804 3505 1944 3560 mbrdarsss

533 3595 649 3664 pictura,
668 3595 756 3650 uideri
774 3609 831 3649 rem
851 3591 972 3662 'abesso',
992 3594 1120 3663 quoniam
1139 3607 1232 3649 sarum
1252 3609 1340 3649 rerum
1360 3595 1477 3662 pretium
1497 3608 1552 3648 non
1570 3593 1597 3646 iu
1616 3591 1781 3662 substantia,
1800 3594 1847 3649 sed
1863 3595 1887 3648 in
1901 3599 1944 3647 sris

534 3684 570 3737 sit
587 3684 717 3754 positum.
744 3683 810 3738 item
829 3682 853 3738 si
872 3681 998 3737 dominus
1017 3699 1085 3753 rom,
1111 3699 1182 3754 quoe
1200 3681 1273 3738 furto
1292 3682 1345 3737 sibi
1364 3682 1472 3751 aberat,
1496 3683 1625 3750 ignorans
1644 3683 1757 3752 emerit,
1781 3689 1852 3738 recte
1869 3682 1945 3736 dicitur

533 3785 578 3826 res
596 3771 702 3841 abesse,
721 3771 829 3828 etiamsi
847 3776 945 3842 postea
963 3771 991 3826 id
1010 3771 1049 3826 ita
1067 3787 1129 3827 esse
1147 3771 1248 3842 scierit,
1267 3772 1332 3840 quia
1350 3769 1459 3826 uidetur
1476 3785 1520 3825 res
1533 3771 1558 3824 ei
1571 3769 1679 3840 abesse,
1698 3773 1743 3826 oui
1756 3773 1868 3842 pretinm
1879 3771 1945 3825 abest

503 3871 514 3916 1
533 3858 608 3916 ‘Rem
628 3859 760 3916 amisisse'
780 3859 898 3926 uidetur,
922 3859 969 3930 qui
988 3859 1122 3916 aduersus
1141 3861 1243 3914 nullum
1263 3861 1322 3915 eius
1340 3859 1546 3929 persequendae
1565 3859 1703 3915 sotionem
1722 3859 1814 3916 babet
1956 3873 1972 3914 o

479 3946 516 4005 15
588 3948 739 4004 Uul’tstllls
762 3949 831 4004 libro
855 3949 962 4004 decimo
986 3949 1021 4004 ad
1044 3949 1174 4004 edictum.
1211 3949 1290 4003 Bona
1312 3949 1434 4004 ciuitatis
1456 3947 1571 4004 abusiue
1596 3947 1722 4018 'publicu'
1744 3949 1819 4004 dicta
1835 3941 1972 4032 [Qu

534 4041 612 4092 sunt:
631 4039 690 4093 sola
708 4039 780 4093 enim
799 4053 834 4092 ea
851 4035 963 4108 publica
981 4041 1053 4108 sunt,
1072 4053 1143 4108 quae
1161 4037 1254 4108 populi
1273 4037 1388 4092 Romani
1407 4043 1479 4092 erint.

536 4125 726 4196 ΗΧΥΜΟΟ)

536 4251 544 4285 ¹
563 4255 672 4320 oportet
685 4251 719 4314 (u.
730 4258 762 4303 ι·..·
777 4249 898 4304 Galaesus
911 4250 1036 4320 aliiqueli
1106 4251 1159 4304 ¹et
1172 4257 1218 4303 ins.
1231 4251 1313 4314 (dett.)
1378 4249 1535 4320 ⁸Ulpianus
1551 4248 1621 4304 libro
1633 4249 1716 4316 (iiber
1727 4251 1841 4314 rodlad
1852 4249 1948 4305 edictum

535 4327 614 4374 sesto
632 4322 679 4390 qui
696 4336 747 4392 pro
766 4321 827 4375 aliis
850 4335 885 4374 ne
904 4322 1044 4390 postulent
1067 4322 1147 4376 titulo
1166 4327 1245 4376 sexto
1264 4322 1304 4375 sic
1321 4319 1418 4376 refert:
1443 4321 1599 4376 inuenimus
1622 4322 1699 4391 apud
1722 4329 1831 4377 ueteres
1852 4320 1949 4376 mulieris

534 4391 673 4456 (mulieres
691 4393 759 4456 cod.)
778 4391 961 4462 appellatione
979 4393 1063 4447 etism
1082 4393 1204 4462 uirgines
1221 4391 1348 4462 (uirginis
1366 4393 1432 4457 cod)
1450 4393 1583 4447 contineri
1603 4393 1699 4447 Pacate·
1717 4401 1834 4462 excerpto
1845 4391 1950 4464 aprill-

533 4469 601 4515 trnm
619 4466 700 4534 spicil.
713 4461 818 4516 Soteron.
834 4463 856 4526 1,
869 4463 936 4516 281:
959 4483 1112 4536 quamquam
1131 4465 1296 4518 tusciacum
1315 4483 1364 4517 non
1383 4463 1440 4528 iture,
1461 4465 1507 4518 sed
1523 4473 1607 4536 moyse
1626 4465 1664 4518 od
1681 4465 1953 4531 D.3,1,1,5nuelu

533 4532 710 4604 Boeekr'nplns
726 4533 895 4604 probabiliter

534 4656 696 4724 loominis]
717 4656 776 4721 FM,
795 4657 1100 4717 nominisuellueiom.
1116 4658 1160 4720 θ’)
1179 4671 1226 4726 po·
1280 4659 1315 4714 29
1338 4655 1602 4728 quarum‘p‘corpus
1621 4659 1659 4712 pr
1733 4660 1770 4714 33
1793 4668 1849 4714 orte
1867 4655 1953 4714 obboc

533 4727 613 4782 cunio
630 4727 707 4791 PO’,
726 4728 859 4796 pecuniae
871 4729 902 4782 X
906 4725 1002 4782 1⁷¹0&
1049 4730 1067 4783 4
1084 4727 1157 4797 quia]
1171 4742 1227 4796 qua
1281 4731 1441 4784 incidendum
1465 4749 1518 4784 erre
1543 4732 1699 4802 intelQltur
1724 4735 1817 4785 codols
1834 4731 1869 4784 D.
1884 4727 1954 4790 w,

534 4797 713 4852 moreTour.
763 4799 796 4852 13
813 4797 926 4853 uerbum
941 4799 1088 4868 oportebit]
1101 4799 1133 4854 τὸ
1146 4799 1226 4870 onop-
1279 4802 1316 4856 46
1331 4820 1387 4871 pn:
1419 4801 1561 4854 inciderunt
1594 4808 1680 4854 tumen
1711 4811 1772 4856 onte
1798 4801 1873 4856 abest
1894 4807 1955 4854 rou

533 4868 603 4921 risrr
623 4869 649 4921 B
704 4869 737 4922 19
759 4869 984 4938 extraordinario]
1006 4871 1099 4934 XOG,
1120 4871 1227 4926 exordi-
1283 4871 1379 4926 Graeci
1432 4871 1467 4925 311
1480 4869 1681 4926 tabula's’rssa
1696 4872 1856 4928 F¹:u'sesulc
1867 4889 1956 4940 respu—

532 4939 608 4994 usrio
628 4939 654 5002 F,
678 4941 892 4996 extraordinarie
909 4941 940 5006 Y,
958 4941 1181 4998 exumonorario
1196 4941 1232 4996 M
1282 4943 1346 4996 utun
1364 4943 1481 4997 Ξεοθεῑοο
1499 4943 1514 4995 u's
1530 4945 1688 5014 xopaxteica
1705 4945 1756 5000 Bo
1774 4947 1810 5012 (Ι,
1822 4945 1856 5002 63
1865 4941 1957 5006 Beati

534 5011 569 5070 22
596 5009 635 5084 bi]
661 5008 725 5066 bobi
749 5013 783 5066 Ρ
855 5013 890 5070 26
917 5011 1038 5068 neuter·
1057 5013 1164 5070 dicetur
1192 5015 1228 5068 F*
1281 5015 1316 5070 39
1334 5011 1485 5086 pr'a'etium
1504 5015 1540 5068 l*
