3644 5460
1135 87 1151 122 Ν
1167 125 1169 128 .

83 247 121 294 ιιι
143 245 394 320 rossussronnrr
415 207 531 297 aaron
696 269 702 272 -
752 222 838 305 54⁶1
1224 231 1374 299 XXXXII
1393 233 1415 298 4
1434 239 1513 294 ι-ι

83 386 208 442 suntad
230 391 383 457 praetorem
406 391 511 444 tutores
532 385 642 456 pupilli,
665 390 697 444 ut
715 385 874 442 defendant:
897 387 1031 443 siautem
1050 387 1203 444 nonhabet
1219 394 1338 459 tutores,
1361 388 1515 459 requirendi

82 475 195 545 cognati
212 475 257 531 uel
275 474 379 532 adfines
397 481 426 531 st
443 477 467 532 si
485 476 532 546 qui
550 475 596 531 alii
612 473 683 531 forte
700 479 772 546 suut,
790 490 859 546 quos
877 477 1023 534 uerisimile
1036 482 1079 533 est
1090 477 1276 534 defensionem
1289 479 1384 549 pupilli
1395 479 1514 549 pupiilae

83 579 140 620 non
156 566 306 621 omissuros
323 567 368 620 uel
385 570 497 637 propter
514 565 742 621 necessitudinem
761 566 806 622 uel
823 573 935 638 propter
947 567 1088 622 ceritatem
1101 568 1146 623 uel
1158 583 1214 637 qua
1225 567 1278 622 alia
1290 568 1408 622 ratione:
1425 567 1515 622 liberti

84 655 169 710 etiarn
187 655 211 709 si
228 655 276 724 qui
294 659 359 710 sunt
375 654 474 724 idonei,
494 654 628 711 enecandi
645 654 867 725 exquirendaque
879 653 1017 712 defensio.
1045 657 1068 712 si
1087 661 1135 711 aut
1152 662 1254 725 negent
1266 672 1296 712 ιι
1308 655 1454 711 defendere
1467 659 1516 710 aut

84 757 140 798 nou
157 748 271 814 negent,
293 743 342 798 sed
361 746 480 813 taceam,
498 749 566 800 tunc
582 749 693 814 praetor
709 745 910 814 possessionem
929 743 1014 814 dabit,
1033 745 1138 800 tamdiu
1156 746 1268 816 scilicet,
1287 745 1378 815 quoad
1395 760 1450 800 non
1468 745 1515 800 de·
1534 755 1549 798 ι

83 829 226 886 fendamr:
244 833 269 888 si
286 830 396 888 defendi
415 833 536 903 coeperit
552 824 671 904 pupillus
688 833 733 888 uel
750 833 862 904 pupilla,
881 833 988 889 desinet
1005 833 1148 904 possideri.
1175 835 1248 889 idern
1266 839 1309 890 est
1323 840 1352 890 et
1362 826 1391 890 iu
1403 833 1514 890 furioso.

51 929 66 974 a
83 919 134 975 Ait
149 920 277 976 Praetor:
294 919 327 976 ‘si
347 922 371 976 is
388 923 507 992 pupillus
524 922 553 976 in
571 937 649 976 suam
668 922 781 976 tutelam
800 923 906 976 uenerit
924 937 992 978 caue
1010 923 1113 993 pupilla
1130 923 1279 993 uiripotens
1296 921 1379 979 fuerit
1396 929 1424 978 et
1441 929 1516 979 recte

51 1019 65 1062 ι
84 1007 268 1066 'defendeturr
286 1025 343 1079 eos,
361 1011 408 1080 qui
425 1009 498 1066 bona
515 1009 665 1080 possident,
684 1010 719 1065 de
736 1011 911 1080 possessione
928 1011 1061 1067 decedere
1078 1011 1195 1068 iubebo’.
1222 1013 1307 1068 Recte
1323 1011 1433 1068 defendi
1450 1012 1514 1082 quid

83 1099 128 1168 sit,
145 1099 298 1170 uideamus,
316 1104 407 1154 utrum
425 1104 532 1154 tantum
550 1099 656 1170 copiam
675 1099 718 1154 sui
736 1097 826 1154 facere
844 1099 927 1155 etad
945 1099 1148 1169 suscipiendum
1165 1100 1295 1156 iudicium
1313 1107 1437 1171 paratum
1457 1117 1516 1157 esse

84 1203 120 1244 an
142 1203 210 1244 uero
233 1192 262 1246 et
284 1187 418 1244 satisdare
441 1188 606 1244 omnimodo.
638 1187 794 1258 etquidem
813 1203 867 1243 non
886 1189 973 1244 solum
992 1189 1059 1259 ipsis
1077 1203 1108 1244 se
1125 1187 1273 1245 defendere
1291 1189 1446 1246 uolentibus
1464 1189 1515 1246 boc
1536 1201 1564 1242 ro

83 1277 204 1332 edictum
222 1277 354 1348 scripturn
373 1283 428 1347 est,
447 1277 497 1333 sed
514 1278 543 1332 in
560 1291 633 1334 rem:
652 1284 681 1332 et
698 1277 780 1332 'recte
797 1275 966 1333 defendetur'
985 1277 1037 1334 hoc
1055 1283 1098 1334 eet
1115 1278 1159 1334 uel
1178 1293 1195 1332 a
1213 1293 1243 1334 se
1261 1279 1306 1334 uel
1324 1278 1359 1334 ab
1378 1280 1431 1335 alio
1449 1294 1515 1350 quo-

83 1381 221 1446 cumque,
244 1366 294 1421 sed
317 1367 342 1424 si
360 1367 428 1422 alius
446 1365 590 1437 defendat,
615 1367 666 1422 erit
683 1367 837 1422 necessaria
855 1365 1011 1435 satisdatio,
1034 1366 1058 1422 si
1076 1367 1151 1437 ipse,
1176 1381 1230 1422 non
1248 1371 1315 1436 puto
1333 1367 1515 1423 necessariam

82 1455 300 1510 satisdationem.
328 1471 394 1526 ergo
412 1454 505 1512 oblata
522 1455 680 1512 defensione
699 1455 769 1511 deici
787 1455 888 1526 poterit
904 1455 1049 1510 interdicto
1067 1454 1183 1510 reddito.

47 1541 65 1600 6
137 1545 257 1600 Paucos
273 1543 343 1600 libro
360 1545 606 1615 quinquagensimo
624 1546 742 1616 septimo
759 1545 795 1600 ad
810 1544 939 1609 edictum.
966 1545 998 1599 In
1010 1544 1212 1614 possessionem
1225 1544 1297 1599 mitti
1308 1545 1379 1601 solet
1395 1539 1515 1630 Q
1534 1549 1561 1604 Ε

51 1644 64 1689 ι
84 1633 204 1689 creditor
226 1638 256 1688 et
276 1634 301 1688 si
324 1632 376 1690 sub
394 1633 554 1690 condicione
571 1635 597 1690 ei
614 1635 731 1705 pecunia
747 1635 881 1705 promissa
898 1631 942 1688 sit.
979 1632 1048 1688 Cum
1067 1632 1179 1688 dicitur:
1198 1633 1233 1689 ‘et
1250 1635 1323 1704 cius,
1347 1634 1425 1690 cuius
1443 1635 1516 1690 bona
1535 1644 1563 1686 ιι
1670 1683 1671 1686 ,

84 1721 222 1792 'musaea
239 1727 304 1778 sunt
321 1738 338 1777 a
355 1721 549 1793 creditoribus,
567 1729 694 1793 ueneant,
712 1727 903 1794 praeterquam
921 1721 1018 1792 pupilli
1035 1726 1065 1777 et
1081 1723 1149 1792 ciue,
1167 1723 1214 1792 qui
1232 1723 1276 1778 ιιι
1289 1721 1413 1792 publicae
1432 1739 1516 1780 causa

51 1810 151 1868 a'slne
169 1811 234 1868 dolo
250 1812 323 1868 malo
341 1810 426 1882 afuit',
444 1812 627 1882 intellegimus
644 1812 712 1882 eius,
731 1813 777 1882 qui
794 1811 859 1867 dolo
877 1811 948 1866 malo
966 1809 1073 1880 afuerit,
1092 1825 1174 1882 posse
1191 1811 1294 1866 uenire.
1331 1811 1360 1868 Si
1378 1811 1414 1867 ab
1432 1812 1515 1868 hosti·

82 1899 137 1956 bue
159 1901 222 1970 quis
245 1906 343 1971 captus
360 1901 410 1970 sit,
435 1900 584 1956 creditores
602 1901 661 1956 eius
679 1901 707 1955 in
725 1901 926 1971 possessionem
945 1899 1071 1956 mittendi
1089 1905 1167 1970 sunt,
1191 1905 1223 1955 ut
1240 1905 1332 1956 tamen
1349 1917 1403 1958 non
1421 1903 1514 1958 stetim

82 1987 217 2044 bonorum
236 1988 358 2046 uenditio
376 1991 557 2060 permittatur,
575 1989 625 2045 sed
642 1989 750 2044 interim
768 1988 847 2046 bonis
865 1993 975 2046 curator
993 1987 1082 2044 detur.
1535 2001 1562 2042 ιι

47 2078 66 2137 ’1
137 2077 288 2134 Uarianos
308 2077 377 2134 libro
394 2079 640 2148 quinquagensimo
658 2093 730 2134 nono
748 2077 784 2133 ad
802 2077 930 2134 edictum.
966 2077 1105 2132 Fulcinius
1123 2077 1215 2133 existi·
1235 2075 1514 2164 [ιιι-Ἥρω
1533 2083 1560 2138 Ε

82 2171 142 2222 mat
164 2167 314 2224 creditores
336 2168 375 2222 ιιι
398 2168 551 2223 seruandae
574 2183 659 2222 causa
683 2168 781 2223 missos
799 2168 827 2222 in
844 2167 1046 2237 possessionem
1065 2181 1100 2221 ex
1117 2165 1160 2222 his
1177 2166 1259 2222 rebus
1277 2169 1313 2224 ali
1331 2184 1385 2224 non
1404 2169 1513 2226 debere.

53 2265 63 2310 ι
82 2255 197 2312 Praetor
215 2256 268 2311 ait:
287 2255 346 2322 ‘Qui
359 2253 538 2312 fraudationis
556 2271 641 2312 causa
657 2256 784 2326 latitabit,
803 2255 826 2311 si
843 2254 909 2311 boni
927 2255 978 2310 uiri
991 2254 1124 2310 arbitratu
1135 2270 1191 2311 non
1203 2254 1373 2328 defendetur,
1392 2245 1515 2334 [ffl

51 2345 151 2402 a'eius
168 2344 243 2400 bona
260 2344 394 2415 possideri
411 2345 549 2416 nandique
567 2344 684 2401 iubebo'.
701 2345 795 2401 ‘ilum1
815 2344 866 2399 hoc
884 2344 1004 2399 edietum
1022 2343 1112 2399 locum
1125 2343 1235 2414 habeat,
1254 2359 1308 2400 non
1320 2343 1422 2402 sufficit
1440 2345 1515 2430 [OEp‘u

82 2435 202 2504 latitare,
219 2433 270 2490 sed
287 2438 317 2490 et
334 2449 447 2490 necesse
465 2440 510 2490 est
526 2432 705 2490 fraudationis
723 2449 807 2490 causa
823 2433 852 2488 id
870 2432 941 2488 fieri:
960 2447 1049 2502 neque
1067 2432 1140 2502 quod
1157 2431 1335 2490 fraudationis
1354 2450 1438 2491 eausa
1454 2425 1516 2492 'eine

82 2523 238 2580 istilatione
260 2521 305 2594 fit,
329 2524 396 2579 satis
418 2529 462 2578 est
485 2523 520 2578 ad
542 2523 742 2594 possessionem
767 2528 795 2579 et
818 2521 1015 2592 uenditionem,
1038 2520 1088 2576 sed
1108 2525 1218 2592 oportet
1235 2521 1415 2580 fraudationis
1433 2539 1517 2581 causa
1535 2533 1563 2576 ιι

83 2613 202 2668 latitare.
236 2617 265 2668 et
281 2617 325 2669 est
341 2611 561 2683 frequentissima
577 2611 646 2667 haee
663 2627 748 2667 cauea
764 2611 958 2681 possessionis:
983 2627 1046 2666 nanr
1064 2609 1093 2665 iu
1111 2625 1163 2666 usu
1180 2611 1345 2666 latitantium
1364 2611 1437 2669 bona
1453 2629 1516 2684 pos·

54 2709 67 2754 ι
84 2702 218 2757 uidentur.
250 2701 279 2757 Si
297 2702 359 2772 quie
376 2701 530 2772 possederit
547 2701 620 2757 bona
637 2701 751 2756 alicuius
769 2700 848 2770 qnasi
864 2699 1004 2768 latitantis,
1023 2699 1070 2768 qui
1088 2714 1143 2754 non
1160 2699 1294 2772 latitabat,
1313 2705 1342 2756 et
1353 2702 1516 2774 uendiderit,

54 2799 68 2845 4
84 2805 258 2861 consequens
275 2791 327 2846 erit
344 2791 435 2847 dicere
452 2790 636 2846 uenditionem
648 2789 781 2846 bonorum
794 2793 916 2844 secutam
928 2788 1028 2844 nullius
1040 2786 1183 2856 molimenti
1195 2803 1265 2846 esso.
1292 2790 1363 2856 Quid
1375 2791 1412 2846 sit
1423 2797 1516 2848 autern
1531 2796 1548 2844 ι.
1562 2798 1608 2846 ιιι

84 2881 210 2950 latitare,
227 2879 382 2938 uideamus.
410 2881 519 2936 latitare
537 2885 579 2935 est
596 2895 665 2948 non,
684 2884 715 2934 ιιι
733 2878 847 2935 Cicero²
864 2875 972 2947 definit,
990 2878 1077 2947 turpis
1095 2879 1242 2936 occultatio
1260 2879 1316 2936 sui:
1333 2885 1426 2948 potest
1443 2881 1515 2936 enim

83 2971 147 3041 quis
165 2970 274 3025 latitare
291 2985 347 3026 non
363 2950 486 3040 turpi'dr
504 2983 597 3038 cauea,
615 2967 700 3024 ueluti
718 2968 765 3038 qui
782 2966 891 3038 tyranni
909 2965 1097 3022 crudelitatem
1115 2966 1194 3023 timet
1207 2971 1255 3023 aut
1266 2969 1322 3024 uim
1335 2969 1454 3024 hostium
1466 2975 1516 3025 aut
1535 2980 1563 3021 so

53 3059 252 3116 odomestieas
270 3059 427 3116 seditiones.
455 3058 527 3114 Sed³
544 3059 578 3128 is,
596 3057 643 3127 qui
660 3055 838 3112 fraudationis
856 3055 1047 3125 causalatitet,
1065 3069 1120 3112 uon
1131 3061 1223 3112 tamen
1235 3061 1347 3128 propter
1358 3059 1515 3130 creditores,

84 3149 137 3204 etsi
155 3147 225 3203 baec
241 3147 359 3204 lutilatio
377 3147 526 3204 creditores
543 3145 666 3214 fraudet,
688 3147 717 3200 in
734 3161 769 3201 ea
784 3150 877 3201 tamen
895 3145 948 3200 erit
965 3159 1063 3214 causa,
1081 3159 1116 3200 ne
1134 3145 1197 3201 hinc
1214 3147 1348 3217 possideri
1365 3146 1438 3203 bona
1456 3149 1515 3204 eius

83 3237 201 3308 possint,
218 3237 283 3307 quia
300 3253 355 3292 non
372 3236 424 3292 boc
441 3237 532 3292 animo
549 3235 646 3304 latitet,
664 3240 696 3289 ut
712 3233 821 3290 fraudet
838 3233 1001 3290 creditores:
1019 3233 1127 3289 animus
1139 3236 1210 3292 enim
1222 3237 1355 3292 latitantis
1367 3238 1515 3308 quaeritur,

52 3336 67 3382 e
84 3341 140 3397 quo
158 3325 251 3383 ιιιιιο
269 3327 366 3397 latitet,
383 3331 415 3382 ut
431 3324 541 3381 fraudet
558 3323 706 3380 creditores
724 3339 759 3378 an
776 3323 831 3379 alia
847 3337 882 3378 ex
899 3337 992 3378 causa.
1029 3320 1101 3388 Quid
1118 3338 1193 3394 ergo,
1212 3325 1236 3380 si
1253 3325 1323 3380 duas
1340 3341 1438 3381 causas
1455 3327 1515 3381 lati·

83 3416 162 3472 tandi
180 3415 277 3471 habuit
294 3416 339 3471 uel
355 3415 455 3485 plures,
473 3415 544 3470 inter
561 3428 630 3484 quas
648 3413 731 3468 etiam
749 3411 892 3468 fraudandi
904 3411 1072 3467 creditores?
1099 3427 1135 3468 an
1147 3413 1269 3469 uenditio
1281 3419 1354 3469 recte
1366 3414 1516 3484 procedat?
1534 3423 1562 3465 ιι

84 3511 114 3561 et
130 3509 200 3576 puto
218 3503 397 3575 probandum,
416 3505 440 3558 si
457 3504 549 3575 plures
567 3517 667 3558 ιιιιιι
686 3502 741 3557 ιιιι
758 3500 926 3570 latitationis,
944 3501 1015 3556 inter
1033 3515 1102 3570 quaa
1119 3506 1163 3556 est
1180 3506 1209 3556 et
1225 3500 1404 3559 fraudationis
1423 3518 1514 3574 causa,

53 3601 66 3648 7
84 3609 185 3650 ιιιιιι
202 3592 303 3650 debere
320 3607 456 3664 posseque
473 3592 537 3648 hino
554 3589 627 3647 bona
644 3589 734 3646 uendi.
761 3589 831 3657 Quid
849 3590 873 3645 si
891 3589 1024 3645 aduersus
1036 3589 1169 3660 quosdam
1181 3592 1318 3647 occultare
1330 3607 1361 3647 se
1373 3591 1514 3647 consilium

84 3698 141 3740 non
163 3687 221 3753 est,
243 3681 376 3738 aduersus
394 3681 528 3752 quosdam
546 3685 602 3750 est,
625 3679 691 3748 quid
709 3678 852 3735 dicemus?
884 3683 914 3733 ιι
930 3679 1083 3734 rectissime
1100 3679 1266 3749 Pomponius
1284 3679 1379 3735 scribit
1395 3696 1450 3736 non
1468 3679 1515 3736 ad·

83 3787 183 3828 uersus
201 3785 296 3828 omnes
313 3772 494 3826 latitationem
512 3769 688 3840 exigendam,
706 3769 757 3824 sed
774 3769 907 3824 aduersus
924 3783 1003 3838 eum,
1021 3781 1103 3837 quern
1121 3769 1182 3839 quis
1200 3767 1326 3838 decipere
1344 3771 1373 3823 et
1389 3767 1515 3824 fraudare

85 3862 240 3918 latitatione
262 3861 391 3916 destinat.
424 3865 515 3914 utrum
540 3873 606 3930 ergo
627 3873 721 3914 omnes
738 3856 812 3912 bona
829 3857 888 3913 eius
906 3847 1026 3913 uendere
1042 3861 1170 3928 possunt,
1195 3857 1258 3927 quia
1275 3857 1379 3928 latitat,
1402 3857 1455 3914 hoc
1472 3862 1516 3914 est
1533 3867 1562 3908 4⁰

84 3951 169 4008 etiam
187 3951 229 4020 hi,
252 3949 385 4005 aduersus
403 3963 473 4018 quos
490 3963 545 4004 non
562 3949 665 4017 latitat,
689 3931 754 4016 quia
771 3961 867 4002 uerum
885 3951 929 4002 est
946 3962 1008 4002 eum
1026 3947 1160 4016 latitare⁴,
1182 3962 1217 4001 an
1236 3961 1302 4001 uero
1319 3947 1343 4001 is
1361 3947 1448 4018 solus,
1467 3945 1515 4002 ad·

84 4053 182 4095 uersus
200 4052 282 4108 quern
300 4038 411 4094 Ιιιιιιιι
437 4036 594 4107 etquidem
612 4051 707 4092 uerum
726 4039 850 4091 osteum
868 4035 976 4092 latitare
993 4039 1023 4092 et
1039 4033 1217 4092 fraudationis
1235 4049 1319 4091 causa
1329 4035 1445 4106 latitare,
1463 4035 1515 4092 etsi

84 4161 279 4232 muruco)

85 4339 191 4410 ιιιιιοι
256 4339 313 4394 ἰι
330 4339 461 4411 ἀφηάιιο
478 4339 544 4394 libro
562 4341 647 4410 aliquo
712 4338 771 4394 ⁸et
789 4345 836 4393 ιιι.
849 4338 932 4407 (Hal.)
993 4337 1087 4408 ‘quia
1103 4353 1199 4394 uerum
1212 4319 1448 4395 esteumlatitare
1466 4341 1514 4394 del.

86 4516 299 4584 ldefendatFl
314 4515 452 4572 babenti·
481 4514 772 4582 commissurum
827 4515 872 4585 de]
891 4515 928 4571 da
946 4517 971 4569 F
1022 4517 1058 4572 32
1079 4515 1214 4572 Ιιιιιιιιο
1238 4517 1275 4570 F’
1294 4517 1300 4582 1
1319 4516 1460 4588 possidere
1478 4519 1514 4571 F¹

84 4589 265 4646 eh⁴aritatem
287 4587 324 4642 F*
346 4591 407 4656 (non
424 4588 472 4655 ι’)
525 4587 637 4658 tqui's'
650 4591 715 4643 sunt
737 4587 776 4639 Ρ)
827 4587 863 4642 33
881 4591 912 4642 ut
929 4585 1245 4643 fraudet‘ur'oreditores
1263 4587 1369 4644 animus
1386 4589 1457 4643 eninr
1474 4589 1514 4644 la·

84 4659 268 4732 sspossidere
286 4659 321 4712 F¹
380 4659 449 4714 'iet
470 4661 516 4713 det
529 4660 566 4712 ι’
622 4659 779 4714 9essetF
827 4659 933 4713 titantis
945 4659 1150 4729 quaeriturque
1163 4660 1252 4714 animo
1264 4660 1354 4716 latitet
1365 4659 1515 4714 irtfraudet

86 4733 152 4788 lis
188 4732 257 4786 timo
270 4731 366 4784 enniit
407 4730 572 4785 adlatitauit
585 4733 610 4784 F
638 4731 774 4785 motem.
828 4729 983 4786 ‘creditores
1007 4731 1114 4785 animus
1136 4731 1208 4786 enim
1225 4731 1358 4786 latitantis
1375 4732 1514 4802 quaeritur

86 4803 143 4871 Pl
174 4801 344 4858 fundationis
360 4815 445 4856 causa
461 4801 491 4856 id
508 4799 568 4856 fieri
584 4815 674 4870 neque
691 4799 773 4870 quod]
827 4815 882 4870 quo
909 4802 999 4857 animo
1025 4802 1114 4856 latitet
1139 4807 1171 4856 ut
1196 4799 1311 4858 fraudet'
1338 4819 1374 4858 au
1400 4803 1453 4858 alia
1479 4817 1514 4858 ex

84 4873 267 4930 fraudationis
278 4872 307 4928 id
318 4887 403 4927 causa
413 4871 473 4928 fieri
481 4885 569 4942 neque
582 4871 655 4942 quod
665 4870 774 4926 frauda-
827 4873 960 4927 causaF²
1003 4873 1263 4930 391atitationisii·
1305 4873 1512 4946 41hi1srr²1

83 4947 168 5002 tionis
179 4941 377 5002 eausa'id'fieri
388 4943 560 5013 nequequod
570 4945 615 5008 F‘,
627 4941 774 4998 fraudatio
826 4943 860 5014 is]
878 4943 902 4999 ei
919 4943 980 5000 illos
998 4945 1033 4998 pr

84 5017 166 5074 oisid
174 5013 506 5086 uunfieuncqucquod
513 5015 550 5069 Ρ
567 5011 773 5082 3illatitoreF¹l

1242 5101 1303 5160 35*
