3616 5468
197 243 348 314 XXXIIII
367 245 388 312 3
410 251 526 309 24-28
875 237 960 318 162
1031 290 1035 298 ·
1339 259 1386 306 ιι
1408 254 1646 306 succurrere

140 403 180 462 24
251 401 330 458 lusu
347 401 417 458 libro
435 405 535 456 octauo
553 413 756 470 responsorum.
793 398 863 455 (ium
881 397 1093 468 heresrogatur
1110 396 1261 454 debitorem
1280 409 1360 452 suum
1378 393 1445 451 libc-
1477 405 1504 451 lt.
1513 405 1553 460 ιι,
1563 405 1601 460 ιι,
1612 405 1645 450 aa

197 505 272 561 rare,
296 490 332 546 de
350 504 383 545 eo
400 493 508 545 tanturn
527 489 678 558 cogitatum
697 486 819 558 uidetur,
845 486 919 558 qaod
936 487 966 542 in
983 485 1150 555 obligatione
1168 485 1312 542 manserit:
1335 485 1429 554 ίιιιιι
1448 483 1472 538 si
1490 481 1559 551 quid
1577 485 1650 536 ante

197 577 307 635 tabulas
325 581 435 648 apertas
453 575 536 633 inerit
554 577 688 646 solutum,
706 575 742 632 ad
760 591 872 632 ιιιιιιι
891 573 1096 631 fideicommissi
1114 590 1169 630 non
1186 574 1342 644 pertinebit.
1371 572 1446 643 quod
1464 577 1559 628 autem
1578 573 1656 640 post

197 666 306 723 tabulas
330 670 440 737 apertas
463 671 527 721 ante
551 665 654 720 aditam
677 663 857 720 hereditatem
884 663 920 718 ab
943 679 990 734 eo,
1013 664 1061 732 qni
1084 663 1253 720 uoluntatem
1277 661 1401 718 defuncti
1418 673 1474 716 non
1491 658 1650 728 ignorauit,

197 753 281 811 inerit
297 759 434 824 exactum,
453 754 517 810 dolo
534 755 688 824 proximum
708 753 760 808 erit
777 752 894 822 ideoque
911 752 999 822 repeti
1015 755 1116 822 potest

139 845 179 905 25
250 843 370 900 Patruus
387 842 457 898 libro
476 841 584 898 decimo
602 842 802 911 quaestionum.
830 841 936 910 Legaui
947 841 1021 896 'litio
1039 840 1113 911 quod
1132 839 1198 895 mihi
1211 839 1327 894 debetur
1338 839 1383 894 uel
1395 837 1443 892 ad-
1461 831 1494 918 ΙΒ

196 933 270 988 lecta
287 936 363 988 certa
380 930 535 1001 quantitate
552 930 613 986 siue
631 930 723 1000 specie
740 930 785 985 uel
803 945 858 986 non
876 929 993 1000 adiecta,
1012 934 1061 984 aut
1078 943 1112 984 ex
1130 928 1266 983 contrario
1278 942 1366 998 aeque
1378 941 1440 982 curn
1452 923 1658 992 distinctione,

197 1021 284 1076 ueluti
302 1019 383 1076 'Titio
406 1018 480 1089 quod
504 1019 531 1073 ei
553 1016 649 1073 debeo*
668 1018 713 1074 nel
731 1019 770 1073 ita
786 1017 869 1074 'litio
888 1023 998 1074 centnm
1015 1032 1087 1087 ιιιι
1105 1017 1131 1072 ei
1149 1015 1259 1072 debeo’:
1283 1029 1401 1085 quaero,
1426 1012 1663 1083 superomnia.

197 1108 391 1178 requirendum
408 1111 499 1178 putes,
517 1123 553 1162 an
571 1104 693 1162 debitum
713 1107 758 1162 sit.
785 1111 814 1162 et
831 1107 937 1178 plenius
956 1121 1023 1176 rogo
1042 1121 1113 1176 quae
1131 1105 1167 1160 ad
1185 1104 1255 1159 haec
1266 1108 1393 1174 spectant
1404 1102 1541 1170 attingas:
1560 1100 1656 1156 cotti-

196 1197 280 1252 diana
304 1197 377 1253 enim
400 1199 486 1270 sunt..
507 1194 649 1265 respondi:
674 1195 698 1250 si
715 1195 753 1265 is,
777 1195 822 1250 cui
839 1196 929 1251 Titius
947 1193 1081 1264 debebat,
1105 1193 1228 1249 debitum
1247 1193 1273 1248 ei
1290 1192 1429 1247 remittere
1447 1189 1552 1259 uoluit,
1575 1187 1654 1244 nihil

197 1287 325 1355 interest,
350 1284 478 1340 heredem
504 1299 584 1339 suum
607 1283 688 1338 iussit
705 1287 737 1338 ut
755 1298 818 1339 enm
835 1283 965 1340 liberaret
982 1299 1018 1338 an
1035 1281 1180 1354 prohibeat
1197 1297 1260 1337 eum
1280 1281 1405 1352 exigere:
1428 1282 1547 1348 ιιιιιιι
1567 1277 1655 1332 enim

196 1371 280 1430 modo
303 1371 461 1428 liberandus
484 1375 528 1427 est
550 1369 659 1426 debitor
676 1377 705 1427 ιι
722 1375 838 1442 utroque
856 1387 922 1428 casu
940 1372 1074 1442 competit
1091 1372 1161 1428 ultro
1180 1370 1216 1426 ad
1233 1368 1403 1425 liberandum
1422 1366 1540 1422 debitori
1558 1365 1655 1422 actio.

196 1461 271 1533 quod
289 1461 313 1516 si
331 1462 414 1517 etiam
433 1465 541 1516 centurn
561 1475 705 1516 aureorum
724 1462 769 1516 uel
787 1459 865 1516 fundi
883 1459 969 1516 debiti
987 1461 1152 1516 mentionem
1171 1457 1245 1528 iecit,
1264 1459 1287 1514 si
1305 1456 1415 1526 quidem
1431 1455 1541 1510 debitor
1552 1453 1656 1510 ιἰἰιιο

196 1548 342 1621 probetur,
359 1549 518 1606 liberandus
537 1553 594 1604 est:
614 1548 688 1618 quod
706 1549 730 1603 si
748 1548 814 1604 nihil
832 1547 944 1619 debeat,
963 1549 1064 1618 poterit
1082 1548 1136 1603 dici
1153 1547 1233 1616 quasi
1250 1545 1321 1601 salsa
1338 1543 1574 1601 demonstratione
1593 1543 1654 1598 ad-

195 1639 269 1694 iecta
286 1639 369 1694 etiarn
387 1638 444 1709 peti
462 1635 538 1708 quod
555 1635 782 1706 comprehensum
800 1641 845 1692 eat
861 1651 952 1708 posse.
985 1637 1050 1692 sedl
1069 1637 1172 1707 poterit
1189 1635 1241 1690 hoc
1259 1634 1314 1689 dici
1331 1634 1356 1688 si
1374 1634 1414 1690 ita
1430 1632 1548 1702 legauit:
1569 1631 1652 1686 ‘cen-

196 1727 262 1782 'tum
280 1739 389 1796 ιιιιιι,
407 1741 477 1796 ιιιι
495 1723 561 1779 mibi
579 1724 670 1782 debet·
688 1725 732 1781 uel
751 1723 891 1794 ‘Stichum
910 1740 992 1794 quem
1005 1724 1097 1794 debet,
1116 1724 1195 1780 heres
1210 1738 1288 1778 meus
1306 1723 1422 1777 damnas
1439 1725 1500 1776 ceto
1518 1734 1576 1776 non
1593 1735 1653 1789 pe·

197 1814 278 1872 'tere‘.
305 1814 379 1886 quod
398 1815 422 1869 si
440 1813 481 1868 sio
499 1813 581 1868 dixit:
601 1811 687 1868 'heres
705 1828 784 1868 meus
802 1817 912 1868 eentum
931 1827 1038 1882 aureos,
1056 1827 1125 1882 quos
1143 1811 1209 1867 mihi
1227 1811 1318 1866 Titius
1335 1809 1427 1880 debet,
1445 1809 1563 1864 ιιιιιιι
1578 1813 1653 1864 esto

196 1902 230 1958 ‘el
248 1901 330 1973 darc',
348 1903 431 1958 etiarn
449 1901 516 1957 illud
534 1902 662 1970 temptari
680 1901 790 1971 poterit,
811 1905 843 1956 ιι
859 1905 954 1971 petere
971 1901 1060 1971 possit
1077 1901 1156 1971 quasi
1173 1898 1244 1956 talea
1261 1897 1495 1954 demonstratione
1514 1897 1654 1952 adiecta:

196 1991 271 2062 quod
288 1990 355 2048 mihi
372 2003 545 2062 nequaquam
563 1991 662 2060 placet,
684 2005 747 2045 cum
764 1989 848 2044 dandi
866 1987 981 2045 uerbum
1001 1989 1037 2044 ad
1055 1988 1178 2048 debitum
1197 1987 1297 2044 reterre
1314 2003 1345 2043 se
1363 1991 1480 2043 ιιιιιιιι·
1497 1987 1656 2042 existima-

197 2079 277 2136 uerit.
312 2083 409 2136 contra
426 2082 520 2134 autern
539 2079 563 2133 si
581 2077 689 2134 debitor
707 2077 834 2134 creditori
852 2079 940 2148 leget,
964 2079 1065 2134 nullam
1085 2079 1229 2133 utilitatem
1248 2077 1341 2146 uideo,
1365 2076 1388 2131 si
1406 2076 1465 2132 sine
1483 2076 1658 2146 quantitate
1758 2071 1782 2111 ²⁰

197 2169 280 2239 leget
307 2168 358 2224 sod
376 2173 405 2222 et
422 2167 446 2222 si
463 2166 492 2222 id
511 2167 688 2236 demonstret,
707 2166 781 2237 qnod
799 2166 900 2221 debere
918 2181 949 2222 se
967 2166 1120 2236 confitetur,
1139 2166 1214 2222 nulla
1230 2165 1335 2220 utilitas
1353 2169 1397 2220 est
1414 2164 1467 2218 nisi
1480 2165 1509 2218 in
1522 2162 1565 2218 his
1578 2177 1656 2234 spe-

197 2255 301 2326 ciebus,
319 2256 348 2311 in
367 2253 467 2326 quihus
485 2255 699 2311 emolumentum
718 2253 804 2310 debiti
822 2255 975 2324 ampliatur.
1002 2256 1096 2326 quod¹
1114 2255 1137 2310 si
1155 2259 1266 2310 centurn
1284 2267 1391 2322 aurcos,
1410 2267 1479 2323 quoa
1492 2251 1656 2308 redebere

197 2343 281 2415 dixit,
301 2344 414 2414 legauit,
432 2344 584 2413 mquidem
603 2342 694 2413 debet,
713 2343 808 2398 inutile
826 2349 870 2398 est
887 2343 1017 2412 legatum,
1036 2343 1110 2414 quod
1129 2344 1152 2397 si
1170 2358 1226 2398 non
1244 2341 1296 2398 fuit
1313 2340 1429 2412 debitor,
1448 2341 1554 2410 placuit
1574 2342 1657 2398 utile

196 2445 259 2489 esse
280 2434 417 2502 legatum:
440 2437 516 2487 certa
540 2433 612 2487 enim
635 2447 808 2488 nummorum
832 2433 971 2502 quantitas
989 2433 1085 2487 similis
1103 2436 1147 2486 est
1164 2430 1257 2487 Sticho
1275 2432 1367 2500 legato
1385 2446 1448 2486 cum
1466 2429 1653 2486 demonstra-

196 2522 270 2578 tione
288 2519 373 2576 felsa:
391 2520 474 2590 idque
493 2524 522 2576 et
540 2521 621 2576 diuus
639 2521 704 2576 Pius
722 2521 864 2591 rescripsit
881 2525 957 2576 certa
973 2521 1092 2590 pecunia
1109 2520 1182 2575 dotis
1200 2523 1332 2588 acceptae
1349 2519 1460 2574 nomine
1478 2519 1583 2588 legata.

138 2613 178 2673 26
249 2607 409 2666 Scauuona
427 2607 496 2664 libro
514 2612 612 2679 quarto
625 2624 826 2680 responsorum.
854 2609 943 2663 Tutor
954 2608 1091 2664 decedens
1103 2609 1163 2664 aliis
1175 2608 1321 2664 heredibus
1334 2607 1442 2677 scriptis
1461 2599 1655 2692 [Q
1720 2673 1746 2684 ⁴

198 2697 208 2769 ι
227 2697 331 2768 pupillo
348 2703 413 2767 buo,
432 2697 511 2752 ouius
528 2697 642 2753 tutelam
661 2698 756 2768 gessit,
775 2698 884 2753 tertiam
902 2702 1009 2766 partem
1027 2697 1160 2753 bonorum
1178 2697 1238 2753 dari
1256 2697 1352 2767 uoluit,
1371 2696 1395 2751 si
1412 2695 1563 2752 heredibus
1582 2697 1655 2752 suis

195 2785 300 2841 tutelae
317 2801 403 2840 cansa
421 2785 635 2841 controuersiam
653 2801 708 2842 non
726 2784 830 2856 iecerit,
849 2785 898 2840 sed
916 2800 950 2840 eo
964 2787 1073 2841 nomine
1086 2801 1182 2842 omnes
1193 2785 1364 2842 liberauerit:
1382 2785 1502 2856 pupillus
1514 2785 1653 2854 legatum

195 2874 326 2946 praetulit
344 2877 374 2930 et
389 2877 489 2943 postea
506 2871 589 2928 nihilo
607 2874 698 2929 minus
711 2875 782 2944 petit
793 2873 926 2944 quidquid
939 2887 973 2929 ex
986 2874 1164 2930 distractione
1177 2873 1265 2930 aliaue
1278 2889 1363 2930 causa
1374 2873 1410 2928 ad
1422 2877 1542 2928 tutorem
1556 2889 1651 2930 sunna
1757 2937 1760 2942 ¹

196 2978 231 3019 ex
245 2963 333 3019 tutela
344 2962 512 3032 peruenerit:
531 2977 641 3032 quaero,
661 2979 696 3018 an
708 2962 800 3018 uerbis
813 2963 971 3018 testamenti
983 2962 1018 3018 ab
1031 2963 1073 3018 his
1086 2963 1275 3019 exactionibus
1287 2961 1457 3032 excludatur.
1484 2963 1652 3032 respondit,

196 3053 220 3108 si
237 3051 323 3123 prius,
341 3065 424 3122 quam
442 3050 596 3106 condicioni
613 3055 730 3122 pareret,
748 3049 989 3106 fideicommissum
1007 3052 1175 3121 percepisset
1193 3057 1222 3106 et
1238 3053 1366 3120 pergeret
1378 3055 1471 3120 petere
1484 3049 1522 3119 id,
1540 3051 1652 3122 inquo

195 3145 293 3196 conus
309 3139 497 3196 condicionem
516 3138 627 3209 iaceret,
646 3138 702 3195 doli
720 3140 784 3194 mali
803 3139 993 3210 arreptionem
1011 3139 1196 3196 obstaturam:
1216 3140 1268 3196 nisi
1279 3145 1392 3210 paratus
1411 3144 1492 3209 esset,
1511 3139 1589 3208 quod
1604 3154 1653 3196 ex

195 3243 281 3284 causa
298 3225 502 3284 fideicommissi
521 3228 697 3298 percepisset,
716 3225 844 3283 reddere:
864 3227 938 3296 qnod
956 3228 981 3284 ei
1000 3229 1099 3283 aetatis
1117 3227 1251 3284 beneflcio
1269 3226 1466 3297 indulgendum
1485 3231 1537 3282 est

138 3319 178 3380 27
249 3317 463 3373 inmortuus
485 3315 555 3372 libro
577 3321 677 3372 ιιιιιι
695 3315 922 3386 disputationum.
958 3315 1121 3386 Uideamus,
1146 3317 1169 3372 si
1188 3317 1228 3387 ci,
1252 3333 1313 3372 cum
1333 3315 1441 3384 quode
1460 3307 1650 3398 [ιῇῖῖιῖιξ
1707 3299 1768 3370 Ji

195 3405 303 3475 peculio
321 3405 394 3460 actio
412 3405 472 3474 erit,
490 3404 616 3460 liberatio
634 3409 800 3459 testamento
819 3404 911 3473 legata
928 3405 973 3475 sit,
992 3421 1035 3475 an,
1055 3406 1078 3460 si
1097 3405 1150 3476 die,
1168 3419 1223 3474 ιιι
1238 3405 1331 3474 legata
1343 3404 1440 3459 cedere
1454 3390 1652 3475 suriant—Rha
1710 3392 1759 3433 ²⁵

194 3494 224 3548 in
240 3494 349 3563 peculio
367 3496 412 3563 sit,
430 3492 555 3563 legatarii
573 3494 634 3550 loco
651 3491 789 3548 habetur?
815 3493 910 3562 atquin
928 3493 1049 3548 nondum
1068 3493 1177 3549 debitor
1191 3492 1250 3562 fuit,
1269 3509 1320 3548 nec
1332 3492 1465 3564 procedit,
1482 3497 1516 3548 ιι
1533 3494 1651 3549 emolu-

195 3585 318 3636 mentum
340 3581 444 3651 aliquid
467 3596 502 3636 ex
524 3582 617 3651 legato
641 3581 677 3636 ad
700 3593 764 3636 eum
782 3581 926 3652 perueniat
949 3581 1001 3636 nisi
1024 3587 1136 3653 propter
1159 3597 1237 3652 spem
1260 3580 1345 3637 futuri
1362 3581 1471 3651 peculii.
1502 3579 1649 3652 numquid

196 3683 262 3739 ergo
280 3669 308 3724 in
326 3668 458 3739 pendenti
476 3669 520 3740 sit,
539 3685 574 3724 an
592 3669 742 3738 legatarius
759 3667 851 3739 fuerit,
869 3669 982 3740 perinde
1001 3676 1084 3741 atque
1102 3672 1125 3726 si
1144 3687 1199 3741 qua
1217 3670 1271 3726 alia
1288 3686 1373 3725 causa
1391 3685 1467 3739 spem
1485 3669 1574 3740 legati
1588 3670 1651 3726 du·
1751 3733 1776 3778 a

195 3755 270 3812 biam
287 3755 411 3812 taceret?

138 3841 178 3903 28
250 3842 409 3900 Somou
426 3841 496 3900 hbro
515 3849 594 3900 sexto
611 3845 719 3902 decimo
736 3845 916 3914 digestorum.
943 3847 1071 3901 Aurelius
1084 3846 1254 3918 Symphorus
1268 3845 1443 3902 fideiusaerat
1460 3839 1649 3931 W
1760 3815 1783 3871 Δ

194 3947 246 4003 pro
263 3937 354 3989 tutore
370 3931 491 4002 quodam
510 3937 540 3987 et
556 3933 711 3989 decedens¹
729 3933 834 3989 eisdem
852 3933 963 4004 pupillis
980 3935 1086 4004 legauit
1105 3935 1133 3990 in
1157 3935 1222 3990 haee
1240 3935 1340 3992 uerba:
1361 3935 1470 3996 'Arellio
1488 3921 1648 3992 heti-He}

195 4019 306 4078 ‘Ararim
325 4021 409 4076 Felici
426 4020 542 4090 singulis
567 4021 664 4091 quina,
688 4037 750 4076 cum
774 4023 836 4092 quis
860 4037 954 4078 eorum
977 4023 1196 4092 quattuordecim
1220 4039 1352 4079 annorum
1375 4022 1471 4078 fuerit:
1500 4024 1536 4080 ud
1561 4024 1646 4095 quod

195 4107 312 4179 ‘tempus
330 4108 464 4178 praestari
482 4109 522 4164 cis
541 4109 603 4163 uolo
622 4110 737 4179 singulis
755 4111 945 4166 alimentorum
964 4111 1073 4166 nominc
1091 4115 1246 4167 menstruos
1259 4111 1385 4167 denarios
1400 4127 1482 4168 senos
1495 4118 1524 4167 et
1536 4114 1648 4170 uestie-
1677 4131 1744 4156 κ
1772 4121 1778 4130 ’
1798 4165 1801 4172 .

195 4193 236 4250 ‘rii
259 4196 369 4251 nomine
392 4211 498 4252 annuos
521 4195 649 4252 denarios
672 4198 770 4268 uiginti
793 4198 922 4268 quinque.
956 4213 1011 4268 ιιι
1035 4199 1128 4269 legato
1150 4201 1272 4255 contenti
1295 4215 1356 4255 esse
1379 4199 1501 4269 debetis,
1526 4201 1647 4270 quando

194 4281 290 4339 ‘tutela
307 4287 401 4340 ιιιιιι
418 4299 474 4340 non
492 4285 605 4341 minimo
623 4285 724 4341 damno
741 4287 875 4342 rationem
895 4301 985 4342 meam
1004 4285 1148 4343 adflixerit.
1175 4287 1290 4344 anobis
1309 4285 1413 4358 ιιιιιι,
1437 4287 1555 4344 heredes
1574 4291 1646 4360 mei,

195 4369 281 4442 peto,
299 4385 334 4428 ne
352 4371 419 4443 quid
437 4373 596 4430 erratione
615 4375 718 4430 tutelae
736 4373 773 4430 ab
790 4373 833 4430 his
851 4375 962 4446 exigere
980 4377 1025 4432 uel
1043 4365 1149 4432 ab'hoc
1166 4377 1258 4447 legato
1276 4389 1371 4434 eorum
1390 4377 1508 4432 retinere
1527 4377 1642 4436 uelitis'.

184 4477 439 4548 «ιιιιιιιιι

1789 4250 1801 4289 ι
1807 4268 1808 4275 r

196 4629 205 4662 ¹
224 4646 250 4681 ι
262 4629 298 4682 14
314 4629 416 4698 poterit
433 4627 487 4683 diei
504 4628 584 4698 queri
601 4625 673 4684 talea
746 4651 772 4684 ι.
785 4631 818 4685 15
836 4643 919 4699 posse
937 4630 996 4700 sed]
1014 4631 1110 4688 inutile
1127 4632 1249 4702 regemn
1268 4637 1319 4702 ost,
1339 4637 1413 4688 certe
1430 4634 1507 4704 (ιιαι
1519 4637 1642 4706 tepreur

194 4705 303 4768 repedita
314 4717 345 4754 ce
356 4719 381 4753 a.
392 4699 427 4753 18
439 4701 587 4770 “putemur
595 4699 738 4771 pendiculi
781 4699 886 4770 'quedl
900 4703 1004 4826 aguero?
1048 4703 1060 4737 ⁸
1073 4704 1139 4758 idem
1150 4703 1246 4759 &cccl
1257 4701 1461 4772 (ιιιγιώιιιιι
1473 4701 1638 4777 ἒιιίηιιιιιι),

194 4775 361 4840 recursurum
376 4772 455 4824 tulta:
478 4767 608 4826 Aurelius
625 4769 796 4842 Symphorus
814 4775 889 4827 tutor
926 4777 988 4828 atus
1005 4771 1068 4828 tiliis
1086 4773 1146 4829 eiua
1164 4788 1214 4844 pro
1232 4787 1287 4843 ιιι
1305 4772 1480 4830 fideiusserat
1496 4775 1639 4834 decedens

193 4913 344 4985 egenum
362 4917 397 4970 ιι
452 4919 486 4974 ιι
504 4917 638 4976 *comm
656 4893 693 4976 r*
741 4919 777 4976 ec
794 4920 850 4976 ιιι
867 4923 894 4975 r
940 4921 1117 4992 quoumagre
1131 4924 1281 4980 ornem
1324 4924 1359 4980 ιι
1372 4923 1464 4979 mer
1501 4925 1637 4996 aequor]

194 4983 454 5058 ortut‘mrpw
492 4989 528 5045 39
540 4987 652 5064 faceret]
662 4991 773 5057 tulis,
784 4989 888 5048 iaceret
941 5007 1011 5063 quos
1028 4994 1065 5048 ΡΙ
