3638 5460
1450 134 1502 150 fin...

209 195 359 266 XXXVII
379 197 401 262 4
418 203 499 259 3-8
880 185 969 270 280
1161 212 1208 260 nn
1229 210 1401 260 nouorum
1422 156 1709 260 mmmmm*
1728 216 1813 240 *—

161 363 192 412 tt
209 352 366 411 huiusmodi
388 351 549 409 uenditione
571 351 689 422 seriptus
713 350 750 406 sit
772 348 866 421 heres,
889 349 964 406 idem
986 348 1039 406 erit
1055 347 1211 406 dloendum.
1248 348 1278 406 si
1295 348 1357 420 quis
1374 364 1410 406 ex
1427 345 1521 404 hheris
1538 362 1593 405 nen
1611 347 1646 404 sit

210 444 329 514 scriptus
346 441 435 512 heres,
453 440 503 496 sed
521 455 619 496 seruus
637 440 697 495 eius
715 439 834 509 seriptus
852 438 889 494 sit
906 450 1025 508 eumque
1042 438 1154 494 lusserlt
1171 437 1246 494 adire
1263 437 1453 507 hereditatem,
1472 436 1604 506 denegari
1620 436 1646 492 ei

161 540 191 588 te
209 530 293 588 debet
310 529 444 586 bonorum
462 528 602 599 possessio
620 532 716 584 eontm
733 525 851 582 tabulas.
880 525 1012 596 Idemque
1030 530 1074 581 est
1091 529 1120 581 et
1137 527 1161 582 si
1172 525 1293 595 legatum
1306 525 1430 582 relietum
1443 523 1496 580 sihi
1509 525 1555 582 uel
1567 539 1646 582 seruo

209 633 260 674 sno
278 619 405 688 elegerit:
423 633 487 672 nem
505 621 535 672 et
552 615 597 671 hin
614 615 731 672 diuinus
749 613 883 671 bonorum
900 614 1103 685 possessionem
1121 619 1218 670 eontra
1234 613 1343 670 tabulas
1361 613 1461 670 debere
1479 613 1621 682 denegari.
1663 623 1712 664 fl-
1803 641 1816 680 ι

171 705 192 764 4
262 707 381 763 Pennus
403 705 473 761 libro
497 703 708 776 quadragesimo
732 703 819 774 primo
841 703 877 759 ed
900 703 1029 760 edietum.
1066 701 1136 758 lllnd
1158 701 1309 759 notandum
1333 707 1392 772 est,
1415 701 1491 773 quod
1508 695 1648 788 [Q
1664 709 1703 761 ι’.
1781 753 1785 772 ,
1810 732 1815 747 ·

209 795 342 851 honorum
366 793 504 864 possessio
528 797 624 848 eontra
645 791 754 848 tehnlas
776 805 849 861 quse
871 789 964 847 liberis
986 789 1155 862 premittitur
1176 792 1266 848 lotum
1289 789 1386 860 hehet,
1409 791 1469 846 sine
1487 791 1551 860 quis
1568 789 1648 848 heres
1775 833 1781 852 .

209 883 345 939 exstiterit
367 883 427 937 siue
448 897 517 937 non:
542 881 640 938 etheo
657 885 702 936 est
719 879 793 950 qnod
811 878 928 934 dicimus
946 884 1042 936 eontra
1058 879 1149 949 ipsum
1166 882 1362 936 testamentum
1380 877 1473 934 liberis
1490 885 1648 948 eempetere
1769 913 1777 938 .
1803 919 1808 932 ,

176 979 189 1025 1
208 971 341 1028 honorum
359 969 576 1040 possessiouem:
595 970 669 1040 quod
687 971 715 1025 ln
733 972 850 1038 patrono
868 971 964 1022 eontra
981 973 1033 1022 est
1066 965 1096 1022 Si
1114 965 1177 1036 quis
1193 965 1279 1024 dliern
1297 982 1379 1037 quem
1396 967 1426 1024 in
1443 972 1583 1037 potestate
1600 967 1647 1022 ha

208 1059 269 1116 huit
285 1059 435 1115 instituerit
450 1057 579 1113 heredem
597 1059 643 1114 uel
660 1056 869 1114 exheredauerit
885 1059 915 1111 et
931 1071 967 1112 ex
985 1070 1018 1112 ee
1036 1059 1166 1126 nepotem
1185 1056 1314 1126 omiserit,
1332 1054 1466 1112 honorum
1478 1055 1647 1125 possessioni

208 1149 285 1204 loeus
308 1161 363 1202 non
387 1151 444 1217 est,
468 1147 534 1216 qula
556 1161 612 1202 non
635 1150 710 1201 esset
731 1157 819 1215 nepos
841 1159 909 1200 suus
931 1143 1012 1200 heres
1029 1142 1147 1200 tuturus.
1177 1144 1274 1200 eadem
1292 1148 1358 1200 sunt
1375 1143 1449 1198 etin
1466 1143 1646 1213 sequentihus

175 1245 191 1292 a
208 1234 348 1306 gradibus.
376 1234 421 1290 tn
438 1239 606 1290 testamenta
622 1231 784 1288 seminarum
802 1231 923 1287 edietum
941 1236 1038 1288 eontra
1053 1231 1164 1288 tabulas
1181 1231 1314 1288 honorum
1326 1231 1509 1302 pessemlonir
1520 1247 1577 1288 non
1594 1227 1645 1317 [ᾧ

176 1323 335 1394 spertinet,
354 1324 420 1392 quia
437 1338 503 1378 euos
521 1321 636 1378 heredes
655 1335 710 1378 non
727 1319 838 1376 habent
866 1317 975 1389 Siquis
994 1333 1057 1374 eum
1075 1319 1123 1390 qui
1134 1321 1163 1376 ln
1175 1324 1254 1376 utero
1266 1323 1310 1376 est
1321 1321 1544 1391 praetermiserit,
1563 1322 1644 1377 etiam

208 1409 330 1467 nendum
352 1415 416 1466 ueto
440 1425 474 1468 eo
497 1411 566 1466 elius
589 1409 636 1479 qui
659 1407 739 1464 heres
762 1407 905 1464 irretientur
923 1410 967 1461 eat
984 1405 1117 1464 honorum
1136 1409 1339 1479 possessionem
1358 1413 1454 1464 eontra
1471 1407 1581 1464 tabulas
1599 1409 1645 1464 ad·

208 1499 317 1554 mittere
335 1501 434 1569 potest,
453 1497 518 1568 quie
535 1497 659 1567 iniquum
678 1499 722 1552 est
738 1509 828 1566 neque
846 1494 925 1564 quusi
943 1493 1076 1565 seriptum
1086 1510 1170 1566 posse
1181 1501 1276 1568 petere
1288 1495 1421 1552 benonim
1433 1498 1644 1568 possessionem,

208 1585 340 1656 quamdiu
358 1590 455 1642 eontra
471 1583 581 1640 tabulas
598 1585 656 1655 peti
674 1587 774 1654 potest,
793 1597 845 1638 nee
863 1588 959 1639 eontra
975 1583 1094 1654 tabulas,
1113 1583 1244 1653 quamdiu
1261 1599 1316 1640 uon
1334 1585 1456 1640 naseitnr
1467 1586 1644 1655 praeteritus:

207 1677 291 1730 utet
313 1673 337 1728 sl
359 1679 423 1728 ante
447 1673 591 1744 morietur,
615 1671 748 1728 bonorum
771 1671 954 1742 possessionis
978 1669 1141 1727 benefitium
1163 1671 1200 1728 sd
1217 1671 1345 1728 heredem
1363 1673 1540 1728 transmittat
1572 1672 1644 1744 quod

208 1761 327 1818 maxime
351 1761 537 1816 neeessarinm
561 1765 605 1817 est
627 1761 656 1816 in
679 1757 735 1816 illio
755 1759 928 1831 omanupam
946 1759 1049 1830 eorlpte
1066 1759 1180 1831 herede,
1204 1761 1252 1830 qui
1269 1775 1321 1816 nee
1338 1759 1519 1816 hereditatem
1538 1761 1644 1816 interim

209 1849 285 1906 edire
302 1853 403 1920 potest.

172 1937 191 1997 t
261 1938 404 1994 Immune
420 1936 490 1993 lrhru
507 1937 640 1993 uieesimo
658 1939 756 2006 qnsrto
773 1934 952 2006 digestorum.
988 1933 1045 1991 Sed
1062 1935 1132 1992 etsi
1150 1935 1333 2006 deterserint,
1355 1939 1502 2006 antequam
1519 1939 1645 2006 peterent

208 2024 342 2082 benorum
360 2025 571 2096 possessionem,
590 2039 645 2080 non
663 2027 707 2079 est
723 2023 845 2094 iniquum
863 2029 1017 2095 praetorem
1035 2023 1183 2080 deeernere
1200 2023 1347 2080 heredibus
1360 2039 1454 2080 eorum
1466 2025 1575 2080 saluum
1588 2023 1644 2082 lore

208 2113 382 2170 eommodum
400 2111 534 2169 honorum
552 2111 734 2183 possessionis
752 2111 903 2167 seeundum
920 2111 1029 2168 tabulas
1047 2111 1092 2167 nel
1110 2115 1206 2168 eontra
1222 2110 1340 2168 tabulae.

172 2201 190 2261 6
261 2203 381 2258 Patruus
399 2201 468 2257 libro
486 2201 698 2272 qundrageslme
716 2199 804 2269 primo
823 2199 858 2254 ad
876 2199 1006 2256 edietum.
1034 2199 1064 2255 Si
1075 2200 1264 2270 emsneipetus
1275 2199 1347 2256 dlius
1359 2205 1487 2270 nepotem
1519 2195 1644 2270 W

208 2291 396 2362 proereauerit
414 2295 443 2345 et
459 2290 499 2345 ita
516 2289 674 2359 deeesserit,
693 2288 793 2344 deinde
811 2303 881 2344 euus
898 2289 966 2359 eius,
985 2303 1072 2360 nepos
1084 2289 1120 2344 ed
1132 2290 1178 2346 eui
1189 2288 1323 2345 bonorum
1336 2289 1540 2358 possessionem
1552 2291 1644 2345 uenire

176 2388 189 2434 1
208 2383 309 2450 potest
337 2377 417 2444 Quod
434 2377 459 2434 si
476 2382 505 2433 et
522 2375 609 2432 hlium
626 2382 656 2432 et
673 2380 801 2446 nepotem
819 2377 1042 2447 emaneipenerlt,
1060 2378 1173 2433 uiuente
1187 2377 1298 2450 quidem
1310 2375 1365 2432 filio
1377 2391 1464 2447 nepos
1476 2391 1532 2432 nen
1545 2379 1702 2448 ueniet‘

175 2475 191 2522 a
208 2471 403 2538 postmortem
423 2471 516 2522 autem
535 2465 595 2520 eius
614 2463 650 2519 td
668 2463 802 2519 honoram
819 2464 1022 2534 possessionem
1041 2465 1087 2520 eui
1104 2465 1205 2520 ueniet
1235 2464 1342 2534 Nepote
1359 2479 1469 2535 quoqne
1481 2466 1541 2522 solo
1553 2482 1645 2522 eman·
1718 2469 1742 2514 ¹⁶

209 2555 301 2626 elpato
319 2561 348 2612 et
365 2569 419 2610 auo
437 2557 554 2622 mortuo,
572 2551 672 2607 deinde
689 2556 768 2621 patre
786 2551 854 2622 elna,
872 2567 959 2623 nepos
976 2553 1141 2623 prseteritos
1159 2553 1277 2622 aeeipiet
1293 2553 1379 2624 petris
1390 2552 1525 2610 honorum
1537 2568 1646 2625 posser-

176 2643 322 2714 taionem,
341 2644 406 2714 quia
423 2657 491 2698 suus
508 2640 588 2696 heres
607 2645 682 2695 eeset
698 2637 807 2695 lntnrns
825 2641 905 2711 patri,
925 2641 1098 2712 sipoteetete
1111 2641 1156 2696 sul
1168 2655 1223 2696 nen
1235 2641 1347 2696 exieset.
1374 2641 1444 2698 lilio
1455 2643 1575 2699 emanti·
1594 2637 1645 2728 Q
1727 2665 1728 2668 ¹

208 2735 275 2804 pato
298 2731 322 2786 si
344 2743 431 2800 uepos
453 2731 578 2784 retentus
596 2728 633 2782 sit
649 2733 679 2784 et
696 2727 805 2797 utrique
822 2729 977 2800 praeteriti,
1001 2730 1110 2800 utrique
1128 2729 1264 2799 reeipient
1280 2729 1413 2786 honorum
1432 2732 1645 2800 possessionem

175 2818 238 2874 tsi
255 2817 328 2874 filius
345 2817 549 2886 emenoipatue¹
567 2817 596 2871 ln
615 2814 747 2885 adoptina
763 2813 868 2872 semilis
884 2821 1012 2886 nepotem
1031 2817 1186 2887 sustulerit,
1208 2831 1244 2872 ue
1267 2832 1354 2888 nepos
1377 2818 1487 2888 quidem
1506 2819 1543 2876 ed
1561 2819 1646 2878 hono·

208 2921 269 2964 rum
291 2904 494 2976 possessionem
519 2904 565 2959 sul
587 2903 719 2959 naturalis
741 2905 843 2960 ueniet
870 2904 920 2960 sed
938 2905 1007 2960 etsi
1025 2905 1216 2976 emancipatus
1237 2903 1310 2962 filins
1327 2907 1479 2976 preereatle
1496 2909 1646 2979 nepotibus
1685 2908 1713 2950 ⁸⁰

208 2994 237 3052 ln
254 2993 430 3063 adoptionem
448 3006 479 3048 se
497 2991 613 3062 dederit,
631 2995 663 3047 ut
679 3005 742 3047 eum
760 2989 809 3046 dlii
827 2997 986 3063 sequantur,
1004 2993 1077 3048 idem
1096 2993 1157 3049 erit.
1183 2994 1265 3064 plane
1284 2994 1308 3050 si
1325 2995 1358 3064 is,
1380 2996 1427 3065 qul
1444 2995 1520 3065 apud
1539 2997 1645 3068 edopti-

208 3097 274 3140 num
292 3097 376 3138 anum
393 3085 555 3150 proereatue
573 3087 629 3151 est,
652 3080 842 3150 emancipatus
860 3081 909 3150 sit,
932 3081 1027 3136 ueniet
1044 3080 1081 3138 ad
1098 3079 1231 3137 honorum
1251 3081 1262 3153 ΙΙ
1280 3077 1483 3153 possessionem
1501 3085 1549 3140 aui
1563 3077 1646 3144 netu·
1672 3072 1741 3134 Μ’

208 3171 282 3226 ralis.
300 3169 432 3240 'adoptio
449 3167 555 3224 tamdiu
572 3173 662 3238 notet,
683 3168 814 3239 quamdiu
832 3169 894 3239 quis
916 3169 944 3224 in
962 3166 1066 3224 familia
1082 3169 1172 3224 eliene
1190 3169 1234 3224 sit
1260 3175 1382 3226 eeterum
1400 3173 1593 3244 emancipatus
1610 3175 1646 3230 ad

208 3257 341 3315 bonorum
359 3258 562 3329 possessionem
580 3258 734 3327 parentium
752 3257 917 3313 naturalium
935 3257 1024 3327 uenit,
1043 3255 1094 3312 sed
1111 3258 1301 3326 emeneipatus
1318 3259 1391 3314 niuis
1408 3259 1462 3331 eis,
1486 3276 1544 3316 non
1561 3263 1646 3318 etiarn

207 3353 272 3418 post
289 3350 404 3401 mortem
422 3359 531 3400 eorum:
549 3343 602 3400 hoo
619 3345 692 3402 enlm
710 3345 802 3400 nerins
820 3351 864 3401 est
881 3348 946 3417 post
963 3348 1079 3402 monem
1097 3359 1191 3402 eornm
1209 3345 1410 3416 emeneipatum
1428 3363 1484 3404 non
1502 3349 1621 3406 admitti.
1671 3346 1706 3392 ⁵⁸

169 3430 191 3489 ,⁵1
262 3433 356 3491 eume
379 3427 449 3488 libio
474 3437 572 3501 quarte
595 3431 703 3488 deoimo
726 3432 762 3487 ad
789 3433 910 3490 edietum
933 3433 1109 3504 prouineiele.
1151 3433 1180 3489 Si
1203 3438 1326 3489 retentus
1353 3433 1436 3490 fuerit
1458 3437 1486 3492 in
1504 3433 1646 3528 Q
1670 3431 1701 3490 S
1760 3442 1768 3555 1

207 3525 346 3593 potestate
363 3533 449 3592 nepos
461 3519 518 3576 filio
530 3521 711 3592 enaneipato,
731 3520 884 3578 admittitur
896 3536 983 3593 nepos
994 3522 1060 3577 uiuo
1073 3537 1127 3578 auo
1139 3522 1175 3578 ed
1186 3523 1273 3593 patris
1284 3521 1418 3580 honorum
1430 3527 1645 3595 possessionem.

171 3605 190 3666 8
260 3608 412 3666 nummus
429 3607 498 3664 lrhro
515 3607 727 3678 quadragesimo
746 3607 782 3664 ed
799 3609 929 3666 edietum.
965 3611 1027 3666 Non
1043 3611 1154 3681 putauit
1175 3617 1287 3681 praetor
1303 3611 1516 3669 exheredatione
1533 3621 1646 3673 notatos
1670 3599 1707 3660 Β
1744 3569 1759 3702 J

208 3701 237 3754 et
253 3703 372 3754 remotes
397 3695 433 3752 sd
457 3701 553 3752 eentm
569 3695 679 3752 tabulas
702 3695 836 3753 bonorum
859 3699 1062 3770 possessionem
1086 3697 1284 3769 admittendos,
1308 3701 1389 3756 sienti
1411 3716 1463 3756 neo
1485 3703 1547 3759 iure
1571 3705 1646 3761 eiuili

207 3791 375 3842 testamentus
390 3785 544 3856 parentium
562 3783 689 3840 turbant:
708 3799 775 3841 sane
793 3786 818 3842 sl
835 3787 922 3842 uelint
939 3783 1083 3842 inofficiosi
1096 3782 1243 3857 querellam
1255 3788 1407 3860 instituere,
1425 3795 1469 3846 est
1479 3789 1508 3846 in
1520 3792 1645 3862 ipsorum
1673 3789 1701 3830 ⁴

176 3873 328 3930 1srhitrlo.
370 3873 471 3943 Aliqua
493 3876 572 3944 parte
594 3871 749 3928 tabularum
772 3873 937 3930 exheredem
960 3863 1042 3930 serihl
1066 3890 1121 3931 non
1145 3869 1259 3944 suffieit,
1287 3875 1337 3932 sed
1360 3891 1393 3932 eo
1417 3879 1520 3950 gradu,
1548 3886 1646 3938 eontra

208 3977 289 4034 quem
307 3962 410 4032 petitur
425 3961 559 4018 bonorum
578 3961 725 4032 possessio.
753 3961 827 4018 unde
845 3964 870 4019 sl
887 3978 904 4017 e
921 3963 1010 4034 prime
1027 3963 1115 4034 gradu
1133 3963 1315 4019 exheredatus
1332 3965 1370 4019 sit
1386 3963 1467 4038 filius,
1486 3981 1504 4021 s
1521 3969 1647 4026 necundo
1710 3981 1730 4109 J

185 4102 189 4107 .
207 4049 371 4122 prseteritos
389 4053 417 4104 et
434 4049 522 4119 primo
540 4049 630 4120 gredo
647 4049 741 4119 seriptl
758 4065 813 4108 uon
829 4051 959 4122 petierint
975 4049 1109 4108 honorum
1126 4053 1343 4123 possessionem,
1366 4056 1467 4124 poterit
1488 4063 1587 4113 eenha
1605 4063 1646 4114 te·

175 4147 190 4192 a
208 4137 287 4195 bulas
305 4138 430 4208 aeeipere
446 4135 810 4208 honorum-poesesaiouem.
840 4139 902 4196 Non
919 4141 1035 4210 quaeuis
1052 4139 1228 4198 exheredetio
1246 4146 1401 4197 summouet
1419 4139 1505 4198 filium
1517 4159 1536 4200 a
1547 4153 1647 4204 tonus
1708 4109 1720 4247 J

206 4234 451 4304 motatore)

209 4377 218 4410 ¹
235 4373 265 4428 in
283 4373 457 4444 adoptionem
476 4389 508 4430 se
524 4373 633 4430 dederit
648 4379 678 4430 et
695 4383 743 4431 tm.
813 4377 825 4412 ¹
843 4385 976 4449 inscriptio
995 4379 1089 4434 excidit
1105 4379 1141 4447 (e.
1153 4380 1182 4446 t.)

206 4503 225 4559 4
242 4503 383 4560 dieeamue
402 4505 438 4558 F²
483 4505 501 4560 9
538 4504 719 4562 osaesslon‘e'i
732 4507 768 4561 F*
813 4510 846 4564 11
861 4507 897 4564 ad
949 4509 1061 4580 adoptio
1084 4510 1157 4566 enlm
1170 4509 1329 4568 WDBOK:
1349 4515 1397 4568 sed
1418 4521 1504 4586 mepte
1526 4517 1645 4574 aedide-

207 4593 256 4629 om.
268 4576 305 4628 F¹
360 4577 394 4630 13
417 4575 493 4646 usto]
515 4521 581 4631 geio
604 4577 631 4630 F
678 4579 714 4634 el
737 4585 833 4644 omisere
856 4589 897 4634 irs·
949 4589 1000 4634 rim
1017 4589 1207 4654 inscriptionum
1219 4583 1350 4648 memore,
1367 4603 1423 4638 omn
1435 4591 1513 4640 ettam
1525 4605 1593 4660 mane
1605 4607 1644 4642 re-

206 4652 344 4770 eeriptiox
362 4647 428 4701 done
444 4649 522 4719 leyrm
539 4655 657 4718 prosim
667 4650 836 4750 prraeoedersti⁴
847 4651 898 4754 ad3
949 4658 1061 4735 queretur
1081 4660 1174 4756 pstero
1196 4669 1247 4706 nou
1264 4660 1331 4738 reete
1348 4661 1494 4760 continuent
1547 4657 1584 4712 35
1603 4663 1665 4734 est,

206 4717 504 4855 niuniu-rt
557 4717 884 4786 Μ
949 4723 1095 4847 erto
1116 4793 1121 4862 ,
1142 4723 1644 4863 tlte
1660 4737 1669 4768 ·1

206 4861 249 4911 set
276 4857 443 4914 existaetl'
488 4857 727 4944 {illatriqu'a'ed‘l
771 4859 896 4946 ddnstu-
949 4862 1105 4933 rum'parte
1116 4861 1271 4919 tabularum
1284 4862 1320 4917 1²⁸
1363 4864 1399 4920 te
1415 4866 1552 4938 eriptiFl
1567 4875 1655 4941 pote·-

205 4927 287 4983 rahu*
299 4928 338 4982 F²
389 4929 425 4984 33
448 4927 541 4985 bemet
558 4928 594 4981 F¹
647 4929 684 4984 33
706 4927 829 5002 adopto]
852 4933 896 4998 51,
949 4934 986 4990 rlt
1058 4933 1095 4990 tt
1111 4935 1313 5005 possessionem
1331 4947 1387 4991 non
1405 4937 1505 4992 oruF'
1640 4965 1646 4998 t
