4350 5438
291 259 337 306 nr
358 259 405 306 nn
426 257 562 306 mcoms
596 255 597 262 ¹
721 247 728 266 ³
910 209 913 216 Ι
961 231 1048 318 905
1517 236 1544 304 L
1567 239 1584 304 1
1607 244 1723 300 21-24

291 397 479 468 putationibus
497 411 560 454 cum
579 397 678 453 ceteris
696 397 818 453 miscuit:
841 401 870 452 et
887 401 1083 468 postmortem
1101 397 1188 468 patris
1205 397 1234 452 in
1252 397 1357 467 reliqua
1374 397 1540 466 collegarum
1557 395 1723 467 interpellari

291 487 392 557 coepit
423 487 575 556 quaeritur,
600 503 634 542 au
658 501 693 550 ex
717 502 750 541 ea
773 502 858 542 causa
879 487 967 542 teneri
990 488 1086 558 possit.
1119 487 1221 542 Paulus
1245 486 1387 556 respondit
1407 501 1483 555 eum,
1506 486 1554 556 qui
1572 487 1722 541 iniunctum

292 591 392 630 munus
415 591 433 630 s
455 574 661 644 magistratibus
682 575 820 645 suscipere
838 561 1006 646 Supersedit,
1030 591 1111 646 posse
1130 576 1269 631 conueniri
1287 591 1320 631 eo
1339 575 1448 631 nomine
1464 580 1576 645 propter
1593 575 1723 630 damnum

260 677 273 722 1
292 663 489 734 reipublicae,
508 666 634 735 quemuis
652 679 686 720 eo
703 671 840 735 tempore,
859 679 914 734 quo
931 671 1040 720 creatus
1059 671 1109 736 est,
1128 665 1156 720 in
1175 665 1264 720 aliena
1280 663 1363 720 fuerit
1380 667 1526 734 potestate.
1562 665 1664 720 Paulus
1681 679 1722 719 re·

292 753 404 824 spondit
426 768 484 823 eoa,
508 754 554 823 qni
577 769 627 823 pro
650 754 711 808 aliis
731 769 786 810 non
804 769 840 810 ex
857 758 1013 825 contractu,
1036 753 1085 810 sed
1103 770 1138 810 ex
1156 751 1246 809 officio
1264 753 1338 824 quod
1356 753 1607 809 administrauerint
1622 768 1722 809 conns·
1741 762 1755 805 t

259 853 274 900 s
292 844 416 913 aluntur,
434 843 463 897 in
481 842 610 898 damnum
629 843 711 898 sortis
729 843 858 899 substitui
877 845 974 914 solere,
992 857 1047 899 non
1065 844 1148 898 etiam
1167 844 1194 898 in
1212 859 1319 898 usuras.
1355 843 1432 898 Idem
1450 842 1591 912 respondit
1608 841 1723 898 heredes

291 934 377 1003 patris
400 937 512 1002 propter
534 947 649 987 munera
661 925 732 1002 lilii,
756 947 827 1002 quae
847 937 1045 1003 postmortem
1063 933 1149 1003 patrie
1167 933 1302 1002 suscepit,
1324 932 1383 988 iure
1402 933 1541 988 conueniri
1559 947 1614 987 non
1631 947 1722 1003 posse.

291 1021 344 1076 boc
361 1035 522 1091 responsum
541 1025 570 1075 et
587 1021 623 1076 ad
641 1035 705 1076 eum
716 1023 850 1092 pertinet,
868 1022 916 1092 qni
934 1037 951 1076 a
968 1025 1046 1092 patre
1064 1021 1175 1078 decurio
1193 1021 1283 1077 iactus
1300 1027 1365 1093 post
1382 1026 1496 1077 mortem
1510 1021 1598 1092 patris
1611 1035 1723 1076 munera

259 1112 422 1180 ssnscepit.
458 1110 534 1164 Idem
552 1109 694 1180 respondit
711 1126 786 1180 eum,
805 1112 852 1181 qui
870 1111 1044 1166 decurionem
1064 1110 1222 1181 adoptauit,
1240 1126 1324 1166 onera
1341 1111 1535 1166 decurionatus
1554 1111 1613 1165 eius
1631 1124 1723 1165 snsce-

259 1200 367 1270 spisse
385 1199 472 1254 uideri
491 1199 616 1268 exemplo
634 1199 729 1268 patris,
747 1200 825 1255 ouius
843 1200 986 1255 uoluntate
1003 1198 1075 1254 iilius
1093 1199 1205 1256 decurio
1223 1199 1313 1256 iaetus
1331 1206 1382 1256 est.
1412 1199 1489 1255 idem
1507 1214 1548 1254 re·
1567 1193 1724 1283 [Q
1743 1210 1772 1251 so

292 1287 404 1358 spondit
425 1293 568 1343 constante
592 1289 764 1344 matrimonio
786 1289 878 1344 dotem
902 1289 930 1344 in
951 1288 1030 1344 bonis
1048 1289 1138 1344 mariti
1156 1303 1230 1344 esse:
1255 1289 1305 1344 sed
1323 1292 1365 1344 et¹
1385 1289 1408 1344 si
1426 1289 1461 1344 ad
1479 1304 1593 1344 munera
1611 1289 1724 1344 munici-

259 1389 274 1436 o
292 1377 365 1448 palia
382 1393 400 1431 a
417 1381 491 1432 certo
504 1375 585 1432 modo
598 1369 768 1432 substantiae
781 1383 921 1447 nocentur,
940 1377 1032 1432 dotem
1047 1393 1100 1433 nou
1113 1377 1214 1434 debere
1226 1377 1387 1448 computari.
1415 1377 1491 1432 Idem
1504 1377 1653 1448 respoudit,
1672 1373 1723 1462 [(Ε)

292 1468 315 1522 si
327 1481 376 1536 per
388 1471 575 1521 accusatorem
589 1465 731 1524 criminum
743 1467 899 1536 capitalium
912 1481 967 1521 non
976 1467 1107 1536 stetisset,
1119 1481 1174 1536 qno
1184 1467 1273 1521 minus
1282 1467 1384 1522 crimen
1392 1467 1464 1522 intra
1472 1471 1605 1521 statutum
1614 1471 1724 1538 tempus

259 1567 274 1614 t
292 1559 517 1628 persequeretur,
539 1569 614 1609 reum
633 1568 688 1610 non
706 1554 835 1610 debuisse
853 1555 943 1610 medio
960 1558 1085 1626 tempore
1104 1555 1232 1611 bonorem
1252 1561 1391 1626 appetere.
1418 1554 1514 1626 'lmpe-
1532 1552 1721 1640 [dod.1o,41‚1

288 1645 405 1700 'ratores
428 1643 548 1699 Seuerus
571 1649 600 1698 et
623 1643 779 1699 Antoninus
803 1644 924 1713 Augusti
948 1643 1080 1714 Septimio
1099 1645 1210 1700 Zenoni.
1240 1646 1293 1702 Pro
1316 1642 1420 1700 infante
1442 1643 1513 1715 tilio,
1537 1661 1617 1716 quem
1641 1634 1724 1703 dffi
1742 1655 1772 1697 ιδ

292 1733 403 1790 ‘donem
421 1747 483 1788 esse
501 1733 620 1802 uoluisti,
638 1748 803 1802 quamquem
821 1731 904 1789 fidem
921 1737 998 1788 tuam
1017 1733 1045 1787 in
1062 1738 1198 1802 posteram
1213 1733 1398 1803 adstrinxeris,
1416 1738 1509 1790 tamen
1521 1735 1628 1790 interim
1641 1751 1725 1792 onera

292 1821 435 1877 'sustinere
456 1836 512 1877 non
536 1822 656 1896 cogeris,
680 1837 742 1876 cum
765 1822 865 1891 adea,
890 1837 961 1892 qnae
979 1821 1104 1876 mandari
1121 1827 1250 1892 possunt,
1273 1823 1442 1878 uoluntatem
1461 1823 1572 1879 dedisse
1589 1824 1724 1882 uidearis'.

260 1911 368 1970 'tidem
387 1910 554 1982 respondit¹,
573 1913 595 1965 si
614 1911 712 1966 ciuitas
731 1911 831 1965 nullam
851 1911 989 1981 propriam
1007 1911 1100 1980 legent
1115 1909 1200 1966 habet
1218 1911 1252 1966 de
1271 1911 1470 1967 adiectionibus
1483 1913 1531 1967 ad·
1549 1910 1723 1996 [deultum

291 1999 446 2069 mittendis,
471 2014 525 2054 non
548 2013 630 2069 posse
654 1999 745 2054 recedi
768 2015 786 2053 a
807 2000 943 2054 locatione
966 2000 1011 2054 uel
1033 1999 1191 2054 uenditioue
1211 1999 1384 2070 praediorum
1403 2000 1573 2071 publicorum
1591 2004 1645 2058 iam
1664 2019 1724 2074 per-

291 2088 380 2145 lecta:
398 2091 525 2158 tempora
542 2088 615 2143 enim
634 2087 833 2144 adiectionibus
851 2089 1015 2158 praestituis
1034 2087 1069 2146 ad
1087 2103 1185 2143 causas
1203 2086 1262 2143 fisci
1280 2089 1444 2159 pertinent⁸.
1744 2101 1772 2142 rc

233 2179 274 2238 22
345 2179 422 2233 insu
439 2177 509 2233 libro
527 2178 615 2247 primo
633 2178 839 2233 sententiarum.
875 2177 937 2232 Filii
955 2177 1122 2246 libertorum,
1140 2176 1370 2248 libertatemque⁴
1387 2178 1485 2248 liberti,
1505 2180 1613 2248 paterni
1631 2184 1661 2236 et
1677 2197 1725 2252 pe·
1743 2173 1771 2228 P

260 2281 272 2326 1
292 2269 363 2324 moni
381 2267 588 2323 manumissoris
606 2266 771 2322 domicilium
791 2271 840 2322 aut
857 2267 989 2336 originem
1008 2270 1169 2336 sequuntur.
1198 2266 1289 2322 Uidns
1307 2267 1403 2322 mulier
1420 2268 1514 2323 amissi
1532 2269 1622 2324 mariti
1640 2269 1725 2325 domi·

292 2359 383 2414 cilium
402 2357 503 2412 retinet
520 2357 646 2426 exemplo
664 2356 830 2412 clarissimae
848 2371 982 2426 personae
1000 2371 1050 2426 per
1067 2355 1193 2410 maritum
1212 2354 1316 2410 iactae:
1335 2357 1385 2412 sed
1403 2363 1550 2427 utrumque
1567 2357 1627 2413 aliis
1643 2359 1725 2414 inter·

259 2458 275 2503 a
292 2445 467 2502 uenientibus
485 2446 587 2516 nuptiis
605 2449 784 2516 permutetur.
821 2445 972 2515 Municipes
990 2449 1055 2500 sunt
1071 2443 1162 2499 liberti
1180 2449 1208 2499 et
1225 2445 1253 2499 in
1272 2461 1305 2500 eo
1323 2447 1397 2514 loco,
1420 2445 1467 2501 nbi
1488 2447 1541 2517 ipsi
1559 2447 1725 2504 domicilium

292 2551 344 2591 sna
362 2536 504 2590 uoluntate
522 2536 669 2604 tulerunm,
687 2549 738 2589 neo
756 2534 866 2604 aliquod
884 2549 919 2589 ex
938 2533 990 2590 boc
1007 2535 1105 2604 oriffl'ni
1118 2533 1226 2603 patrem
1239 2533 1344 2590 iaciunt
1356 2535 1551 2606 praeiudicium
1564 2538 1611 2592 et⁸
1622 2536 1726 2592 utrubi·
1744 2545 1774 2588 tt

259 2635 274 2682 e
292 2641 347 2696 que
364 2623 520 2680 muneribus
538 2624 753 2692 adstringuntur.
783 2624 933 2693 Relegatns
950 2624 978 2678 in
996 2637 1030 2678 eo
1048 2624 1117 2693 loco,
1134 2624 1163 2678 in
1182 2639 1263 2693 quem
1282 2624 1420 2694 relegatus
1437 2629 1488 2695 est,
1505 2626 1613 2682 iuterim
1632 2641 1726 2682 neces·

258 2715 394 2772 Asamum
414 2713 579 2768 domicilium
598 2711 707 2767 habeti.
744 2711 860 2767 Senator
878 2713 973 2768 ordine
992 2719 1083 2768 motus
1101 2713 1137 2767 ad
1154 2713 1313 2782 originalem
1333 2714 1463 2784 patriam,
1482 2715 1534 2770 nisi
1551 2714 1603 2770 hoc
1621 2715 1725 2785 specia-

259 2813 274 2860 t
292 2805 355 2860 liter
371 2804 572 2874 impetrauerit,
596 2817 650 2857 uon
668 2802 831 2856 restituitur.
868 2801 1014 2857 Senatores
1032 2807 1062 2856 et
1078 2816 1171 2857 eorum
1190 2800 1238 2857 filii
1256 2800 1382 2874 filiaeque
1400 2818 1510 2874 quoquo
1527 2809 1650 2876 tempore
1668 2804 1726 2861 nati

292 2899 420 2962 namene,
440 2893 560 2962 itemque
579 2894 703 2962 nepotes,
721 2896 886 2962 pronepotes
905 2897 933 2946 et
951 2895 1116 2962 proneptee⁸
1134 2905 1169 2946 ex
1186 2889 1242 2946 lilio
1260 2893 1358 2961 origini
1376 2894 1539 2964 eximuntur,
1557 2895 1623 2950 licet
1639 2893 1725 2950 muni·

259 2984 409 3053 tcipalem
436 2983 573 3036 retineant
599 2981 788 3049 dignitatemi.
825 2979 986 3050 Senatores,
1014 2981 1061 3050 qui
1086 2979 1202 3035 liberum
1230 2985 1427 3052 commeatum,
1455 2982 1483 3038 id
1507 2988 1552 3038 est
1572 2982 1619 3038 nbi
1641 2983 1727 3038 uelint
1745 2991 1774 3033 ⁸⁰

260 3081 274 3127 7
293 3071 418 3128 morandi
436 3069 577 3126 arbitrium
596 3070 820 3139 impetrauerunt,
840 3067 1005 3124 domicilium
1024 3069 1052 3124 in
1068 3069 1135 3123 urbe
1147 3069 1274 3125 retinent.
1301 3070 1353 3136 Qui
1365 3069 1463 3128 faenus
1475 3086 1551 3127 exer·
1570 3069 1727 3156 [W

293 3167 365 3229 cent,
384 3159 511 3215 omnibus
529 3159 685 3229 patrimonii
703 3156 925 3213 intributionibus
943 3157 1021 3227 iungi
1039 3157 1149 3228 debent,
1168 3159 1220 3213 etsi
1237 3160 1440 3228 possessionem
1458 3176 1512 3216 non
1530 3149 1724 3217 habeant-'-

234 3249 274 3308 23
346 3249 606 3304 Hnuuoeunmuns
627 3245 697 3302 libro
719 3247 808 3317 primo
830 3247 898 3301 iuris
920 3247 1110 3317 epitomamm.
1150 3247 1292 3317 lllnniceps
1316 3263 1377 3304 esse
1400 3248 1500 3304 desiuit
1523 3265 1565 3305 se
1589 3245 1727 3334 [ῐῡῇῐ
1745 3253 1787 3326 Ps

293 3339 427 3394 natoriam
450 3337 566 3408 adeptus
589 3337 765 3406 dignitatem,
788 3339 920 3406 qnantum
945 3335 981 3391 ad
1005 3349 1132 3390 munera:
1153 3343 1286 3406 quantum
1304 3352 1371 3393 uero
1389 3338 1424 3393 ad
1442 3337 1587 3410 honorem,
1604 3328 1727 3396 Μ

293 3427 414 3483 creditur
436 3427 577 3496 originem.
610 3425 728 3494 denique
752 3425 912 3480 manumissi
936 3423 971 3480 ab
995 3440 1029 3480 eo
1053 3425 1113 3480 eins
1134 3425 1274 3496 municipii
1291 3424 1447 3482 efficiuntur
1465 3429 1631 3499 municipes,
1653 3431 1726 3486 unde
1745 3437 1774 3480 te

260 3531 273 3575 1
292 3517 426 3588 originem
444 3515 537 3570 trahit.
569 3515 647 3570 lliles
670 3513 708 3570 ibi
733 3513 899 3570 domicilium
917 3512 1019 3569 habere
1037 3513 1161 3585 uidetur,
1185 3513 1233 3578 ubi
1256 3520 1358 3586 meret,
1381 3517 1405 3572 si
1428 3516 1493 3572 nibil
1511 3518 1539 3572 in
1556 3519 1646 3588 patria
1663 3534 1726 3590 poe·

291 3606 390 3664 uideat.

234 3697 275 3757 24
346 3695 505 3752 Scaeuons
524 3691 592 3750 libro
610 3691 733 3748 secundo
750 3691 929 3761 digestorum.
957 3691 1205 3749 constitutionibus
1222 3693 1375 3766 principum
1390 3695 1552 3766 continetur,
1571 3691 1727 3779 [Hq‘n-se‘
1745 3699 1772 3755 A

294 3791 326 3842 ut
342 3783 484 3856 pecuniae,
503 3797 573 3853 quae
591 3797 626 3838 ex
645 3783 810 3838 detrimento
828 3781 952 3852 soluitur,
970 3797 1070 3838 usurae
1089 3797 1143 3838 non
1160 3787 1350 3854 praestentur:
1370 3785 1456 3840 etita
1474 3773 1727 3855 imperem

293 3873 404 3931 toninus
419 3879 447 3928 et
459 3873 547 3929 Uerus
559 3872 680 3942 Augusti
697 3872 896 3941 rescripserunt
912 3871 956 3926 his
973 3871 1079 3928 uerbis:
1098 3872 1261 3929 'Humanum
1279 3879 1323 3928 est
1339 3874 1504 3944 reliquorum
1522 3889 1620 3930 usuras
1638 3890 1727 3946 neque
1745 3883 1774 3924 ⁴0
1835 3947 1836 3950 Ἴ

293 3963 337 4021 'ab
355 3964 430 4034 ipso,
449 3963 496 4032 qni
513 3977 548 4018 ex
566 3961 802 4017 administratione
819 3959 929 4016 honoris
947 3961 1097 4031 reliquatus
1115 3968 1171 4033 est,
1190 3977 1278 4032 neque
1296 3978 1314 4018 a
1330 3959 1491 4019 fideiussore
1509 3963 1577 4034 eius,
1595 3969 1625 4020 et
1641 3965 1727 4021 multo

292 4069 486 4144 rrxruoe)

293 4302 323 4360 Si
341 4304 401 4358 sine
419 4302 474 4356 nlla
492 4300 652 4357 condicione
669 4299 783 4369 praedia
799 4299 937 4355 uendente
960 4314 990 4356 re
1013 4299 1123 4370 publica
1140 4300 1319 4370 comparasti,
1337 4299 1460 4370 perlecta
1478 4300 1635 4356 uenditioue
1653 4301 1728 4358 nulle

293 4376 399 4430 ratione
424 4374 541 4442 ueteris,
571 4387 606 4428 ne
636 4371 789 4427 adiectione
818 4369 892 4426 tactu
919 4369 1020 4426 auferri
1046 4371 1096 4426 tibi
1122 4371 1271 4426 dominium
1299 4373 1395 4442 possit.
1427 4379 1552 4442 tempora
1578 4373 1650 4428 enim
1678 4373 1726 4428 ad·

293 4444 457 4502 iectionibns
475 4445 640 4516 praestituta
657 4443 693 4498 ad
711 4458 810 4498 causas
828 4441 887 4498 fisci
904 4445 1051 4514 pertinent,
1069 4443 1121 4498 nisi
1140 4444 1163 4498 si
1181 4458 1237 4512 qua
1254 4443 1352 4498 ciuitas
1364 4445 1500 4515 propriam
1518 4445 1607 4513 legem
1626 4443 1727 4500 babeat

296 4518 359 4574 Occi.
374 4518 436 4572 luet.
499 4515 736 4585 ‘libertorumque
749 4515 875 4586 (Seutpuy
887 4533 928 4588 op.
940 4524 1000 4569 mia.
1013 4515 1038 4579 3,
1049 4515 1134 4580 Mol?
1197 4516 1395 4570 ‘contulerunt
1406 4519 1450 4588 (ff.
1463 4516 1501 4570 D.
1512 4516 1556 4580 50,
1569 4517 1611 4582 16,
1623 4517 1683 4581 239,
1695 4517 1725 4571 2:

294 4609 344 4644 aaa
362 4590 393 4643 ds
411 4587 533 4650 Walerl‘?
603 4587 683 4642 ⁶sed
697 4585 857 4657 (Krueper)?
928 4587 1046 4659 ⁷cups'ie
1062 4593 1101 4641 alc
1118 4585 1227 4640 ordina:
1244 4587 1269 4640 3.
1281 4588 1307 4640 5.
1318 4587 1375 4642 4.6
1445 4587 1594 4658 eitemqne
1611 4593 1726 4658 nepotes

294 4665 324 4716 et
341 4664 439 4730 neptes
458 4661 516 4726 (del.
533 4663 699 4730 pronepotes
717 4665 742 4712 et
757 4657 838 4727 proi?

294 4819 387 4888 deos]
408 4833 470 4874 eum
489 4819 515 4871 F
567 4819 601 4872 10
618 4819 651 4872 ot
669 4816 741 4873 idem
759 4821 838 4904 legem
856 4817 990 4889 taetpitF
1037 4817 1072 4873 29
1090 4821 1225 4872 *nutaene
1244 4818 1281 4872 Ρ
1342 4819 1378 4874 34
1395 4820 1527 4890 quantum
1546 4819 1591 4890 ad]
1610 4819 1655 4884 1⁴⁴¹,
1673 4819 1726 4876 hoc

295 4893 330 4948 16
347 4890 498 4961 posterum]
519 4889 582 4946 Ood.
595 4890 670 4954 laet,
687 4894 790 4960 postem
811 4891 855 4958 Fi
875 4889 983 4944 interim
1037 4894 1130 4944 autem
1155 4893 1287 4958 quantum
1312 4890 1347 4946 ad
1366 4891 1404 4944 F’
1446 4901 1448 4904 ·
1473 4891 1509 4946 36
1527 4890 1673 4947 u‘b’idetur
1689 4891 1726 4946 F*

295 4981 344 5018 oen.
358 4963 421 5018 Ood.
434 4962 498 5018 lost.
558 4962 590 5016 l‘l
609 4959 740 5016 mandare
758 4963 794 5016 Ρ
854 4962 889 5016 20
906 4975 984 5030 prae·
1037 4961 1072 5017 39
1089 4965 1281 5034 praestentur
1300 4963 1337 5018 Ρ
1389 4962 1590 5022 tenemium

294 5034 411 5092 stituta
422 5035 460 5088 Fi
503 5034 539 5089 26
549 5031 700 5106 puneribus
713 5035 738 5087 F
779 5033 814 5089 28
826 5046 935 5103 quoque
949 5033 983 5086 β
