3608 5460
80 285 370 336 osurosrrosrnus
628 243 630 248 ¹
681 235 683 238 Ι
752 264 840 346 659
1016 213 1024 220 -
1187 271 1336 340 XXXXV
1359 273 1375 338 1
1397 279 1515 336 44-44

50 427 241 497 lsb'puletur:
259 427 288 482 id
306 427 378 482 euim
396 425 424 482 in
443 424 637 498 obligationem
656 425 780 496 dednnit,
802 427 876 498 quod
894 426 1064 500 nonhabet,
1082 429 1132 486 sed
1149 428 1251 486 bebere
1268 433 1368 502 potest.
1404 427 1433 485 Si
1451 444 1470 484 4
1485 431 1514 485 te
1530 427 1531 436 ’

81 515 229 586 stipulatus
247 513 324 572 44444
342 515 457 572 fundum
476 514 711 587 Sempronianum,
730 516 829 572 deinde
847 516 964 574 eundem
982 515 1098 574 fundum
1110 518 1233 575 44444444
1245 534 1298 574 444
1310 517 1401 574 4444444
1413 515 1448 573 ab
1461 517 1514 574 elio

80 604 205 675 stipulor,
223 606 297 676 prior
314 606 453 676 stipulatio
471 620 526 662 non
544 605 698 674 monebitur,
716 606 782 676 quia
800 621 851 662 444
869 606 1001 663 soluendo
1019 594 1133 664 4444444
1147 607 1270 663 44444444
1282 622 1335 662 usu
1347 605 1438 662 444444
1448 604 1514 662 libe·

79 692 210 764 raberisl,
229 694 279 750 sed
297 693 387 750 444444
405 710 422 749 4
440 699 468 750 te
486 699 561 750 reete
579 692 661 750 tundi·
674 711 754 751 usum
772 693 892 751 frustum
904 701 1035 766 peterem.
1063 696 1129 766 quid
1140 711 1207 767 orgo
1219 695 1281 752 esti
1302 711 1364 752 oum
1377 692 1514 772 44444444-

80 781 147 838 444
165 783 288 854 dederis,
312 784 336 838 is
353 797 462 854 quoque
480 781 651 854 liberabitur,
675 799 765 855 aquo
783 784 907 841 44444444
925 801 979 842 444
995 784 1086 842 444444
1103 783 1219 842 fundum
1236 785 1383 856 stipulatus
1400 782 1513 840 444444.
1534 795 1547 838 4

47 877 62 923 4
81 869 112 926 Si
133 871 285 943 bominem,
310 887 391 943 quem
410 889 428 928 a
445 873 519 928 'litio
536 887 604 942 pure
623 874 770 944 stipulatus
787 872 905 945 ineram,
930 873 1009 931 Seius
1028 874 1094 930 mibi
1111 874 1164 932 sub
1182 874 1342 932 oondioione
1359 873 1515 945 promiserit

80 966 111 1015 44
127 961 151 1016 44
168 961 307 1032 pendente
324 961 485 1018 4444444444
502 967 566 1030 post
583 976 687 1018 morem
705 963 773 1019 litii
791 963 948 1036 dsoesssrit,
967 963 1110 1021 4444444444
1128 963 1214 1034 euml
1228 964 1302 1020 Titio
1313 977 1397 1033 egere
1408 967 1514 1034 potero,
1531 961 1612 1016 ttee’

80 1065 132 1106 neo
150 1048 230 1106 Seius
253 1052 389 1106 existente
407 1049 567 1107 ooudioione
585 1050 751 1122 obligetur¹:
775 1057 805 1107 et
822 1053 846 1108 si
863 1053 937 1109 Titio
956 1058 1099 1126 eeoeptum
1118 1051 1259 1122 44444444,
1282 1050 1362 1108 Seius
1379 1052 1514 1110 existumo

80 1137 240 1195 4444444444
259 1139 374 1210 obligari
391 1143 492 1211 potest.
524 1139 626 1196 ideireo
644 1140 713 1197 baso
730 1145 787 1196 tem
805 1142 896 1212 ueris,
919 1142 992 1212 quod
1010 1142 1119 1200 homine
1137 1147 1245 1200 mortno
1262 1141 1364 1198 desinit
1381 1155 1443 1198 esse
1460 1155 1513 1210 444,

79 1227 109 1284 44
126 1243 209 1298 4444
227 1227 308 1284 Seius
320 1228 500 1298 obligaretur:
519 1230 727 1300 eooeptiletioue
739 1231 900 1300 mterposrte
910 1237 1040 1302 superest
1050 1232 1140 1304 bomo
1158 1247 1240 1302 quem
1252 1229 1332 1288 Seius
1344 1230 1513 1301 promiserat.
1534 1239 1562 1280 44

18 1312 61 1372 57
133 1318 211 1372 insu
237 1317 307 1374 libro
329 1318 575 1388 quinquagensimo
598 1320 678 1376 tertio
708 1320 886 1390 digestorum.
932 1319 961 1376 Si
985 1321 1046 1392 quis
1071 1321 1102 1377 'si
1124 1322 1214 1378 Titius
1239 1319 1388 1378 4444444
1370 1331 1443 1388 4.,44
1452 1333 1474 1388 4,
1482 1323 1568 1380 448

79 1403 179 1463 festus
196 1407 257 1476 erit,
275 1406 370 1463 44444
389 1406 456 1462 dari·
474 1407 660 1480 spoponderit,
677 1409 803 1481 quamuis
821 1408 958 1480 pendente
976 1410 1137 1468 eondioious
1153 1410 1302 1481 promissor
1314 1409 1453 1480 44444444,
1471 1423 1512 1464 re-

79 1496 185 1566 linquet
202 1495 330 1552 heredem
349 1495 509 1568 obligatum
865 1531 869 1540 ·

17 1579 61 1638 58
133 1585 211 1640 lnnrr
232 1583 302 1640 libro
324 1585 570 1656 quinquagensimo
595 1591 692 1656 quarto
716 1585 893 1658 digestorum.
931 1587 984 1654 Qui
1007 1603 1087 1644 usum
1111 1587 1230 1644 iruetum
1252 1585 1331 1644 fundi
1354 1579 1511 1670 [lese]
1543 1588 1565 1644 S
1618 1643 1622 1658 ,

79 1673 239 1745 stipuletur,
259 1673 359 1730 deiude
376 1672 504 1744 444444,
522 1675 618 1730 similis
636 1679 680 1730 est
697 1669 736 1746 ei,
754 1676 802 1746 qui
819 1679 926 1746 partem
943 1675 1021 1732 fundi
1037 1677 1196 1747 populetur,
1215 1676 1314 1734 deiude
1331 1680 1428 1746 44444,
1446 1675 1511 1744 quis
1531 1685 1559 1726 44

78 1761 181 1818 fundus
198 1763 258 1818 4444
276 1777 331 1818 444
348 1763 527 1833 intellegitur,
546 1763 570 1818 44
588 1779 655 1820 4444
673 1763 779 1820 fruetus
797 1763 964 1821 detrahetur.
995 1769 1058 1822 ete
1075 1766 1211 1822 sonnatio
1229 1766 1276 1837 qui
1293 1765 1407 1823 fundum
1425 1765 1510 1836 stipu-

78 1851 152 1906 latus
169 1855 221 1921 444,
239 1850 339 1908 deinde
355 1867 436 1908 usum
454 1849 582 1922 frustum,
600 1853 696 1909 similis
713 1858 757 1908 est
773 1854 808 1924 ei,
825 1854 873 1924 qui
890 1857 979 1910 totum
997 1855 1152 1925 stipuletur,
1170 1854 1270 1910 444444
1283 1855 1416 1926 4444444.
1442 1853 1512 1910 ssd⁴
1542 1915 1544 1922 ¹

78 1939 128 2010 qui
145 1946 237 1996 aetum
255 1941 410 2012 stipuletur,
429 1940 529 1996 deinde
546 1941 607 2012 iter,
625 1942 776 2012 posteriore
788 1943 964 2012 stipulatione
976 1942 1041 2000 nibil
1052 1943 1119 2014 egit,
1137 1943 1220 2000 siouti
1231 1943 1277 2014 qui
1289 1943 1393 2013 44444,
1412 1941 1511 2000 delude

77 2028 200 2098 quinque
221 2030 380 2100 stipulatur,
404 2030 470 2086 nibil
488 2031 555 2101 egit.
586 2031 650 2086 item
669 2031 772 2102 siquis
790 2029 922 2101 frustum,
947 2031 1046 2088 deiude
1064 2047 1144 2087 usum
1163 2032 1309 2102 stipuletur
1326 2031 1421 2104 444444,
1445 2031 1511 2088 nibil

78 2118 147 2188 ugit
179 2119 232 2174 4444
252 2120 281 2174 44
304 2118 432 2175 omnibus
449 2118 570 2175 mouendi
587 2120 678 2176 animo
695 2119 748 2175 boo
765 2117 856 2176 faeere
874 2120 1028 2192 speoieliter
1045 2122 1224 2192 expresserit:
1247 2127 1314 2178 tuno
1331 2123 1403 2178 enim
1420 2121 1511 2192 priore
1530 2130 1559 2172 44

77 2206 246 2277 obligatione
264 2208 422 2278 exspirante
439 2223 475 2264 ex
492 2207 614 2265 seeuuda
630 2207 813 2264 introdusitor
830 2210 927 2280 petitio
945 2214 1047 2266 ettam
1065 2211 1118 2266 iter
1129 2224 1212 2280 quem
1224 2225 1291 2268 usus
1303 2225 1355 2267 nee
1365 2225 1420 2268 uon
1432 2211 1511 2280 quin-

78 2311 134 2366 que
152 2297 225 2367 exigi
242 2300 368 2367 possunt.

17 2384 58 2444 59
132 2385 210 2440 Innrr
226 2385 296 2442 libro
314 2386 502 2457 octogensimo
520 2389 620 2442 ooteuo
637 2385 816 2458 digestorum.
850 2386 983 2453 Quotiens
1001 2387 1029 2442 iu
1047 2384 1123 2444 diem
1138 2387 1183 2443 uel
1200 2386 1253 2444 snb
1271 2401 1335 2444 444-
1353 2381 1511 2473 Q
1542 2391 1565 2447 8

77 2473 187 2530 44444444
209 2475 300 2530 oleum
322 2475 384 2545 quis
407 2475 564 2546 stipuletur,
587 2475 647 2532 eius
670 2476 888 2531 aestimationem
906 2491 941 2532 eo
957 2481 1080 2548 tempore
1097 2477 1216 2546 spectari
1233 2481 1353 2548 oportet,
1376 2491 1431 2546 quo
1449 2477 1510 2534 diss

77 2561 253 2633 obligationis
271 2564 361 2619 uenit:
379 2569 446 2619 tuno
464 2564 535 2620 enim
555 2563 590 2620 ab
608 2578 642 2621 eo
659 2564 717 2635 peti
733 2569 839 2635 potest:
857 2565 978 2636 alioquin
995 2565 1079 2620 elies‘
1097 2566 1137 2621 rei
1154 2566 1245 2636 reptio
1264 2566 1323 2622 erit.
1528 2575 1557 2618 44

18 2649 60 2709 60
133 2651 283 2708 umerus
300 2652 369 2708 libro
387 2653 537 2709 uioensimo
555 2652 590 2708 ed
609 2653 737 2709 edietum.
766 2653 841 2710 ldem
860 2655 912 2709 erit
929 2658 958 2709 et
975 2653 1000 2709 si
1016 2653 1127 2724 crpuae
1145 2657 1267 2710 eertumt
1279 2655 1331 2712 olsl
1348 2649 1508 2739 QZ&
1527 2657 1570 2713 ‘E

77 2739 171 2813 pondo
188 2741 248 2796 deri
266 2742 328 2812 quis
340 2741 487 2811 stipuletur
498 2743 547 2798 sit:
566 2758 629 2798 nam
642 2742 701 2798 sius
712 2741 845 2813 temporis
856 2740 888 2799 fit
900 2742 1062 2814 4444444444,
1080 2758 1142 2800 oum
1154 2744 1212 2814 psu'
1223 2748 1327 2815 potest:
1344 2746 1402 2816 petl
1413 2729 1506 2802 unffi

77 2835 179 2901 potest,
197 2832 269 2900 quol
288 2832 405 2902 primum
422 2832 451 2886 in
468 2832 559 2888 looum
575 2831 713 2902 perueniri
730 2831 829 2902 potuit.

18 2919 56 2978 61
131 2919 273 2976 immons
289 2919 359 2976 libro
376 2920 497 2976 seeundo
515 2920 551 2976 ed
564 2919 688 2976 Urseium
700 2919 840 2976 Fetorem.
868 2919 1014 2992 stipulatio
1030 2919 1083 2978 4444
1094 2920 1175 2978 4444
1188 2926 1333 2992 oonoopte:
1352 2915 1509 3006 Q
1540 2924 1563 2979 S

77 3008 109 3066 'si
127 3007 256 3064 beredsm
274 3023 319 3072 me
336 3025 392 3065 non
409 3007 521 3080 4444444,
543 3013 649 3066 tentum
668 3008 735 3065 dere
752 3008 898 3080 4444444444ι
923 3009 1027 3066 inutilis
1043 3013 1099 3080 est,
1116 3010 1182 3081 quis
1199 3015 1295 3068 444444
1311 3010 1399 3068 boone
1416 3025 1507 3082 44444
1526 3019 1556 3062 44

77 3104 122 3154 est
139 3098 208 3154 4444
225 3097 375 3168 stipulam.

21 3187 58 3244 44
130 3187 209 3242 lose
226 3185 296 3243 libro
312 3185 434 3244 4444444
452 3201 487 3242 44
504 3187 622 3244 44444444.
649 3185 752 3244 Seruus
768 3191 882 3244 4444444
898 3186 1008 3244 domiuo
1021 3187 1199 3259 sipeeuuiem
1211 3186 1247 3244 ab
1259 3189 1331 3245 elio·
1348 3183 1506 3272 [W
1538 3191 1561 3246 4

77 3275 226 3348 stipuletur
243 3275 288 3346 sit,
306 3275 390 3332 nihilo
407 3276 497 3332 minus
515 3275 620 3347 obliget
636 3276 747 3333 domino
764 3276 965 3346 promissorem.

21 3363 58 3424 63
130 3365 303 3420 4444444444
324 3363 393 3421 libro
415 3370 495 3448 sexto
518 3365 718 3436 quaestionum.
754 3363 785 3422 Si
807 3365 847 3420 ite
869 3365 931 3435 quis
953 3364 1112 3436 su’puletur:
1136 3364 1202 3422 'siue
1225 3361 1265 3449 [e.
1270 3379 1309 3434 44,
1315 3379 1337 3434 4,
1342 3378 1381 3425 44.
1393 3375 1506 3448 4444*-
1443 3377 1465 3433 4,
1474 3375 1505 3422 ee
1538 3371 1560 3426 8

77 3453 163 3510 ’44444
187 3469 223 3510 44
245 3453 315 3510 Asia
336 3454 443 3510 uenerit
465 3441 526 3510 s'iue
548 3453 638 3510 Titius
661 3454 756 3510 444444
778 3451 869 3510 iaetus
892 3451 989 3524 fuerit,
1015 3458 1078 3510 utra
1099 3454 1175 3525 prius
1197 3454 1322 3512 44444444
1344 3454 1504 3524 exstitisset,
1524 3465 1554 3506 44

75 3544 219 3614 stipulatio
241 3543 426 3599 eommittetur
448 3543 615 3614 etamplius
638 3543 771 3600 summitti
794 3558 848 3600 non
871 3547 971 3614 potest
1001 3543 1052 3599 ssd
1074 3543 1163 3600 renim⁹
1180 3557 1243 3600 444
1266 3558 1301 3600 44
1323 3541 1431 3598 duabus
1450 3540 1505 3598 dis·

75 3633 205 3688 inuetiuis
223 3630 429 3689 ooudiolonibne
447 3631 533 3688 altere
550 3629 692 3703 desederit,
715 3646 828 3690 44444444
846 3637 903 3703 444,
925 3637 957 3688 44
973 3647 1020 3703 44,
1039 3647 1111 3704 quae
1129 3631 1276 3702 4444444444,
1300 3631 1504 3702 stipulationem

74 3721 237 3778 4444444444.

17 3813 55 3872 54
128 3811 207 3866 14444
229 3808 299 3866 libro
321 3810 438 3880 septimo
460 3809 660 3879 quaestionum.
696 3809 860 3866 Huiusmodi
881 3809 1022 3880 stipulatio
1044 3808 1206 3880 interposite
1223 3812 1280 3864 4444
1299 3807 1330 3864 ’44
1362 3817 1435 3875 444
1444 3819 1489 3875 4
1474 3819 1504 3866 44
1536 3813 1558 3870 S

75 3899 175 3956 'Titius
197 3899 294 3954 oonsul
316 3897 406 3954 444444
428 3897 524 3969 tuerit,
547 3903 606 3954 tum
625 3913 659 3954 ex
676 3897 729 3954 hee
746 3897 817 3954 die
809 3915 838 3954 sn
855 3914 942 3956 annos
959 3899 1082 3970 singulos
1099 3897 1172 3954 dena
1188 3897 1248 3954 deri
1265 3894 1411 3968 spondes?
1440 3900 1504 3966 post
1523 3910 1552 3951 44

72 3989 222 4044 4444444444
240 3987 365 4050 44444444
382 3988 501 4044 exstitit:
520 4003 555 4043 an
573 3986 654 4044 buius
671 3987 803 4058 temporis
820 3988 929 4044 nomine
940 3989 988 4060 agi
999 3988 1095 4060 possit,
1113 4001 1167 4043 nou
1178 3986 1314 4042 immerito
1326 3983 1503 4044 4444444444.

72 4077 217 4148 respondit
238 4092 299 4132 eam
322 4076 525 4148 stipulationem
548 4076 643 4132 utilem
666 4089 728 4132 4444
746 4076 798 4147 444,
821 4081 852 4132 44
869 4077 897 4133 44
914 4092 949 4134 ea
966 4092 1060 4134 eorum
1078 4091 1187 4146 qnoque
1204 4089 1352 4144 sonorum,
1374 4073 1504 4144 quiante

71 4167 215 4236 impletam
237 4165 423 4223 eondioionem
441 4165 659 4235 intercesserint,
682 4165 831 4236 praestatio
849 4165 878 4222 in
894 4165 924 4221 id
940 4169 1050 4237 tempus
1068 4165 1168 4222 nolleta
1184 4165 1372 4235 intellegetur,
1393 4167 1426 4220 ut
1442 4177 1504 4220 een·

70 4271 270 4342 rfflrroo)

72 4413 278 4471 14444444444444
336 4415 339 4422 ’
352 4412 567 4556 ²obligeretrlnr?
642 4413 899 4542 444.·44441444444444
917 4412 1073 4555 4444444ἓ44
1091 4413 1240 4539 4444445444,
1258 4413 1311 4469 nisi
1329 4409 1445 4520 iort‘asse
1463 4413 1502 4468 ita

67 4487 378 4698 Qssiffiffl
394 4485 942 4628 plbiimfliiii'b'ibiwiuiii
946 4485 1351 4626 *ifffflmtfflitq'gg‘qpp
1407 4491 1502 4611 tlt

66 4645 148 4688 ,m
362 4663 363 4666 ,

67 4767 269 4826 3444444444ῐί4
287 4770 314 4824 F
362 4768 381 4824 4
397 4765 624 4825 memborum
643 4770 750 4840 F²lpe
814 4769 975 4841 rsymsrerdrc
988 4768 1054 4839 44χῇ
1065 4769 1246 4854 deposuisse,
1265 4777 1366 4824 4444444
1380 4789 1410 4826 sn
1422 4776 1500 4826 eretr-

67 4847 169 4898 4444.
176 4842 277 4897 4444
288 4838 379 4896 fructu
397 4859 446 4894 444
458 4841 493 4894 F¹
540 4841 711 4896 dromonem
724 4841 761 4894 F¹
899 4847 955 4895 lons
994 4839 1215 4910 erumpimus
1227 4841 1266 4894 F²
1300 4840 1381 4896 eom
1380 4854 1452 4912 pyee
1464 4841 1501 4894 F’

812 4847 898 4968 §tim
867 4911 968 4982 pondo]
988 4913 1034 4976 5¹,
1051 4911 1159 4982 pondus
1177 4911 1216 4964 F’
1268 4912 1303 4966 448
1320 4911 1384 4982 444]
1403 4912 1450 4982 444
1465 4911 1501 4964 F·

66 4983 228 5056 qnertol'·
386 4983 476 5038 '.tom
488 4983 524 5037 F¹
589 4984 733 5040 4044444
814 4983 1017 5040 4044444444
1071 4982 1346 5042 ttineroeusnnt
1362 4981 1399 5038 444

66 5053 269 5128 4444414444Ι
286 5063 350 5112 met
383 5053 761 5112 oneudiauimoerrts'tAno-
1230 5137 1293 5199 w

68 4910 326 5038 ’1444444444ιῖ9
341 4913 375 4968 14
392 4917 490 4982 quarto
507 4910 684 4982 digestorum]
704 4911 761 4968 d.
