3504 5452
70 272 123 324 ιιι
143 269 286 318 emenus
308 269 453 319 inerme
721 246 805 326 143
1174 249 1323 319 XXXIIII
1344 253 1361 318 1
1381 257 1481 314 4-10

75 409 195 484 prienes
210 407 243 462 ed
259 406 376 464 heredes
393 421 487 466 eornm
505 425 541 466 en
557 409 698 466 mutonis
716 408 883 466 deonrrent?
911 408 1080 466 Modestinus
1097 409 1252 480 rsepondit:
1269 408 1398 465 uidentur
1415 406 1482 464 mihi

78 503 122 572 ipss
137 496 245 568 preedie
266 511 330 553 esee
345 495 451 554 libertis
468 499 576 569 reliete,
602 502 634 554 nt
650 498 732 569 pleno
750 497 870 554 dominio
888 496 956 554 heeo
973 497 1093 554 hebeent
1109 503 1139 554 et
1156 512 1211 556 non
1227 513 1277 569 per
1294 497 1382 554 solum
1399 512 1481 553 usum

81 588 175 644 metum
196 591 221 642 et
238 585 303 642 ideo
326 591 356 642 et
378 587 401 642 si
418 587 484 657 quid
502 587 669 658 superfluum
687 588 716 643 in
733 585 867 644 reditibus
884 601 966 657 quem
984 587 1012 642 in
1030 585 1139 644 eihsriis
1157 587 1221 658 erit,
1246 585 1298 644 hoe
1315 584 1481 642 edilbertus
1580 657 1584 664 ι

12 653 19 680 ’
83 676 198 748 pnu'neet
221 675 271 732 sed
288 680 319 731 et
335 676 360 732 si
377 675 527 732 deoesserit
544 673 811 732 lideieommieserins
829 681 893 732 ente
912 674 923 746 Ι
941 675 1013 732 dem
1031 674 1235 732 hdeioommiesi
1247 675 1399 745 dedentem,
1416 691 1480 745 pers
1498 680 1515 730 t.
1525 677 1563 729 σι’

86 766 127 822 eius
144 762 176 818 ed
193 769 295 820 eeteros
313 762 579 820 tideieommisserios
596 765 728 834 pertinet:
751 768 815 836 post
832 764 904 820 diem
923 770 1014 820 eutem
1032 765 1176 822 rodentem
1194 765 1218 820 si
1235 765 1282 836 qni
1299 764 1400 822 moeni
1417 764 1480 835 sint,
1499 773 1513 814 t

69 853 180 909 trimos
199 851 312 909 heredes
333 852 402 908 heee
425 852 619 909 transmittent
655 853 758 910 Lueius
775 854 865 910 titius
886 856 1053 910 memento
1077 869 1127 910 suo
1149 853 1254 912 libertis
1276 853 1480 925 libertebusque

90 941 200 999 obstinet
214 941 345 998 satieris
361 958 380 998 ι
396 941 489 998 liberie
507 941 565 998 suis
582 941 741 1014 eisdemque
758 941 905 999 heredibus
922 944 1056 1014 preesteri
1073 943 1154 1012 iussit
1170 943 1245 1000 nulle
1261 942 1420 1000 eondieione
1433 941 1480 998 ed·

91 1031 139 1086 liu:
156 1045 259 1102 umero,
283 1048 332 1102 ιιι,
355 1031 380 1088 si
402 1032 462 1088 sine
485 1031 594 1102 petroni
614 1030 706 1088 liberis
724 1031 797 1088 idem
815 1030 905 1090 liberti
923 1037 1022 1104 egem,
1044 1031 1148 1090 riberie
1165 1037 1194 1088 et
1209 1033 1340 1090 uestierie
1357 1032 1481 1104 eoeipere

92 1120 171 1190 posim
195 1121 363 1178 lindestinus
380 1121 522 1193 respondit
539 1120 605 1178 nihil
622 1121 752 1193 proponi,
770 1127 881 1192 propter
898 1122 973 1194 qnod
989 1123 1087 1194 petitio
1105 1137 1208 1193 eornm,
1226 1135 1298 1194 ques
1315 1125 1480 1178 testamento

92 1224 137 1279 pure
149 1210 226 1280 tonsu
243 1214 318 1281 sunt,
336 1225 392 1266 non
409 1215 557 1281 eompetet.
1500 1221 1528 1262 ro

72 1293 83 1352 t
126 1298 257 1357 herlibro
268 1300 416 1357 undeoimo
427 1315 629 1370 responsorum.
656 1299 748 1358 Uerbe
759 1300 930 1356 testnmenti:
944 1298 1078 1358 'omnibus
1089 1299 1193 1358 libertis
1204 1301 1305 1360 nonnis
1323 1295 1480 1385 [ιῖῖιῖιῇ
1498 1303 1526 1359 E

93 1384 167 1444 'deris
179 1389 349 1460 preestebitis
366 1405 417 1460 pro
434 1387 548 1446 arbitrio
565 1393 667 1460 uestro,
685 1403 740 1446 non
755 1389 921 1460 ignorentee,
939 1392 1022 1460 qnot¹
1035 1406 1070 1447 ex
1084 1389 1126 1446 his
1138 1406 1217 1448 euros
1229 1375 1480 1448 lmbueriffffem

94 1475 127 1530 elio
138 1477 195 1534 loeo:
210 1478 397 1552 ‘Prothymum
410 1478 620 1552 Polychronium
631 1479 783 1551 Hypatium
801 1477 978 1536 eommendo:
996 1481 1027 1534 ut
1044 1479 1090 1534 et’
1101 1479 1243 1537 nobiseum
1261 1480 1317 1536 sint
1333 1484 1362 1536 et
1378 1478 1481 1537 riberie

95 1563 210 1636 'immede
226 1567 309 1639 peto'.
336 1583 448 1640 queem,
466 1583 502 1624 en
520 1567 646 1624 omnibus
664 1566 768 1624 eiberie
784 1566 887 1626 dehent
903 1567 963 1624 deri
980 1583 1016 1624 en
1028 1567 1070 1624 his
1082 1584 1151 1638 quos
1164 1568 1366 1626 sommendeuit
1377 1574 1407 1628 et
1417 1585 1480 1626 oum

94 1650 196 1711 burdine
210 1671 272 1713 esse
289 1657 390 1713 iussit?
420 1657 590 1714 Modestinus
607 1657 749 1728 respondit
766 1655 892 1714 omnibus
910 1655 1014 1714 libertis
1032 1656 1135 1714 riberie
1152 1659 1246 1714 roliots
1262 1658 1390 1730 proponi,
1414 1673 1480 1728 quo
1500 1666 1528 1708 ¹⁵

94 1755 132 1796 rm
144 1744 237 1800 nodum
253 1746 307 1802 uiri
324 1745 391 1802 boni
408 1745 520 1802 erbitrio
538 1746 715 1802 stetuendum
733 1761 804 1803 esse.

74 1825 85 1882 i
127 1831 271 1892 honoreus
287 1834 357 1892 libro
375 1835 498 1892 seeundo
515 1851 550 1892 ex
568 1835 673 1892 Cossio.
700 1835 813 1906 legetis
832 1835 968 1892 timentis
985 1833 1088 1892 riberie
1105 1839 1135 1892 et
1147 1836 1265 1892 uestitus
1277 1841 1306 1893 et
1323 1831 1480 1920 [Q
1498 1839 1543 1914 Es

94 1915 186 1978 intem
205 1921 362 1994 debebitur,
386 1925 452 1994 quie
469 1925 528 1980 sine
545 1924 589 1980 his
608 1925 643 1982 eli
661 1939 761 1995 eorpus
778 1938 833 1980 non
850 1928 956 1995 potest:
979 1929 1071 1980 eetere
1087 1939 1159 1994 queo
1176 1924 1213 1980 ed
1230 1925 1401 1998 dieeiplinem
1418 1943 1479 1999 per·

94 2007 152 2065 irent
163 2013 243 2082 legito
261 2027 316 2068 non
334 2014 517 2084 eondnentur,
1499 2024 1528 2066 ¹⁰

73 2089 84 2147 7
127 2098 220 2158 Pennus
241 2101 312 2158 utro
335 2107 434 2172 quarto
456 2102 565 2160 deoimo
587 2117 790 2174 responsorum.
825 2102 879 2158 nisi
901 2101 975 2158 eliud
997 2105 1158 2158 tenuiorem
1181 2103 1301 2160 sensisse
1324 2097 1481 2189 Q
1498 2109 1536 2163 Ρ·

94 2184 191 2253 minue.

72 2265 84 2324 Β
127 2275 281 2336 remorsus
301 2279 372 2337 libro
396 2280 514 2350 septimo
532 2295 733 2352 responsorum.
769 2280 905 2336 Peouuiee
923 2284 1025 2338 sortem
1043 2280 1179 2338 timendo
1195 2280 1304 2338 liberto·
1323 2277 1481 2367 [ffffl
1499 2287 1526 2342 Ρ

93 2375 133 2418 nu
148 2364 294 2424 mineum
317 2385 403 2426 unum
425 2384 461 2426 ex
482 2369 628 2427 heredibus
651 2368 801 2426 seeundum
823 2370 994 2428 uoluntatem
1012 2368 1133 2428 defuncti
1151 2371 1362 2442 preeeipientem
1381 2387 1479 2430 enuere

93 2463 130 2506 teu
145 2468 192 2511 ese
211 2458 365 2528 ungendum
388 2474 424 2514 ex
446 2473 566 2529 persone
587 2456 770 2515 definientium
793 2465 885 2530 portes
903 2458 1082 2516 eoheredibue
1100 2459 1207 2516 restitui
1223 2460 1339 2530 pleouit:
1363 2459 1399 2518 oh
1418 2475 1478 2518 eern

93 2537 150 2606 illisi
166 2547 274 2615 speeiem
298 2552 363 2618 post
379 2552 495 2604 mortem
514 2548 634 2604 omnium
652 2547 809 2604 libertorum
827 2547 942 2604 indebiti
959 2564 1016 2606 non¹
1031 2548 1163 2620 eompetit
1180 2549 1252 2606 eetio
1269 2564 1322 2604 nee
1339 2550 1413 2608 utilis
1431 2549 1478 2606 de·
1499 2559 1527 2600 rt

93 2623 148 2686 libr.
167 2632 264 2692 dinosa
280 2651 367 2692 erues
383 2643 427 2694 est
444 2638 517 2709 eius,
536 2638 581 2694 eui
598 2638 751 2708 legetorom
768 2637 868 2694 diuisio
886 2637 1044 2694 mundetur:
1061 2653 1125 2694 nem
1143 2651 1177 2692 ee
1194 2652 1239 2694 res
1256 2642 1427 2708 proterentem
1446 2655 1479 2698 ee

93 2724 253 2782 mererium
275 2741 369 2782 eurem
392 2727 522 2798 iniungit,
545 2727 733 2782 alimentorum
756 2725 1063 2802 neropreebendornm
1086 2727 1237 2784 nenessitee
1254 2725 1383 2786 oneribus
1402 2742 1479 2786 men·

93 2807 150 2863 *tle
162 2816 231 2884 uuus
248 2815 347 2872 ennuis
365 2816 559 2872 nereeundiem
576 2831 685 2886 quoqne
702 2813 875 2887 pubentibus
893 2815 1080 2886 sdstriwitur.

69 2885 82 2944 ⁹
126 2895 184 2956 loru
196 2903 261 2960 hhro
279 2909 379 2960 ootuno
397 2919 598 2976 responsorum.
626 2904 688 2960 Alio
705 2903 806 2960 herede
817 2904 941 2960 instituto
954 2904 1127 2975 itesnripsit:
1148 2902 1211 2962 'ete
1223 2909 1298 2976 peto,
1319 2899 1477 2988 [rt-HJ
1496 2908 1524 2964 P

93 2971 138 3080 Ἡ
145 2984 186 3060 lei,
200 2992 331 3062 quidquid
349 3009 384 3050 ex
400 2993 552 3051 hereditete
569 3009 631 3052 mee
647 2994 794 3064 redegeris,
812 2994 865 3050 illie
883 2993 999 3049 alumnis
1013 2994 1082 3050 meis
1094 2992 1143 3048 des
1155 2993 1269 3065 singulis
1281 2979 1478 3052 oenffiife'di
1497 3001 1526 3044 ⁸⁰

98 3073 226 3150 trudonem
242 3098 378 3139 summem
396 3098 482 3153 penes
499 3087 527 3138 te
545 3097 607 3139 esse
624 3083 696 3152 uolo,
715 3083 792 3138 onius
810 3097 845 3138 ex
862 3082 1030 3138 ineremento
1048 3097 1096 3138 eos
1113 3082 1186 3138 olere
1203 3088 1232 3138 te
1249 3084 1326 3140 uolo:
1343 3085 1477 3156 reliquum

93 3152 188 3224 ‘ruffine
202 3171 330 3230 Numerio
348 3171 498 3229 eonliberto
516 3171 627 3228 nostro'.
658 3172 800 3242 respondi,
820 3171 947 3242 quemuis
965 3170 1115 3228 distrahere
1133 3170 1207 3229 bone
1224 3171 1309 3229 deins
1327 3171 1407 3230 Seius
1424 3174 1478 3231 elio

93 3248 162 3344 bloio
179 3258 271 3317 herede
290 3277 345 3318 non
362 3262 464 3332 possit,
486 3265 579 3318 temen
597 3277 674 3332 enm,
698 3261 815 3316 ulnmnis
833 3261 955 3316 relietum
973 3261 1115 3330 peenniem
1134 3265 1166 3316 nt
1183 3265 1276 3318 seruet
1292 3277 1326 3317 eo
1342 3261 1477 3334 restituet,

72 3338 141 3392 inte
153 3343 284 3406 ldoiiiem
301 3355 377 3406 reete
394 3351 557 3420 petiturum:
575 3349 650 3421 qnod
667 3349 703 3405 de
721 3348 858 3420 superine
875 3348 985 3420 proheri
1002 3365 1056 3406 non
1070 3355 1169 3420 potest
1196 3351 1266 3408 Eum
1279 3366 1388 3422 qnoque
1399 3350 1478 3408 liber·

92 3424 131 3479 lle
143 3430 198 3491 inter
212 3453 267 3509 eos,
286 3437 388 3510 quibus
405 3439 516 3508 riberie,
533 3439 599 3495 item
613 3439 772 3496 uestiedum
784 3443 907 3510 petrone,
926 3453 997 3509 ques
1009 3439 1075 3495 uiue
1085 3437 1252 3510 preestshet,
1269 3439 1385 3510 reliquit,
1403 3446 1478 3498 reete
1497 3449 1526 3492 es

92 3504 287 3584 fiilisitientissime
304 3529 455 3599 petiturum
473 3529 641 3600 existimaui,
659 3529 707 3600 qni
725 3543 831 3584 annuos
849 3528 947 3598 uiginti
965 3542 1062 3584 eureos
1080 3533 1109 3585 et
1126 3533 1295 3586 mensurum
1312 3527 1478 3586 frumentum

92 3603 148 3672 *ill
160 3613 242 3672 ιιιιιιι
260 3618 425 3688 eoeopteuit

56 3679 82 3738 ¹⁰
125 3693 182 3759 bru
197 3705 264 3762 libro
281 3722 354 3762 nono
372 3722 574 3778 responsorum.
612 3707 680 3764 Cum
704 3723 775 3764 nnus
799 3722 833 3762 ex
857 3705 1002 3762 heredibus
1025 3709 1127 3762 oertonr
1145 3707 1288 3778 peouniem
1307 3703 1480 3793 Q
1496 3712 1524 3768 P

90 3787 207 3860 meere
222 3795 315 3852 iussus
333 3801 416 3865 esset,
435 3795 470 3851 de
486 3795 564 3852 enine
575 3797 665 3852 sorte⁸
677 3795 781 3852 libertis
794 3795 923 3851 uhmente
934 3798 1094 3865 preestnret,
1112 3794 1240 3852 heredem
1252 3811 1360 3867 qnoque
1371 3797 1480 3856 heredis

90 3864 322 3954 llrrsepnonem
340 3883 449 3940 edmitti
465 3885 577 3955 pleeuit.
603 3885 628 3940 si
645 3890 738 3940 umen
754 3885 846 3954 plnres
864 3883 979 3939 heredes
995 3883 1074 3940 heres
1086 3883 1207 3954 heberet,
1225 3885 1402 3944 intentionem
1420 3889 1479 3958 qni·
1498 3895 1527 3937 so

89 3949 131 4015 Μ
144 3966 251 4028 deiunoti
268 3973 359 4044 prime
375 3971 445 4028 isoio
463 3971 602 4044 refragari,
621 3973 671 4030 sed
689 3973 763 4030 eliud
781 3971 890 4044 proheri
908 3988 963 4029 non
980 3977 1119 4043 oportere:
1142 3973 1208 4044 quid
1226 3975 1313 4045 enim,
1332 3976 1356 4030 si
1374 3981 1480 4034 eeteros

88 4035 168 4112 h“eles
182 4076 245 4118 snos
263 4061 381 4118 estune
397 4066 427 4120 et
443 4062 564 4132 quietem
585 4077 620 4118 eo
637 4061 821 4120 uerecundem
840 4067 923 4132 etque
940 4062 1023 4120 etiem
1041 4061 1180 4134 idoneum,
1203 4062 1308 4120 libertis
1325 4065 1479 4136 oonsulens,

87 4126 164 4202 dl'lin
189 4151 265 4222 sequi
294 4151 411 4206 meluit?
435 4153 465 4206 et
490 4150 552 4208 ideo
580 4151 615 4208 eh
643 4151 769 4208 omnibns
795 4151 941 4208 heredibus
968 4150 1077 4208 heredis
1103 4151 1232 4208 elimenta
1257 4152 1478 4224 preestehuntur.

69 4213 155 4289 liuhi
167 4235 368 4296 ideioommissi
386 4254 454 4309 pure
471 4241 639 4298 manumisso
656 4241 796 4311 pmeteriu
813 4256 922 4312 qooqm
942 4241 1073 4312 temporie
1091 4241 1232 4313 elimenssite
1248 4241 1389 4298 reddendo
1405 4247 1478 4314 sunt,
1495 4248 1512 4296 t.
1523 4250 1553 4298 et

86 4319 176 4381 limeis
191 4327 296 4383 tordius
313 4327 468 4385 libertetem
485 4329 680 4402 reoipereuerit
696 4345 748 4385 nen
770 4329 850 4385 heres
867 4345 972 4386 morem
989 4330 1109 4386 liberteti
1126 4328 1233 4385 feeerit:
1257 4335 1323 4388 tune
1341 4331 1414 4388 enim
1432 4347 1478 4388 ex·
1497 4341 1526 4384 ee

85 4397 155 4468 tinere
167 4431 268 4472 morem
286 4421 404 4488 oportet,
423 4433 486 4474 enm
503 4417 539 4474 de
556 4419 646 4476 usuris
662 4417 867 4476 fideioommissi
884 4419 1031 4490 quaeritur,
1050 4433 1106 4476 non
1122 4417 1157 4474 de
1173 4419 1240 4490 ipsis
1252 4417 1479 4478 tideioommissis.

85 4501 290 4594 tenesmon)

86 4599 1479 4640 N-——ss———ssfi——ss-

63 4649 259 4744 ,¹ll⁰t(es.)i
330 4673 457 4730 ¹etot?
527 4675 768 4746 ⁸eortelusuris?

88 4747 473 4784 ᾨ-

87 4797 198 4876 ltuee
217 4825 254 4878 ιι
314 4821 736 4896 eperenosururene1e
790 4825 998 4882 statuariam
1043 4825 1077 4881 ιι
1095 4824 1245 4882 retinentesr
1290 4827 1323 4882 ιι
1343 4825 1477 4894 emtori

88 4875 110 4928 ι*
123 4881 159 4966 ,¹¹⁴¹
211 4895 354 4952 remes
377 4895 413 4949 ιι
435 4894 676 4960 timeremus
698 4899 736 4952 ιι
789 4897 893 4953 eruenta
910 4897 947 4950 ιτ
1000 4898 1035 4952 eo
1053 4897 1096 4967 ne]
1114 4897 1192 4952 ωι
1239 4897 1275 4952 ee
1292 4897 1366 4953 serus
1384 4898 1424 4952 ee
1442 4897 1477 4951 ιι

88 4939 189 5018 lemn
205 4965 239 5018 rt
297 4967 332 5022 ιι
355 4965 459 5022 etune
482 4967 518 5020 ιι
539 4969 543 5034 ι
565 4969 640 5038 quot]
665 4969 735 5034 ιιι,
788 4968 982 5025 menotense
1017 4965 1321 5038 repraesentantem
1355 4968 1390 5024 ee
1403 4966 1479 5023 eont-

90 5026 269 5104 lluwhiiQo
302 5039 338 5094 13
348 5037 523 5109 prothumnm
533 5041 556 5093 F
568 5039 573 5108 Ι
588 5039 691 5094 einerie
700 5039 734 5092 Ρ
789 5039 927 5097 commissi
987 5039 1054 5111 ipsis
1073 5060 1121 5095 om.
1133 5039 1168 5093 Ρ

140 5367 148 5379 i

9 5359 181 5437 fflre
296 5405 299 5414 ’
