3614 5460
42 287 88 334 nr
102 287 149 334 ua
165 283 295 336 sacam.
312 289 355 336 nu
369 263 586 340 nu'nnsrnms
712 265 808 346 833*
1038 271 1042 282 '
1078 268 1270 340 xxxxviii
1292 263 1333 336 1‘3
1355 274 1470 331 11-16

42 424 89 480 uel
112 425 251 482 aediculas
275 427 454 484 incustoditas
474 431 692 499 temptauerunt,
716 429 833 499 amplius
851 443 933 498 quarn
951 426 1039 498 iures,
1061 428 1152 483 minus
1170 443 1251 498 quam
1271 426 1397 496 sacrilegi
1415 441 1470 481 me-

42 519 146 569 rentur.
179 530 263 585 qnare
285 515 358 586 quod
381 533 489 572 sacrum
512 517 620 587 quodue
641 517 791 572 admissum
809 517 838 572 in
856 518 991 587 sacrilegii
1009 518 1110 572 crimen
1129 516 1223 587 cadat,
1246 515 1390 585 diligenter
1407 529 1470 570 cou-

42 602 218 658 siderandum
242 609 293 659 est.
329 604 423 662 Labeo
446 606 515 662 libro
539 606 698 676 trigenrimo
722 611 820 662 couno
842 597 1021 676 posteriorum
1044 606 1200 676 peculatum
1224 603 1320 660 definit
1340 603 1471 674 pecuniae

42 690 170 760 publicae
188 697 236 747 aut
254 709 348 749 sacrae
366 693 468 750 furtum
486 709 541 751 non
560 694 595 750 ab
613 709 646 750 eo
664 693 775 764 iactum,
794 696 871 750 ouius
888 696 1008 765 periculo
1026 693 1086 765 luit,
1104 699 1133 750 et
1150 695 1212 750 ideo
1228 694 1368 750 aedituum
1379 693 1407 747 in
1419 691 1471 762 hia,

43 797 116 852 quae
134 783 159 837 ei
176 783 278 838 tradita
296 788 374 852 snnt,
393 784 548 853 peculatum
567 799 621 840 non
639 783 793 840 admittere.
829 784 934 842 Eodem
953 785 1044 855 capite
1060 783 1173 840 inferius
1192 783 1286 839 scribit
1303 799 1357 838 non
1376 777 1471 865 [l’ulffl
1490 789 1504 832 a

43 872 131 927 solum
150 873 294 942 pecuniam
312 872 457 950 publicam,
476 873 526 930 sed
544 874 625 928 etlam
643 873 779 943 priuatam
797 873 898 928 crimen
916 875 1058 944 peculatus
1076 871 1175 944 lacere,
1194 873 1217 928 si
1234 873 1296 943 quis
1313 859 1471 951 quodlicet)

43 960 161 1016 debetur
182 962 314 1017 simulans
337 977 368 1017 se
391 960 451 1017 fisci
474 957 634 1018 creditorem
657 962 776 1032 accepit,
800 963 926 1032 quamuis
944 963 1079 1033 priuatam
1097 963 1240 1033 pecuniam
1260 960 1408 1018 abstulerit
1444 963 1471 1017 Is
1538 1019 1541 1034 ,

43 1055 151 1120 autem,
175 1051 222 1121 qui
241 1051 384 1120 pecuniam
403 1050 580 1106 traiciendam
600 1053 721 1121 suscepit
739 1052 783 1106 nel
801 1051 915 1122 quilibet
933 1052 1016 1121 aliua,
1039 1051 1074 1106 ad
1093 1052 1171 1106 cuius
1188 1052 1337 1120 periculum
1355 1051 1472 1121 pecunia

42 1139 175 1209 pertinet,
198 1141 355 1209 peculatum
378 1155 433 1196 non
451 1140 605 1196 committit.
641 1139 759 1195 Senatus
777 1141 858 1195 iussit
874 1141 935 1210 lege
953 1141 1096 1211 peculatus
1114 1141 1200 1194 teneri
1217 1155 1279 1209 eos,
1302 1141 1349 1210 qui
1366 1140 1471 1195 iniussu

42 1229 111 1295 eins,
130 1229 177 1298 qni
195 1229 221 1282 ei
239 1230 278 1283 rei
296 1229 421 1299 praeerit,
440 1228 594 1284 tabularum
611 1225 781 1298 publicarum
800 1227 1028 1298 inspiciendarum
1046 1227 1339 1299 describendarumque
1351 1234 1471 1298 potesta·
1491 1237 1520 1280 ru

42 1319 98 1372 tem
118 1315 238 1372 iecerint.
265 1317 344 1386 Eum,
363 1318 410 1386 qui
427 1313 571 1386 pecuniam
588 1317 789 1388 publicamiin
806 1333 873 1374 usus
891 1319 997 1388 aliquos
1014 1317 1157 1374 retinuerit
1174 1333 1225 1374 neo
1239 1318 1402 1387 erogauerit,
1421 1317 1472 1373 bau

42 1406 105 1475 lege
122 1406 208 1460 teneri
227 1405 320 1462 Labeo
338 1406 407 1462 libro
425 1407 585 1476 trigensimo
603 1411 702 1464 octauo
720 1408 899 1478 posteriorum
914 1407 1031 1477 scripsit.
1059 1423 1121 1463 cum
1133 1422 1166 1463 eo
1178 1411 1279 1478 autem,
1300 1393 1472 1492 [forsa—t}

42 1495 98 1564 qui,
117 1509 179 1548 cum
197 1495 339 1563 prouincia
355 1495 451 1564 abiret,
469 1495 622 1565 pecuniam,
640 1511 711 1566 quae
729 1511 813 1567 penes
831 1512 861 1552 ae
876 1501 958 1567 esset,
976 1497 1011 1552 ad
1024 1497 1157 1552 aerarium
1170 1495 1310 1567 professus
1322 1497 1471 1566 retinuerit,

42 1598 98 1638 non
117 1598 179 1638 esse
197 1583 322 1639 residuae
339 1585 473 1654 pecuniae
492 1585 640 1655 actionem,
662 1586 727 1656 qnia
745 1601 806 1641 eam
825 1587 949 1656 priuatus
966 1585 1033 1642 fisoo
1052 1585 1164 1656 debeat,
1183 1591 1211 1641 et
1228 1585 1291 1641 ideo
1308 1585 1379 1640 inter
1396 1583 1472 1640 debi-

42 1677 118 1727 tores
136 1687 199 1727 eum
217 1669 293 1728 terri:
312 1687 428 1742 eamque
446 1671 481 1728 ab
499 1688 532 1728 co
545 1675 577 1743 is,
596 1674 642 1744 qui
654 1673 706 1730 hoo
717 1675 831 1746 imperio
844 1677 937 1745 utitur,
955 1675 1103 1746 exigeret¹,
1121 1675 1150 1730 id
1163 1679 1206 1730 est
1216 1675 1317 1744 pignus
1329 1673 1470 1745 capiendo,
1490 1683 1519 1726 rt

42 1776 143 1832 corpus
161 1761 315 1831 retinendo,
334 1763 447 1818 multam
467 1762 591 1818 dicendo.
621 1763 671 1819 sed
689 1778 750 1819 eam
768 1780 877 1836 quoque
894 1765 939 1820 lex
957 1765 1026 1820 Iulia
1042 1764 1213 1820 residuorum
1232 1769 1295 1834 post
1312 1779 1413 1819 aunum
1431 1777 1472 1819 re·

43 1850 152 1905 uiduam
171 1865 232 1905 ease
249 1851 338 1906 iussit.

96 1939 272 1994 Mercurius
294 1939 363 1995 libro
382 1939 470 2009 primo
488 1940 648 1997 iudiciorum
667 1941 847 2014 publicorum.
884 1943 943 1998 Hac
960 1943 1022 2013 lege
1040 1947 1162 2012 tenetur,
1186 1941 1278 2011 quiin
1297 1935 1472 2024 [Q
1490 1943 1530 2021 Ss

42 2027 145 2083 tabulis
169 2027 285 2098 publicis
309 2029 440 2084 minorem
463 2032 620 2101 pecuniam,
644 2046 729 2102 quam
749 2031 814 2102 quid
838 2032 954 2087 uenierit
972 2037 1021 2086 aut
1037 2031 1182 2100 locanerit,
1206 2031 1345 2099 scripserit
1362 2031 1472 2086 aliudue

42 2116 111 2188 quid
135 2117 223 2172 simile
246 2119 421 2174 commiserit.
456 2119 562 2174 Dinus⁸
580 2119 699 2176 Seuerus
721 2125 750 2175 et
768 2120 923 2176 Antoninus
947 2119 1084 2190 quendam
1108 2119 1223 2174 clarissi-
1246 2116 1472 2202 [RQ-Q
1492 2127 1520 2170 ro

43 2221 118 2261 mum
137 2205 273 2276 iuuenem,
292 2221 353 2262 oum
372 2207 501 2264 inuentus
518 2214 593 2264 esset
610 2210 729 2264 arculam
747 2209 775 2264 in
793 2210 924 2279 templum
943 2225 1044 2280 ponere
1062 2208 1154 2278 ibique
1172 2207 1308 2262 hominem
1319 2208 1471 2284 includere,

42 2297 91 2365 qui
108 2299 173 2366 post
190 2297 295 2350 clusum
314 2297 444 2366 templum
463 2297 498 2352 de
516 2313 580 2352 arca
597 2299 684 2353 exuet
701 2303 730 2352 et
747 2297 781 2353 dc
799 2299 900 2368 templo
919 2299 1006 2354 multa
1023 2296 1195 2354 subtraberet
1212 2302 1240 2352 et
1257 2312 1288 2351 se
1306 2297 1334 2351 in
1352 2297 1471 2352 arculam

42 2387 143 2442 iterum
162 2385 282 2455 referret,
302 2386 457 2440 conuictum
476 2387 505 2441 iu
522 2387 637 2442 insulam
656 2385 878 2457 deportauerunt.

97 2475 249 2530 Unrrauus
271 2472 341 2530 libro
361 2475 552 2544 sexagensimo
570 2481 669 2532 octauo
688 2476 723 2530 ad
741 2476 870 2531 edictum.
907 2475 958 2542 Qui
975 2472 1155 2544 perforauerit
1172 2475 1282 2540 muroa⁴
1299 2467 1471 2558 Q
1489 2477 1518 2532 Ε

42 2564 89 2620 uel
106 2563 171 2618 inde
189 2563 291 2633 aliquid
309 2563 460 2633 abstulerit,
478 2565 621 2634 peculatus
639 2565 746 2620 actione
764 2569 881 2620 tenetur.
1490 2571 1519 2614 ¹⁶

97 2653 278 2708 Menoeceus
306 2652 375 2708 libro
402 2653 552 2709 uicensimo
578 2653 673 2723 quinto
700 2653 877 2723 digestorum.
922 2653 1067 2708 Peculatua
1097 2667 1268 2722 nequaquam
1299 2645 1471 2735 Q
1490 2653 1517 2708 E

42 2743 234 2810 committitur,
260 2742 283 2796 ai
307 2741 416 2812 exigam
440 2741 476 2797 ab
499 2757 532 2797 eo
555 2742 713 2812 pecuniam,
738 2742 786 2812 qul
809 2747 838 2797 et
861 2740 925 2796 mihi
949 2747 977 2796 et
997 2741 1064 2797 fisco
1091 2740 1186 2796 debet:
1213 2743 1362 2798 nonenim
1389 2757 1471 2811 pecu·

42 2833 90 2887 nia
107 2830 184 2886 fiaci⁵
201 2832 384 2901 intercipitur,
407 2845 478 2901 quae
496 2831 612 2888 debitori
633 2831 693 2886 eiua
713 2829 849 2902 aufertur,
873 2831 977 2886 scilicet
994 2831 1059 2902 quia
1077 2835 1169 2886 manet
1186 2829 1294 2886 debitor
1311 2828 1370 2885 fisci
1388 2829 1471 2885 nihilo
1543 2849 1545 2858 ⁴

42 2921 143 2976 miuus.
1490 2927 1519 2968 aa

49 3021 52 3024 ·
98 3010 291 3064 Mouusnntus
308 3009 377 3064 libro
395 3009 516 3064 secundo
535 3009 570 3064 de
587 3009 691 3080 poenis.
719 3010 755 3079 ls,
773 3009 820 3079 qui
838 3009 967 3080 praedam
986 3007 1022 3064 ab
1033 3007 1159 3064 hostibus
1171 3013 1278 3079 captam
1298 3003 1472 3092 [Q
1490 3011 1518 3064 E

42 3097 189 3168 subripuit,
207 3099 268 3168 lege
286 3099 429 3169 peculatus
446 3102 555 3154 tenetur
573 3104 601 3153 et
619 3099 646 3153 in
664 3098 845 3168 quadruplum
864 3097 1017 3154 damnatur.
1499 3137 1500 3140 ,

97 3189 278 3243 Parmrrrus
301 3186 369 3242 libro
387 3189 546 3258 trigessimo
564 3193 643 3242 sexto
661 3188 860 3257 quaestionum.
896 3187 1010 3242 Publica
1027 3187 1066 3241 iu·
1085 3182 1265 3269 [etQ.
1281 3196 1470 3256 tolleremus
1489 3188 1516 3242 P

42 3277 117 3332 dicia
135 3277 276 3346 pecnlutns
295 3281 324 3331 et
342 3276 377 3332 de
394 3277 510 3332 residuis
529 3282 557 3331 et
573 3277 783 3346 repetundarum
803 3276 927 3331 similiter
943 3275 1076 3332 aduersus
1094 3275 1222 3330 heredem
1234 3280 1402 3345 exercentur,
1420 3289 1471 3330 neo

42 3366 179 3435 inmerito,
198 3381 260 3420 cum
278 3365 307 3420 iu
323 3365 366 3421 his
384 3368 508 3436 quaestio
526 3367 682 3437 principalis
700 3365 808 3421 ablatae
826 3365 959 3436 pecuniae
977 3369 1130 3420 moneatur.

42 3489 237 3560 F(XYMOO)

42 3673 214 3738 lsusceptam
233 3677 279 3724 tm.
299 3671 323 3733 (c
337 3669 451 3740 .p.832,
464 3669 491 3733 3)
580 3669 704 3740 'exiget
722 3668 820 3736 (edd.)?
907 3667 1015 3724 ⁸diui?
1102 3666 1214 3722 ‘aedis
1233 3680 1327 3721 sacrae
1345 3668 1471 3721 similiare

42 3743 164 3815 leficiunt
182 3744 225 3816 (rs.
237 3741 369 3806 D.4‚6,
382 3743 409 3809 1)
480 3738 597 3796 ‘risaei

42 3919 52 3974 l
78 3915 168 3985 furca]
190 3915 262 3972 seres
286 3917 321 3970 F¹
343 3920 348 3982 Ι
369 3918 500 3988 sacrilege
524 3917 657 3972 mirantur
680 3919 730 3972 1⁵⁷:
783 3919 817 3983 (o.
829 3917 872 3982 14)
890 3935 941 3970 aon
953 3925 975 3971 ir
987 3924 1030 3979 ert,
1049 3923 1093 3988 pai
1106 3922 1265 3986 montorium
1279 3921 1352 3986 repit,
1370 3915 1417 3969 sed
1427 3921 1471 3985 qut

42 3989 154 4044 {aanor
183 3989 213 4040 δὲ
243 3989 298 4042 τώκ
330 3987 472 4056 lepontios
503 3990 653 4044 uola'zoarar
683 3989 730 4042 BS
784 4007 814 4042 cr
824 3996 959 4074 prouincia
972 3989 1051 4042 rediit
1095 3987 1128 4041 14
1140 3985 1277 4040 debebat
1289 3987 1325 4038 1³³
1368 3984 1471 4039 2201i·

42 4059 177 4115 tdabec
196 4061 231 4112 F'
294 4060 500 4116 labtnleritF
553 4059 731 4116 Strahloieu·
784 4058 924 4128 ‘gerutF‘
977 4059 1012 4113 24
1030 4077 1094 4129 quoe
1112 4067 1138 4111 ia
1155 4058 1304 4128 quibusdam
1323 4057 1379 4110 edd.
1398 4057 1471 4126 dipe-

42 4132 106 4186 dam
121 4131 147 4184 F
190 4133 221 4186 11
236 4129 378 4199 ieceritFl
395 4133 467 4202 eum]
479 4148 540 4187 eum
554 4147 661 4201 quoque
675 4130 729 4201 ΡΙ
783 4138 879 4186 domm
902 4137 1030 4200 tamquam
1055 4131 1070 4184 l.
1083 4129 1118 4183 13
1130 4128 1182 4197 [11]
1202 4127 1375 4196 §tritantur
1391 4127 1470 4182 uerbo

42 4201 236 4272 tr'g'ogauerit
244 4203 267 4256 F
269 4203 280 4236 ⁵
317 4204 350 4257 13
360 4219 421 4258 oum
432 4204 572 4273 prouincia
580 4203 677 4272 abiret]
687 4202 731 4267 ΡΙ,
785 4201 801 4255 ὁ
819 4199 848 4255 ὲκ
861 4201 1031 4268 ercracrupr'rp
1090 4197 1244 4269 troezenae
1258 4199 1357 4252 adscito
1370 4219 1400 4251 cx
1413 4197 1469 4252 Ba-

42 4290 104 4330 tum
124 4276 154 4328 in
171 4275 312 4344 prouincia
329 4273 417 4330 abiret
429 4277 465 4329 F'
477 4283 501 4330 et
513 4284 558 4339 ric,
577 4283 651 4346 quari
669 4281 732 4329 earet
783 4274 871 4336 silicis,
884 4273 927 4325 ubi
939 4275 1054 4343 leputatur
1063 4278 1128 4324 inter
1139 4273 1154 4324 t
1164 4271 1199 4323 12
1210 4271 1263 4338 [10]
1273 4277 1296 4323 et
1306 4269 1339 4322 13
1348 4269 1400 4338 [11]
1412 4267 1436 4320 l.
1444 4276 1470 4331 t,

42 4346 68 4401 in
92 4345 264 4416 prouinciam
289 4344 377 4401 abiret
417 4353 545 4400 uennunt
571 4352 731 4416 interpreter:
784 4341 1314 4414 ueresumptosuntchrorbir-o39,58:
1328 4341 1472 4412 spectaturi

42 4415 168 4472 &naama
187 4435 226 4471 ero
247 4434 296 4470 raa
315 4419 435 4488 cnapxiaa
456 4417 503 4472 BS
519 4418 608 4482 (Dor.)
629 4417 731 4470 iisdem·
785 4413 1078 4477 eusebianorum,
1086 4413 1128 4466 15.-
1137 4411 1359 4476 zuirinensem
1368 4409 1468 4472 eluces

42 4507 89 4562 quc
102 4491 168 4559 serr
191 4489 276 4542 uerbis
293 4487 376 4550 Ῥοπ.,
399 4487 483 4543 lurda
507 4488 545 4543 eie
566 4486 686 4557 tuapxiaa
706 4487 732 4540 B
784 4485 864 4546 τοῨτο
881 4483 913 4538 τὸ
980 4495 1045 4548 uso,
1065 4483 1103 4538 etc
1122 4483 1167 4552 rap
1184 4481 1217 4537 τὸ
1233 4481 1330 4538 πλάτος
1347 4483 1403 4536 reba
1422 4490 1469 4545 arr.

42 4560 154 4626 (Aaou.)
165 4562 357 4630 inlepolntr'one
365 4561 503 4632 Byzantiis
512 4567 644 4614 communi.
654 4577 732 4628 prce·
786 4554 833 4618 οῩκ
855 4555 924 4610 terra
991 4557 1025 4610 at
1050 4555 1215 4610 commititur
1237 4555 1263 4608 F
1277 4556 1281 4621 Ι
1302 4555 1368 4624 qui*
1389 4559 1418 4608 et
1435 4553 1470 4604 F²

42 4633 111 4686 rides
134 4639 201 4684 enim
223 4637 252 4684 ut
273 4651 303 4685 ec
324 4640 429 4685 aerario
452 4639 574 4702 pecunius
597 4636 733 4700 accipiunt,
785 4628 820 4682 28
841 4633 930 4695 qubus
949 4624 987 4680 F*
1007 4627 1012 4692 Ι
1033 4625 1115 4694 qula*
1136 4630 1229 4681 manet
1251 4627 1301 4680 F’:
1328 4625 1399 4680 asaei
1423 4623 1470 4694 rip

42 4721 98 4758 eum
117 4709 297 4773 mcptstrutnm
314 4710 463 4772 suscipiunt,
482 4710 520 4756 ito
536 4709 649 4755 rationes
665 4708 731 4754 reai-
785 4696 864 4761 οῩΔὲκ
877 4697 1268 4770 ἧποκτοῨΦίεκογχρεώοτκο
1281 4697 1329 4752 Rs
1375 4693 1470 4751 3481)·

42 4773 157 4845 duceque
178 4781 300 4844 pecunius
321 4775 442 4837 reddunt,
465 4793 521 4827 cum
544 4773 671 4844 deponunt
688 4773 731 4844 (ιβ
783 4767 891 4825 lat‘u'ao
908 4769 946 4822 F*

43 4844 176 4899 menius
194 4852 221 4897 in
240 4845 338 4900 Gor-nel.
353 4863 381 4916 p.
392 4845 453 4912 72):
477 4845 583 4916 denique
605 4843 731 4914 priuatus
