3614 5460
318 216 527 286 ιιιιιιιιιιιιι
550 215 647 282 1512
991 203 1078 285 888
1520 229 1579 276 ns
1602 227 1761 277 eumne

321 381 465 447 susceptus
483 389 550 444 ergo
567 387 654 443 nepos
671 372 699 428 in
717 369 820 426 reuersi
838 368 940 440 captiui
958 370 1146 439 potestatem
1164 367 1207 422 aei
1225 367 1278 422 erit
1289 381 1410 438 suusque
1422 365 1502 424 heres
1514 367 1541 423 ei
1553 366 1761 437 quodammodo

320 467 421 534 inuito,
440 481 502 520 cnm
522 463 625 534 nuptiis
643 477 697 516 non
716 459 892 516 consenserit.
922 473 975 512 non
994 457 1106 525 mirum,
1128 457 1194 526 quia
1210 457 1283 512 illius
1300 457 1432 526 temporis
1450 457 1576 514 condicio
1595 457 1762 512 necessitas

287 564 375 626 tque
399 553 518 609 iaciebat
538 559 566 607 ct
589 550 700 621 publicu
723 549 880 620 nuptiarum
904 547 1007 602 utilitas
1031 543 1169 615 exigebat
1206 545 1261 602 Sed
1279 547 1382 617 captiui
1401 561 1483 617 uxor,
1509 547 1622 602 umetsi
1640 547 1761 602 maxime

288 645 389 700 onelit
411 649 439 698 et
461 643 489 698 in
513 641 595 698 domo
619 641 678 696 eius
702 639 752 707 sit,
777 653 831 692 non
854 642 946 692 tumen
971 636 999 690 in
1017 635 1191 690 matrimonio
1208 641 1260 690 est.
1297 635 1434 705 codicilli,
1457 635 1570 704 siquos
1589 635 1761 706 intempore

322 733 490 802 captiuitatis
514 729 666 800 scripserit,
691 743 745 784 non
769 725 917 782 creduntur
938 725 997 780 iure
1021 723 1113 794 suptili
1132 721 1285 780 confirmati
1302 729 1482 794 testamento,
1506 723 1581 793 qnod
1600 724 1628 780 in
1646 725 1791 782 ciuitates

322 819 435 876 iecerat.
467 819 516 874 sed
534 833 586 874 nec
603 815 845 872 fideicommissum
864 829 899 869 ex
917 812 959 868 bis
978 813 1035 884 peti
1054 817 1153 882 potest,
1172 813 1309 883 quianon
1328 813 1446 869 suntab
1464 827 1499 868 eo
1516 811 1592 884 iseti,
1610 815 1657 883 qui
1674 818 1761 870 testa·

323 910 408 965 menti
425 907 570 964 lectionem
590 905 696 970 babuit,
720 904 769 960 sed
792 904 857 973 quis
880 917 985 958 merum
1008 901 1171 972 principium
1195 915 1288 958 eorum
1308 903 1336 958 in
1353 903 1466 960 ciuitate
1484 903 1636 960 constituto
1648 904 1761 973 captiuo

323 997 427 1054 laetum
445 1003 497 1066 est,
515 995 544 1052 id
563 999 605 1050 est
623 996 650 1050 in
669 998 835 1050 testamento
854 989 1023 1048 confirmatio
1041 990 1236 1060 codicillorum,
1255 997 1284 1048 st
1299 991 1323 1048 ie
1339 997 1437 1063 postea
1448 1007 1577 1048 reuersus
1588 997 1633 1047 est
1644 997 1759 1062 etpost·

323 1087 427 1142 liminio
445 1087 488 1140 ius
506 1101 586 1140 suum
605 1083 716 1153 recepit,
733 1082 911 1138 humanitatis
928 1081 1027 1136 rationi
1045 1095 1196 1152 congruum
1215 1085 1258 1136 est
1272 1096 1320 1137 eos
1332 1081 1472 1138 codicillos
1484 1081 1523 1136 ita
1535 1096 1617 1136 sunm
1630 1081 1758 1136 effectm

291 1174 438 1244 chabero,
457 1174 535 1244 qusai
553 1173 581 1228 in
599 1172 689 1228 medio
708 1172 782 1227 nulls
800 1171 946 1240 captiuitss
963 1170 1188 1226 intercessisset¹.
1225 1167 1325 1224 lietera
1341 1185 1412 1240 quse
1430 1171 1458 1226 in
1476 1171 1536 1226 inre
1554 1176 1628 1239 suut,
1649 1174 1757 1240 postea
1774 1187 1798 1226 ιι

292 1275 406 1334 “lqusm
431 1262 596 1333 postliminio
615 1261 686 1316 redit
703 1275 752 1331 pro
771 1275 804 1315 eo
823 1257 971 1328 habentur,
994 1275 1028 1314 ac
1046 1260 1070 1314 si
1087 1273 1236 1328 numquam
1254 1259 1307 1314 iste
1325 1258 1444 1316 bostium
1462 1259 1568 1330 potitus
1585 1257 1694 1314 inisset
1729 1258 1757 1314 Si

325 1353 387 1422 quis
405 1367 514 1407 seruum
532 1355 644 1420 ceptum
663 1349 698 1404 ab
716 1347 841 1404 hostibus
859 1347 1013 1417 redemerit,
1033 1349 1158 1419 protinus
1176 1353 1220 1404 est
1237 1348 1405 1418 redimentis,
1424 1349 1551 1418 quamuis
1569 1349 1684 1404 scientis
1696 1349 1757 1404 alie·

325 1457 389 1496 num
414 1439 513 1495 luisse:
541 1439 591 1496 sed
615 1438 708 1495 oblato
731 1439 756 1494 oi
774 1439 862 1508 pretio
880 1435 954 1507 quod
972 1435 1049 1492 dedit
1067 1437 1233 1506 postliminio
1251 1437 1355 1494 redisse
1373 1443 1423 1492 ant
1440 1443 1565 1508 receptae
1582 1453 1645 1494 esse
1663 1453 1756 1493 seruus

293 1541 307 1588 t
326 1529 460 1584 credetur.
489 1529 565 1584 Etsi
583 1529 713 1598 ignorans
731 1527 880 1598 captiuum,
899 1525 1059 1582 existimans
1077 1525 1223 1582 condentis
1241 1541 1303 1582 esse
1317 1526 1442 1598 redemit,
1460 1543 1495 1582 an
1507 1527 1588 1596 quasi
1601 1529 1755 1597 usueepisse

326 1619 460 1688 uideatur,
479 1618 584 1674 scilicet
601 1633 635 1672 ne
653 1621 717 1688 pest
734 1616 885 1686 legitimum
899 1619 1008 1684 tempus
1020 1615 1153 1672 offerendi
1165 1616 1245 1686 pretii
1256 1616 1338 1686 priori
1351 1615 1462 1672 domino
1474 1613 1593 1672 facultas
1606 1617 1651 1685 sit,
1668 1615 1754 1672 uides·
1768 1629 1789 1670 ιι

326 1723 396 1763 mue.
424 1723 487 1762 nam
505 1707 637 1776 occurrit,
655 1705 728 1776 quod
747 1705 920 1774 constitutio,
938 1719 1010 1773 qrrae
1028 1703 1063 1758 de
1080 1703 1230 1775 redemptis
1247 1706 1304 1762 lsts
1321 1711 1372 1776 est,
1391 1720 1455 1760 eum
1473 1705 1635 1762 redimentis
1651 1720 1752 1762 seruum

326 1795 406 1866 iacit,
425 1801 453 1852 et
470 1795 544 1866 quod
563 1811 653 1852 meum
672 1797 725 1850 ism
744 1809 896 1864 usucapere
914 1809 958 1849 me
977 1793 1097 1864 intellegi
1115 1809 1170 1850 non
1188 1799 1288 1864 potest.
1319 1811 1427 1852 rursum
1446 1810 1510 1850 cum
1528 1795 1751 1850 constitutiones

327 1885 489 1940 deteriorem
514 1899 625 1940 censam
649 1884 855 1952 redimentium,
878 1881 927 1938 sed
951 1883 975 1938 si
997 1899 1053 1953 quo
1077 1884 1215 1940 meliorem
1239 1883 1373 1954 effecerit,
1396 1885 1500 1954 peremi
1523 1885 1568 1940 ius
1590 1884 1679 1940 bonae
1695 1881 1751 1938 fidei

328 1974 458 2044 emptoris
477 1975 692 2030 uetustissimum
711 1978 739 2028 et
756 1973 878 2042 iniquum
898 1975 927 2026 et
944 1978 1040 2027 contra
1058 1979 1176 2028 mentem
1195 1973 1397 2028 constitutionis
1415 1978 1471 2028 est:
1490 1973 1610 2044 ideoque
1623 1977 1749 2030 nannete

327 2069 459 2133 tempore,
477 2067 588 2133 quanto,
607 2063 660 2120 nisi
677 2063 836 2118 constitutio
854 2075 917 2118 eum
935 2062 1075 2132 proprium
1093 2060 1212 2132 iecisset,
1231 2063 1346 2132 mucepi
1363 2063 1510 2133 potuisset,
1527 2063 1595 2119 nibil
1613 2078 1647 2119 ex
1661 2062 1748 2118 consti·
1759 2072 1778 2114 ιι

294 2163 308 2210 ι
328 2153 433 2209 tutione
452 2151 563 2208 domino
581 2167 725 2223 superesse
743 2155 817 2208 recte
835 2150 950 2208 dicetur.
978 2150 1195 2208 Manumittendo
1213 2156 1305 2206 autem
1323 2156 1415 2206 utrum
1433 2151 1536 2208 desinit
1548 2157 1609 2208 tan-
1627 2146 1746 2236 Μ

327 2246 386 2300 tum
405 2241 532 2298 dominus
550 2257 612 2298 esse
630 2247 659 2298 et
675 2241 787 2296 relictus
805 2239 841 2296 cb
859 2255 892 2296 eo
910 2253 1008 2296 seruus
1026 2240 1054 2296 in
1072 2241 1115 2296 ins
1132 2240 1230 2310 prioris
1248 2239 1352 2296 domiui
1364 2240 1455 2298 redit?
1482 2257 1518 2297 sn
1531 2248 1560 2296 et
1571 2241 1683 2298 liberum
1695 2257 1744 2296 eno

271 2391 272 2396 ,
328 2331 408 2402 iecit,
431 2347 466 2388 ne
486 2331 638 2402 praestatio
658 2329 793 2386 libertatis
810 2329 923 2386 dominii
940 2327 989 2384 fiot
1007 2329 1168 2386 menelotio?
1198 2335 1272 2386 certe
1290 2329 1365 2400 spud
1383 2328 1476 2386 bostes
1495 2331 1677 2388 manumissos
1692 2330 1742 2386 libe

328 2427 412 2492 ratur,
430 2425 568 2476 ettamen
587 2421 610 2476 si
629 2435 689 2476 eum
708 2425 824 2475 nendos
842 2418 969 2475 dominus
987 2418 1073 2489 ipsius
1092 2424 1173 2476 uetus
1190 2419 1262 2474 intra
1278 2418 1417 2489 praesidis
1434 2425 1530 2476 nostra
1543 2418 1649 2490 inisset,
1665 2434 1741 2490 quan·

328 2513 371 2568 uis
390 2527 445 2567 non
462 2517 586 2568 secutum
605 2524 650 2564 res
667 2514 785 2578 nostras,
802 2508 851 2564 sed
870 2507 936 2564 dum
954 2521 989 2564 eo
1006 2508 1119 2564 consilio
1130 2508 1261 2578 uenisset,
1280 2513 1311 2564 nt
1322 2507 1359 2562 ad
1369 2507 1431 2564 illos
1443 2513 1634 2582 reuertentur,
1651 2523 1738 2564 semum
1750 2514 1768 2557 ιι

328 2603 459 2658 retineret
480 2601 538 2656 iure
563 2599 730 2670 postliminii.
762 2597 836 2667 quod
859 2597 887 2653 in
911 2596 1003 2652 liberis
1022 2597 1101 2652 aliter
1118 2601 1191 2654 erat:
1214 2611 1270 2654 non
1288 2597 1360 2652 enim
1378 2598 1546 2668 postliminio
1564 2596 1738 2664 reuertebatnr,

329 2692 382 2746 nisi
400 2690 447 2760 qui
464 2690 517 2744 boc
534 2689 625 2744 animo
644 2687 679 2742 ad
697 2703 762 2742 suos
780 2687 911 2756 uenisset,
931 2691 961 2741 ut
978 2701 1072 2742 eorum
1086 2701 1130 2742 res
1142 2691 1303 2758 sequeretur
1314 2687 1429 2758 illosque
1441 2687 1616 2758 relinqueret,
1633 2685 1736 2758 aquibus

330 2779 448 2836 abisset:
472 2779 549 2849 quis,
570 2783 602 2834 ut
620 2777 738 2834 Sabinus
756 2775 863 2846 scribit,
882 2775 917 2830 de
935 2791 986 2830 sua
1003 2775 1075 2846 qua¹
1092 2776 1205 2832 ciuitate
1223 2775 1321 2845 cuique
1339 2775 1526 2832 constituendi
1544 2773 1657 2832 iacultts
1671 2774 1735 2830 libers

330 2875 382 2938 est,
399 2883 454 2924 non
473 2869 507 2924 de
526 2867 639 2923 dominii
657 2867 724 2922 iure.
752 2881 848 2920 nerum
866 2864 918 2921 boo
932 2879 987 2922 non
999 2865 1113 2924 multum
1126 2869 1223 2921 oneret
1235 2868 1245 2936 ll
1257 2871 1430 2935 praesentem
1442 2865 1673 2935 inspectationem,
1686 2861 1733 2933 quir
1743 2863 1785 2914 tlt

331 2958 449 3015 bostium
473 2958 531 3013 iure
549 2955 727 3012 manumissio
745 2953 844 3010 obesse
862 2955 916 3010 ciui
934 2959 1028 3009 nostro
1046 2953 1157 3010 domino
1174 2955 1248 3010 serui
1265 2969 1320 3010 non
1337 2954 1441 3024 potnit,
1464 2960 1494 3010 at
1512 2955 1536 3010 is
1554 2954 1589 3010 de
1606 2969 1657 3025 qno
1672 2965 1731 3023 quse
1743 2959 1760 2999 ιι

331 3049 400 3104 ritur
417 3047 478 3116 lege
497 3050 603 3114 nostre,
626 3059 709 3114 quam
728 3043 888 3098 constitutio
907 3041 984 3112 iecit,
1008 3043 1096 3098 ciuem
1115 3043 1269 3100 Βοιιιιιιιιιιι
1286 3042 1427 3098 dominum
1446 3042 1557 3113 babuit,
1575 3049 1603 3100 et
1620 3061 1651 3100 an
1667 3041 1695 3096 sb
1708 3051 1731 3094 ιι

330 3137 420 3208 possit
442 3134 597 3191 libertatem
620 3133 748 3202 adsequi,
771 3135 931 3188 tractamus.
965 3131 1030 3204 qnid
1051 3133 1137 3202 enim,
1160 3132 1184 3188 si
1202 3147 1349 3202 numquam
1368 3133 1413 3188 ille
1431 3133 1549 3204 pretium
1568 3133 1627 3188 eins
1643 3126 1731 3188 clienti

332 3227 356 3282 si
374 3241 426 3282 nec
443 3222 623 3280 conueniendi
642 3223 702 3278 eius
720 3221 757 3278 sit
774 3220 911 3278 facultas?
937 3219 1022 3277 liber⁸
1039 3222 1092 3276 erit
1108 3236 1214 3290 seruus,
1233 3221 1280 3290 qni
1291 3206 1371 3277 'nullo
1390 3223 1487 3278 merito
1505 3235 1556 3279 suo
1573 3216 1730 3294 poteritrdo

333 3315 406 3370 mino
428 3313 581 3370 libertatem
605 3311 755 3380 consequi?
786 3309 861 3380 quod
885 3315 928 3366 est
949 3311 1071 3380 iniquum
1096 3313 1125 3366 et
1141 3315 1238 3366 contu
1255 3310 1409 3366 institutum
1428 3327 1446 3366 a
1463 3311 1611 3376 maioribus
1627 3303 1730 3366 libertffl

333 3402 464 3460 fauorem.
501 3407 575 3459 certe
596 3407 626 3458 et
647 3401 735 3456 ueteri
757 3400 815 3456 inre
833 3399 858 3455 si
875 3397 911 3454 sb
928 3399 993 3468 boc,
1017 3400 1063 3470 qui
1082 3399 1172 3456 sciens
1189 3399 1308 3454 alienum
1326 3415 1388 3456 esse
1405 3399 1581 3470 redemisset,
1603 3401 1665 3456 dius
1679 3395 1758 3454 bocru

332 3491 387 3552 lide
405 3493 525 3564 emisset,
544 3505 695 3562 usucapere
713 3489 749 3544 ad
767 3487 975 3559 libertatemque
993 3489 1142 3560 perducere
1159 3490 1258 3561 potuit,
1278 3496 1308 3545 et
1325 3490 1378 3544 isto
1396 3504 1507 3559 quoque
1526 3490 1606 3546 modo
1623 3489 1684 3559 prior
1697 3481 1730 3538 do

333 3583 438 3650 minus,
457 3583 503 3651 qui
521 3585 585 3636 snte
603 3579 792 3650 captiuitatem
810 3576 912 3647 iuerat,
930 3578 973 3633 ius
990 3593 1070 3634 suum
1089 3578 1243 3638 emittebat.
1273 3593 1358 3649 quare
1374 3577 1460 3648 igitur
1477 3579 1530 3636 iste
1548 3595 1602 3636 non
1618 3575 1689 3634 habet
1700 3573 1730 3627 itt

286 3683 316 3728 ιο
333 3670 563 3728 manumittendi?
590 3668 619 3724 Si
638 3667 781 3724 statuliber
797 3665 888 3737 inerit,
906 3674 1052 3737 antequam
1072 3665 1107 3722 ab
1120 3665 1245 3724 hostibus
1263 3673 1415 3738 caperetur,
1423 3668 1593 3740 redemptus
1603 3683 1661 3738 pen·
1676 3644 1730 3738 [itit

285 3771 315 3818 11
334 3761 417 3816 dente
435 3759 595 3816 condicione
614 3773 692 3814 suem
712 3771 823 3812 censam
841 3753 978 3812 retinebit.
1016 3755 1087 3822 Quid
1105 3771 1186 3826 ergo,
1209 3757 1234 3812 si
1256 3757 1296 3812 ita
1317 3755 1472 3812 libertatem
1491 3763 1643 3828 acceperat,
1661 3743 1729 3835 elffii

333 3851 429 3908 decem
454 3849 528 3905 milia
551 3847 678 3904 dederit?
703 3847 858 3916 quaesitum
881 3849 938 3915 est,
966 3845 1040 3900 unde
1063 3844 1128 3900 dare
1153 3845 1278 3917 debebit,
1307 3845 1437 3916 quonism
1460 3847 1513 3902 etsi
1536 3861 1682 3903 conoessum
1700 3842 1756 3896 att·

332 3947 525 4018 armoe)

331 4046 710 4161 Melpomene-s}
724 4094 871 4157 scriperem:
888 4083 1035 4141 factionem
1054 4083 1157 4154 habuit,
1176 4087 1226 4142 sed
1244 4101 1348 4142 merum
1367 4085 1531 4158 principium
1593 4075 1726 4142 eontirnafil

333 4161 526 4230 codicillorum,
544 4164 643 4232 reliqua
660 4163 695 4224 (o.
704 4161 720 4212 7
730 4159 795 4227 quia
807 4165 832 4213 et
842 4179 866 4212 o.
876 4157 894 4212 8
906 4165 935 4212 et
945 4158 969 4212 is
981 4161 1079 4228 postea
1139 4179 1164 4212 u.
1177 4160 1210 4213 10
1221 4159 1433 4224 intercessisset)
1451 4161 1552 4215 αιιιιιιιι
1569 4177 1619 4213 erse
1634 4157 1661 4212 ct
1671 4153 1725 4207 lasti·

333 4242 426 4298 otonis,
445 4242 489 4306 qul
505 4240 639 4303 praetcrea
656 4233 710 4285 ιι.7
729 4245 833 4285 merum
851 4230 999 4285 uocabulum
1017 4233 1102 4285 tollere
1120 4229 1242 4285 debebant
1310 4229 1396 4300 ’qtla
1413 4231 1462 4286 det
1533 4229 1634 4298 'libori
1650 4223 1683 4282 ist

335 4369 351 4422 1
369 4372 400 4420 ut
418 4365 463 4420 aui
482 4365 534 4420 erit
551 4363 671 4432 (eitM¹)]
691 4361 777 4418 X·M‘
789 4369 813 4417 et
826 4370 862 4417 lta
874 4371 969 4450 scripti
979 4381 1019 4418 re·
1072 4363 1256 4418 manumissus
1273 4362 1404 4419 liberatur
1415 4361 1526 4431 (liberat
1540 4365 1573 4432 F)
1589 4369 1616 4418 et
1631 4347 1724 4416 bullii

334 4439 442 4492 cundum
461 4437 597 4508 BtSyrui:
617 4436 655 4488 uui
675 4433 759 4506 ‹inap'
775 4433 1021 4496 ιῩιοῨιικτοιιειιοι
1073 4450 1137 4490 eum
1155 4439 1225 4500 (eam
1247 4435 1280 4502 F)
1298 4440 1415 4491 nanctus
1432 4437 1495 4507 esp]
1519 4435 1536 4490 ὁ
1557 4433 1619 4506 rupi
1635 4431 1723 4504 rutili·

333 4507 522 4578 Ῡποιτρὲφοιιιι
542 4509 581 4576 τῷ
599 4507 694 4574 niuno>
708 4507 799 4571 sinerer
812 4505 971 4570 iueioicroc,
990 4511 1022 4560 ut
1074 4507 1172 4574 leuium
1186 4505 1411 4578 ιἰλεγθιρωιιὲιιοι,
1431 4507 1454 4562 si
1469 4509 1508 4562 sei
1522 4503 1722 4578 ilertspoiwflf

334 4579 491 4644 audieritl}
510 4585 542 4632 ut
558 4579 609 4632 erit
625 4579 666 4641 Y',
685 4580 736 4632 orit
747 4577 797 4643 X‘,
815 4583 858 4632 est
869 4582 900 4633 ut
911 4577 1023 4633 redierit
1074 4577 1163 4640 ιῩιῶιι
1182 4578 1314 4642 bertrico,
1339 4580 1363 4634 ei
1381 4580 1470 4634 ιιὲιιιοι
1489 4573 1722 4635 ἒιιιλᾶιιιιιίῐῦϊῦ

338 4649 431 4713 17400,
450 4649 553 4703 ιἰιι.Μ·
569 4653 573 4715 Ι
589 4649 625 4719 ei]
643 4649 679 4703 bii
700 4651 736 4702 F·
792 4649 1028 4706 2oonseeseritF
1075 4649 1533 4723 uiterbscrrorscBSiscdodSyn.)
1573 4636 1711 4716 ibutltif*

335 4721 430 4789 lineo]
450 4721 478 4774 in
491 4721 527 4772 F¹
544 4723 548 4786 Ι
564 4735 618 4775 non
637 4725 701 4774 sunt
719 4719 754 4775 ab
766 4735 799 4776 eo
812 4721 858 4786 (ab
870 4737 903 4776 eo
916 4741 964 4775 om.
974 4721 1020 4786 F1)
1074 4723 1269 4778 reuerteturF
1310 4723 1344 4777 il
1363 4723 1546 4792 relinqueret*
1565 4722 1599 4776 Ρ
1640 4717 1716 4782 iiim

335 4791 401 4847 facti
420 4797 553 4858 (sunttns.
566 4793 613 4858 ιι)
631 4792 677 4860 qni
696 4792 722 4844 F
770 4791 962 4860 lcooetituto]
982 4792 1021 4846 in·
1074 4809 1127 4850 cua
1145 4795 1181 4848 F·
1239 4793 1274 4849 30
1291 4792 1411 4850 bostium
1436 4795 1496 4850 iure
1513 4784 1679 4856 manumissio]
1692 4777 1723 4840 Ρ»

334 4864 433 4919 stitnto
450 4863 486 4916 Γ(
533 4864 565 4918 11
584 4861 749 4918 babe'r'ntnr
765 4862 801 4916 Ρ(
846 4866 880 4920 13
897 4867 1021 4933 receptu·
1073 4865 1102 4922 in
1120 4864 1237 4920 bostium
1251 4865 1310 4920 iure
1323 4865 1492 4924 manumisso
1505 4867 1539 4921 Ρ
1580 4847 1724 4922 34an

335 4935 419 4990 rusF
451 4935 485 4990 14
497 4935 618 4991 creditur
631 4935 666 4988 F’
702 4935 736 4989 21
749 4933 896 4990 dominiF¹
931 4935 1022 4992 atius
1074 4937 1110 4994 35
1127 4933 1250 4994 laborem
1268 4937 1304 4991 l*
1356 4938 1394 4994 to
1412 4939 1488 4996 nilis
1504 4937 1598 4994 ΜΨ

336 5003 400 5082 'pro'
408 5008 506 5080 prioris
519 5009 557 5062 F’
600 5007 636 5066 23
647 5004 714 5064 iecit
725 5021 760 5062 ne
771 5009 805 5061 F¹
821 5009 827 5077 Ι
842 5007 916 5080 apud
928 5005 1021 5064 hostes
