3608 5460
41 241 87 288 nr
110 239 226 288 ιιιιι
248 237 466 286 axonemoun
715 211 801 292 633
1221 215 1400 283 XXXXIIIl
1421 217 1442 282 4
1460 223 1477 278 4

41 377 124 434 heres
142 378 180 434 sit
196 377 329 447 scriptus,
352 391 388 431 ex
405 391 461 446 qna
478 374 599 430 ducenta
617 375 748 444 consequi
765 374 867 445 potuit,
892 372 991 429 deinde
1014 379 1126 444 propter
1148 372 1200 429 hoc
1222 373 1356 443 legatum,
1377 373 1405 430 in
1420 376 1477 444 'quo

40 473 155 524 centum
173 459 265 536 erant,
289 465 432 536 praetulit,
452 479 486 520 ne
504 463 636 519 molestiis
654 461 825 518 hereditariis
843 462 1042 532 implicaretur:
1066 478 1115 532 ιι,
1137 462 1161 516 ιι
1179 461 1300 532 legatum
1318 466 1407 532 petat,
1432 478 1478 518 cx-

40 556 171 626 ceptione
190 554 245 611 doli
263 553 327 608 mali
350 551 576 608 summoneatur?
601 555 630 606 et
647 552 687 606 ait
704 551 825 606 lulianus
848 566 902 606 non
927 566 989 606 esse
1012 565 1074 606 euru
1098 550 1335 606 summouendum.
1363 551 1479 622 quodsi

41 661 62 699 a
85 642 236 700 substituto
258 643 377 713 pretium
400 641 507 711 accepit
530 640 573 695 uel
597 638 671 709 quod
694 640 775 709 pretii
798 639 859 694 loco
882 638 977 694 haberi
995 643 1102 710 posset,
1127 653 1161 695 ne
1184 639 1267 694 adeat
1288 639 1478 711 hereditatem,

40 741 144 803 petens
167 731 289 801 legatum
313 730 393 800 dolo,
418 729 520 799 inquit,
546 726 638 784 iacere
661 727 835 796 intellegetur
859 742 891 782 ac
913 742 963 798 per
986 727 1038 784 hoc
1062 727 1117 784 doli
1140 728 1302 798 exceptione
1324 729 1478 798 repelletur.
1497 735 1510 777 t

41 823 204 890 Quaesitum
224 826 274 890 ιιι,
293 819 326 888 ιι,
345 833 407 874 cum
426 816 504 872 hrndi
523 832 602 872 usum
621 814 740 871 fructum
759 813 896 884 haberem,
915 831 977 872 enm
997 815 1111 872 fundum
1130 817 1239 874 uolente
1258 832 1302 872 me
1314 817 1479 888 condideris,

41 927 80 966 an
98 909 249 966 uindicanti
267 907 334 964 mihi
352 923 431 962 usum
449 903 568 960 fructum
587 905 713 976 exceptio
732 905 769 960 sit
785 902 937 960 obicienda
964 910 993 960 et
1015 904 1067 960 hoc
1090 907 1149 962 iure
1167 906 1282 976 utimur,
1306 911 1336 962 ut
1354 908 1480 978 exceptio

40 998 101 1054 doli
119 1001 226 1054 noceat.
261 995 406 1052 hiarccllus
424 994 463 1049 ait
480 993 613 1048 aduersus
632 992 687 1050 doli
705 993 894 1063 exceptionem
913 1009 968 1050 uon
986 993 1045 1049 dari
1063 995 1267 1065 replicationem
1285 994 1348 1050 doli.
1386 993 1479 1051 Labeo

40 1101 155 1157 quoque
173 1087 201 1142 in
218 1083 317 1140 eadem
335 1083 462 1153 opinione
481 1087 536 1138 est:
561 1082 601 1136 ait
623 1082 695 1137 enim
719 1082 841 1152 iniquum
866 1097 927 1138 esse
951 1098 1122 1140 communem
1142 1084 1273 1140 malitiam
1292 1084 1403 1154 petitori
1420 1083 1478 1153 qui·

41 1175 108 1232 dem
126 1174 248 1246 praemio
266 1187 343 1242 esse,
366 1171 392 1226 oi
411 1185 489 1240 uero,
513 1185 576 1226 cum
595 1185 649 1240 quo
667 1169 810 1241 ageretur,
833 1185 939 1241 poenum
957 1175 1044 1243 esse¹,
1068 1187 1130 1228 cum
1153 1173 1235 1242 longe
1253 1187 1371 1242 aequum
1389 1172 1427 1227 sit
1444 1187 1480 1228 ex
1499 1181 1527 1222 ¹⁰

41 1278 88 1332 eo,
105 1262 181 1332 quod
199 1258 302 1334 perfide
320 1264 429 1330 gestum
448 1263 498 1328 est,
517 1263 637 1314 actorem
655 1257 722 1314 nihil
740 1261 880 1330 consequi.
917 1260 1019 1316 contra
1036 1267 1150 1316 senatus
1167 1261 1284 1317 consulti
1301 1275 1411 1332 quoque
1422 1261 1478 1317 lla·

41 1351 189 1408 aedoniani
207 1349 395 1420 exceptionem
415 1346 450 1402 do
468 1346 532 1402 dolo
550 1346 669 1402 dandam
687 1347 891 1418 replicationem
905 1348 1100 1418 ambigendum
1112 1365 1167 1406 nou
1180 1365 1241 1406 esse
1254 1365 1369 1420 samque
1380 1364 1480 1406 nocere

41 1439 146 1496 debore
169 1439 252 1496 etiarn
276 1433 518 1493 constitutionibus
542 1440 571 1490 et
593 1435 736 1490 sententiis
759 1442 902 1494 auctorum
926 1442 1048 1496 cauetur.
1085 1437 1178 1494 Labeo
1201 1445 1230 1494 ot
1253 1439 1277 1494 si
1295 1454 1330 1494 ex
1347 1439 1480 1508 stipulatu

41 1529 119 1584 actio
136 1531 276 1597 competat
292 1529 404 1596 propter
422 1523 477 1579 doli
494 1525 654 1594 clausulam,
672 1529 765 1580 tamen
779 1539 878 1582 nocere
892 1526 948 1582 dcli
965 1527 1153 1598 exceptionem
1166 1527 1213 1597 ait,
1232 1528 1256 1582 si
1268 1527 1402 1582 aduersus
1420 1526 1480 1596 ea²,

42 1617 143 1688 inquit,
160 1614 264 1672 iactum
283 1615 347 1670 erit:
366 1627 448 1683 posse
467 1613 539 1668 enim
557 1613 711 1682 petitorem,
730 1618 877 1683 antequam
890 1616 1031 1686 stipulatio
1043 1617 1238 1686 committatur,
1256 1615 1322 1670 nihil
1333 1615 1396 1670 dolo
1409 1614 1480 1670 malo
1500 1625 1528 1666 ιι

42 1704 145 1762 ierim
163 1711 192 1760 et
208 1707 275 1760 tnnc
293 1702 383 1758 facere
401 1717 464 1758 cnm
482 1705 573 1771 petat:
596 1706 708 1771 propter
725 1701 800 1771 quod
818 1705 1006 1774 exceptionem
1029 1719 1090 1760 esse
1109 1705 1301 1760 necessariam.
1337 1703 1481 1758 Aduersus

43 1798 176 1866 parentes
193 1797 378 1864 patronosque
397 1805 486 1860 neque
504 1789 559 1846 doli
578 1791 704 1861 exceptio
722 1806 810 1862 neque
829 1793 883 1846 alia
900 1791 1021 1862 quidem,
1039 1806 1111 1862 quae
1129 1793 1237 1864 patroni
1249 1792 1406 1864 parentisue
1424 1792 1480 1862 opi-

45 1883 157 1938 nionem
175 1880 268 1952 apud⁸
285 1879 373 1936 bonos
392 1895 482 1936 mores
495 1879 632 1950 suggillet,
651 1885 806 1950 competere
818 1885 925 1951 potest:
944 1882 972 1936 in
984 1879 1087 1938 iactum
1100 1885 1193 1936 ιιιιιι
1212 1881 1263 1936 erit
1280 1880 1481 1951 excipiendum,

45 1977 91 2041 ut,
113 1968 226 2028 ritorto
243 1969 360 2039 pecunia
383 1984 437 2024 non
463 1975 606 2024 numerata
628 1968 750 2040 dicatur,
773 1969 907 2025 obiciatur
930 1971 1056 2041 exceptio
1079 1970 1212 2040 pecuniae
1235 1985 1290 2025 non
1313 1973 1481 2024 numeratae.

45 2060 113 2116 nihil
137 2063 230 2114 autem
253 2059 380 2128 interest,
404 2063 496 2114 utrum
519 2063 651 2128 patronus
674 2073 710 2112 ex
734 2073 785 2114 suo
808 2062 951 2114 contractu
975 2075 1011 2114 au
1034 2074 1101 2114 uero
1123 2073 1157 2114 ex
1182 2058 1271 2114 alieno
1289 2059 1481 2114 conueniatur:
1500 2068 1529 2108 so

45 2163 157 2218 semper
174 2147 246 2204 enim
265 2147 419 2202 reuerentia
437 2147 462 2202 ei
480 2145 636 2202 exhibenda
654 2151 697 2201 ιιι
715 2152 771 2202 tam
791 2147 855 2202 uiuo
873 2163 956 2217 quam
975 2145 1130 2204 defuncto*¹
1158 2147 1182 2202 si
1200 2152 1292 2202 autem
1305 2163 1367 2203 cum
1380 2147 1483 2204 herede

45 2237 138 2294 liberti
160 2240 293 2308 patronus
316 2240 394 2304 agat,
422 2240 490 2304 puto
515 2235 641 2305 excipere
668 2233 769 2290 debere
797 2235 832 2290 de
858 2235 921 2292 dolo
944 2237 1053 2306 patroni
1075 2235 1203 2292 heredem
1228 2235 1326 2292 liberti.
1354 2235 1482 2292 libertum

46 2330 141 2382 autem
159 2325 195 2381 de
213 2323 276 2381 dolo
294 2323 410 2394 patroni,
429 2322 482 2377 etsi
500 2321 535 2377 ah
554 2321 655 2378 herede
674 2323 734 2378 cius
752 2324 944 2392 conueniatur,
963 2324 1074 2380 minime
1092 2326 1280 2397 exceptionem
1298 2325 1482 2382 obiecturum:

47 2429 166 2486 namque
184 2412 313 2470 conuenit
335 2415 392 2466 tam
416 2410 482 2466 uiuo
504 2426 584 2478 quam
607 2415 715 2466 mortuo
733 2416 850 2482 patrono
869 2411 1000 2470 ailberto
1018 2413 1147 2470 honorem
1167 2412 1296 2470 exhiheri.
1323 2414 1351 2468 in
1369 2413 1483 2484 stipula·

46 2505 121 2560 tione
140 2504 222 2574 plano
239 2501 295 2558 doli
313 2499 436 2554 clausula
453 2513 509 2554 non
526 2499 578 2554 erit
596 2499 777 2570 detrahenda,
796 2501 861 2571 quia
878 2517 913 2556 ex
931 2501 986 2556 dcli
1005 2502 1127 2556 clausula
1144 2516 1199 2558 non
1217 2501 1252 2556 de
1270 2501 1334 2558 dolo
1352 2503 1424 2558 actio
1442 2502 1482 2558 in·
1501 2511 1530 2553 to

47 2592 183 2661 tenditur,
208 2589 258 2646 scd
276 2603 311 2645 ex
329 2587 471 2658 stipulatu.
507 2587 540 2642 ln
557 2587 609 2642 hac
627 2589 789 2658 exceptione
811 2595 840 2644 et
860 2589 895 2644 de
914 2589 976 2646 dolo
995 2591 1068 2646 sorni
1087 2590 1130 2645 uel
1148 2590 1261 2646 alterius
1279 2605 1413 2661 personae
1431 2591 1483 2648 iuri

48 2685 143 2738 nostro
160 2678 302 2736 subiectus
320 2677 446 2746 excipere
464 2691 612 2746 possumus
630 2682 659 2732 ιι
676 2677 711 2732 de
730 2693 824 2734 eorum
843 2678 914 2749 dolo,
932 2677 1032 2749 quibus
1045 2679 1204 2749 adquiritur.
1232 2679 1282 2735 ιιιι
1294 2680 1328 2736 de
1341 2695 1483 2736 seruorum

48 2775 77 2826 et
93 2768 211 2826 liliorum
230 2767 307 2836 dolo,
332 2767 356 2822 si
373 2763 485 2836 quidem
503 2779 537 2820 ex
555 2765 687 2834 peculiari
712 2781 805 2822 eorum
825 2767 936 2837 negotio
954 2767 1027 2823 aetio
1045 2767 1215 2837 intendatur,
1238 2768 1266 2824 in
1283 2766 1418 2824 inlinitum
1437 2783 1483 2824 ex·

49 2859 139 2930 ceptio
157 2854 302 2913 obicienda
320 2857 375 2910 eat:
394 2853 418 2908 si
437 2858 527 2909 autem
547 2869 601 2909 non
620 2869 655 2910 ex
672 2855 803 2926 peculiari
821 2871 914 2925 causa,
932 2859 991 2912 tum
1010 2855 1045 2912 de
1063 2870 1097 2912 eo
1109 2856 1254 2912 dumtaxat
1265 2858 1355 2929 excipi
1366 2863 1483 2929 oportet,
1502 2865 1531 2906 ιι

49 2949 96 3018 qui
113 2945 252 3004 admissus
270 2945 307 3000 ιιι
323 2943 352 2998 in
370 2943 430 3014 ipso
449 2943 561 3012 negotio
579 2943 653 3013 quod
671 2943 788 3014 geritur,
808 2959 863 2999 non
881 2944 965 3000 etiam
983 2945 1007 3000 si
1024 2950 1122 3014 postea
1139 2945 1237 3016 aliquis
1256 2945 1335 3002 dolus
1353 2947 1483 3021 interline-
1500 2949 1517 2998 t.
1528 2946 1580 2998 eto

50 3037 149 3094 nisset:
168 3047 257 3104 neque
275 3031 347 3088 enim
365 3046 428 3088 esse
446 3046 564 3102 aequum
583 3033 657 3088 serui
675 3031 767 3088 dolum
786 3032 903 3102 amplius
920 3032 1031 3090 domino
1048 3048 1162 3103 nocere,
1181 3049 1263 3104 quarn
1281 3035 1310 3090 in
1327 3051 1382 3105 qno
1400 3051 1485 3107 opera

50 3126 109 3182 eius
126 3128 202 3180 esset
219 3137 295 3179 usus.
332 3120 492 3186 Quaesitum
511 3125 568 3190 est,
591 3136 627 3176 an
646 3119 681 3176 de
698 3121 883 3190 procuratoris
902 3119 978 3191 dolo,
1002 3123 1049 3192 qni
1067 3121 1103 3177 ad
1121 3122 1259 3192 agendum
1277 3127 1383 3180 tantum
1402 3124 1484 3180 datus

50 3219 105 3284 est,
128 3211 218 3282 excipi
236 3209 331 3280 possit
360 3212 389 3262 et
406 3212 474 3279 puto
491 3213 566 3264 recte
584 3206 710 3280 defendi,
734 3210 758 3266 ιι
781 3209 892 3280 quidem
916 3210 944 3265 in
967 3225 1025 3266 rem
1049 3225 1128 3266 suam
1151 3216 1311 3282 procurator
1333 3212 1415 3269 datus
1438 3214 1484 3282 sit,

50 3302 133 3358 etism
151 3299 186 3354 de
204 3297 352 3368 praeterito
371 3297 431 3352 siue
449 3297 527 3369 dolo,
551 3297 603 3353 hoc
621 3302 665 3354 est
682 3298 706 3353 si
725 3302 789 3353 ante
808 3304 951 3368 acceptum
974 3298 1104 3354 iudicium
1123 3299 1187 3356 dolo
1206 3299 1272 3370 quid
1290 3299 1397 3371 fecerit,
1422 3316 1484 3358 esse

51 3387 257 3460 excipiendum,
279 3387 303 3442 si
320 3400 386 3442 nero
405 3401 461 3442 non
478 3387 507 3440 in
523 3401 580 3442 rem
599 3402 691 3456 ιιιιιι,
716 3385 809 3443 dolum
832 3392 1005 3456 praesentem
1029 3387 1057 3442 in
1075 3389 1262 3458 exceptionem
1280 3387 1484 3446 eonferendum.
1502 3396 1532 3438 ιι

52 3480 75 3534 si
92 3481 186 3534 antem
204 3477 228 3531 is
245 3478 406 3546 procurator
424 3475 474 3544 ιιι,
499 3475 543 3530 ιιι
567 3475 687 3530 omnium
711 3490 801 3530 rerum
826 3474 1027 3531 administratio
1045 3490 1177 3532 concessa
1195 3483 1251 3547 ιιι,
1274 3477 1393 3542 tanede
1410 3479 1485 3534 omni

51 3567 113 3623 dolo
131 3567 192 3621 eius
210 3565 300 3636 excipi
316 3578 399 3635 posse
417 3563 545 3619 Neratius
563 3561 666 3618 scribit.
697 3562 827 3620 hiandsui
846 3563 928 3633 Titio,
948 3568 979 3618 ιι
997 3580 1014 3618 ι
1031 3569 1058 3620 ιι
1076 3566 1261 3636 stipularetur,
1279 3566 1378 3622 deinde
1395 3567 1485 3622 Titius

50 3653 127 3725 Soio,
147 3660 175 3710 et
193 3655 340 3725 stipulatus
358 3669 375 3708 ι
393 3657 421 3708 ιι
439 3651 520 3708 Seius
537 3657 580 3707 est
598 3655 627 3706 et
644 3650 774 3706 iudicium
793 3651 891 3706 edidit:
917 3653 956 3707 ait
973 3651 1067 3708 Labeo
1085 3654 1275 3724 excipiendum
1294 3669 1357 3710 osse
1375 3660 1431 3710 tam
1449 3655 1484 3710 de

51 3759 112 3800 meo
129 3759 212 3814 quam
232 3749 260 3798 ιι
278 3742 334 3798 Seii
352 3741 423 3798 dolo.
460 3741 529 3796 ltem
548 3741 702 3810 quaeritur,
727 3741 751 3796 ιι
776 3739 883 3796 ιιιιιιι
906 3755 984 3796 meus
1007 3746 1035 3796 ιι
1059 3741 1291 3798 circumueniebat
1314 3748 1395 3813 teque
1419 3743 1485 3800 mihi

49 3847 127 3888 rcum
145 3831 253 3888 dederit
271 3845 378 3902 egoque
397 3829 447 3886 abs
465 3835 493 3885 te
512 3830 658 3901 stipulatus
676 3827 767 3899 fuero,
786 3828 885 3884 deinde
903 3833 1010 3900 petam,
1032 3846 1067 3886 an
1085 3830 1141 3886 doli
1159 3831 1222 3886 mali
1240 3833 1366 3902 exceptio
1384 3831 1484 3888 obstet.
1503 3838 1532 3880 ιι

48 3927 79 3978 et
97 3922 186 3992 magis
203 3926 261 3991 est,
284 3925 315 3976 ut
338 3935 393 3976 non
411 3917 461 3975 tibi
483 3919 657 3990 permittatur
680 3916 715 3972 ds
733 3916 796 3972 dolo
819 3916 951 3974 debitoris
970 3919 1024 3974 mei
1042 3918 1176 3976 aduersus
1195 3935 1239 3976 me
1257 3921 1397 3991 excipere,
1422 3937 1484 3978 oum

49 4027 105 4066 non
123 4024 178 4080 ego
195 4014 223 4064 ιι
242 4009 480 4064 circumuenerim:
499 4007 632 4068 aduersus
650 4006 739 4076 ipsum
758 4010 850 4061 autem
869 4005 1020 4063 debitorem
1040 4022 1130 4064 meum
1148 4009 1252 4079 poteris
1270 4009 1395 4079 experiri.
1430 4008 1486 4065 Sed

50 4105 80 4156 ιι
97 4099 121 4154 si
140 4099 237 4154 mulier
260 4103 324 4168 post
347 4097 496 4152 admhsum
522 4095 614 4152 dolum
639 4093 789 4150 debitorem
813 4109 893 4150 anum
918 4096 1017 4151 marito
1040 4096 1068 4151 in
1091 4097 1184 4153 dotem
1207 4097 1388 4168 delegauerit,
1411 4097 1485 4153 idem

48 4187 223 4260 probandum
241 4187 293 4242 erit
310 4185 345 4241 de
363 4186 426 4242 dolo
445 4183 565 4241 mulieris
583 4199 637 4239 non
656 4198 718 4239 esse
735 4183 948 4253 permittendum
966 4185 1101 4256 excipere,
1120 4200 1154 4241 no
1172 4185 1295 4242 indotata
1312 4183 1369 4242 fiat.
1403 4183 1486 4257 Apud

50 4277 187 4334 lulianum
205 4275 360 4346 quaesitum
380 4279 436 4344 est,
455 4274 478 4329 si
495 4272 575 4329 heres
594 4272 693 4342 soceri,
713 4287 730 4326 ι
747 4287 801 4342 qno
820 4271 871 4328 dos
888 4278 1040 4344 peteretur,
1059 4274 1198 4346 exciperet
1215 4275 1250 4331 de
1268 4275 1331 4333 dolo
1350 4276 1441 4334 mariti
1458 4279 1487 4333 et
1505 4277 1533 4322 ιι

51 4381 245 4453 ιριιιιο)

52 4545 144 4598 ιιιιι
167 4543 215 4596 det
322 4541 334 4576 ²
357 4539 490 4596 aduersus
513 4539 555 4608 ea]
580 4539 714 4595 aduersus
737 4539 838 4596 honam
861 4537 945 4594 fidem
969 4539 1086 4610 postea'l
1191 4541 1203 4577 ⁸
1226 4541 1311 4612 apud]
1333 4541 1488 4598 adiremus?

52 4615 156 4670 ‘edem'
169 4613 280 4668 Graeci:
298 4616 354 4667 tum
373 4611 439 4668 uiuo
456 4627 538 4682 quam
557 4609 687 4667 defuncto
706 4611 752 4666 dat
770 4613 815 4687 (tf.
827 4631 852 4666 u.
864 4610 913 4664 24:
934 4609 1066 4678 Calactae)

50 4769 232 4828 laubetitnta
239 4771 278 4824 ι’
294 4775 299 4834 Ι
314 4769 389 4840 qnod
401 4789 449 4825 om.
460 4771 496 4824 ιι
528 4768 639 4826 hac‘si'
648 4784 697 4840 per
707 4769 744 4823 ι’
797 4769 931 4826 ιιιιιιιιι
955 4783 1005 4826 ιιι
1027 4769 1116 4840 excipi
1134 4774 1238 4841 potest,
1260 4777 1337 4827 ιινιιι
1357 4771 1487 4827 Gaurus:

49 4841 265 4912 dcumlounF'
303 4843 337 4896 10
348 4841 489 4912 praemio
498 4842 536 4895 F²
574 4841 744 4910 restipulari
796 4840 949 4897 ιιτιτίθετιι
975 4839 1035 4894 ursis
1060 4841 1149 4913 riuepi
1168 4841 1216 4904 τιῩ
1234 4841 1317 4904 ιὸιιγ
1334 4841 1486 4913 ramspach

49 4913 87 4968 Ρ
142 4913 179 4970 24
200 4913 409 4983 quamortqu
457 4913 492 4968 25
510 4926 545 4966 ex
563 4911 619 4968 doli
636 4913 744 4968 clausu·
797 4913 825 4967 B
842 4913 951 4979 (Aaron.)
996 4912 1031 4968 35
1049 4913 1253 4983 exceptioneF
1297 4913 1334 4968 43
1350 4910 1487 4983 pos‘i'tFl

47 4981 163 5040 1ἰ“ιι1“’
215 4985 250 5040 27
269 4984 395 5054 excipere
412 4983 567 5054 possumus]
587 4992 662 5056 quum
680 4990 745 5039 erret
796 4983 833 5038 44
850 4997 886 5038 ne
904 5001 952 5038 om.
965 4983 1000 5036 Ρ
