3518 5452
103 319 351 370 aremarensis
805 293 892 376 325
1216 301 1381 371 XXXVIII
1403 305 1420 370 1
1445 311 1560 366 27-37

95 459 238 530 petroni
252 461 408 514 curaturum
427 459 515 528 gratis
534 459 637 514 amieos
655 459 724 514 eius.
751 473 841 529 neque
859 458 930 514 enlm
949 463 1058 530 oportet
1075 465 1234 531 patronum,
1252 465 1285 516 ut
1302 461 1392 532 operis
1410 460 1500 516 liberti
1519 461 1562 517 sui

93 551 230 616 autur,
246 551 293 602 aut
309 547 391 602 ludos
409 561 519 616 semper
536 546 626 602 iaoere
644 553 693 602 aut
710 553 862 616 aegrotare.

45 639 78 701 28
157 635 297 690 Pronus
314 634 384 690 libro
403 636 534 706 singulari
552 635 587 690 de
606 636 665 690 iure
682 639 852 705 patronatus.
884 633 912 691 Si
928 635 1043 692 duonum
1062 637 1216 707 pluriumue
1234 639 1386 694 eommunis
1404 633 1561 722 Q
1580 649 1621 721 ss

91 722 227 780 uberta
242 724 320 779 unius
338 725 448 794 patroni
467 726 478 796 I
496 725 638 779 uoluntate
656 724 789 794 nupserit,
807 723 885 779 alteri
903 728 1019 794 patrono
1036 726 1079 780 ius
1098 741 1241 796 operarum
1259 730 1361 782 manet.
1579 739 1596 786 l.
1609 734 1661 787 160¹

46 817 77 878 29
158 811 329 868 Emmaus
346 811 416 868 libro
434 814 628 883 sexagensimo
646 817 744 881 quarto
763 811 799 866 ad
817 813 945 868 edietum.
974 811 1003 868 Si
1018 829 1162 883 operarum
1179 815 1384 870 iudioioaotum
1403 809 1561 899 Q
1579 821 1607 876 Ε

93 900 212 957 tueris
227 917 285 956 eum
303 900 403 956 liberto
421 907 450 956 et
467 907 599 973 patronus
618 899 775 970 decesserit,
795 901 924 956 conuenit
941 903 1147 958 translationem
1166 901 1260 958 heredi
1272 907 1402 958 extraneo
1415 907 1484 959 nou¹
1498 917 1560 958 esse
1580 916 1593 956 e

94 989 257 1044 dandam:
280 987 336 1045 lilio
355 996 447 1046 autem
466 994 495 1045 et
512 991 536 1046 sl
554 989 633 1044 heres
653 1004 707 1045 nou
726 993 803 1044 extat
825 993 854 1044 et
877 990 901 1045 si
924 989 958 1045 lis
976 995 1130 1046 oontestata
1153 1007 1208 1047 non
1231 989 1335 1062 iuerat,
1360 996 1452 1047 umen
1475 991 1560 1047 omui-

94 1077 210 1134 nodo
227 1079 364 1149 competit,
382 1080 435 1134 nisi
454 1077 637 1134 exheredatus
655 1078 699 1132 sit

53 1171 84 1230 30
160 1165 292 1222 Cursus
308 1167 379 1223 libro
397 1167 560 1222 duodecimo
578 1166 756 1236 digestorum.
791 1164 820 1222 Si
838 1165 952 1222 libertae
969 1167 1009 1222 lta
1026 1167 1158 1222 iurauerit
1175 1166 1241 1222 dare
1259 1182 1298 1238 se,
1317 1173 1384 1238 quot
1416 1180 1560 1237 esaum
1579 1177 1606 1230 Ε

99 1267 225 1324 opes-as
241 1259 373 1326 patronus
391 1255 540 1310 arbitratus
558 1255 608 1324 sit,
632 1269 685 1310 nou
704 1255 783 1310 allier
800 1260 889 1310 ratum
913 1253 971 1310 iore
994 1254 1135 1311 arbitrium
1157 1256 1276 1326 patroni,
1300 1272 1382 1326 quarn
1401 1245 1561 1328 ιῇἷιιίιιῖἶιι
1581 1272 1609 1312 ιι

101 1339 272 1400 arbitratus
289 1344 334 1399 sit.
362 1349 391 1399 et
408 1342 465 1398 iere
484 1359 518 1398 ea
536 1358 614 1398 mens
632 1346 676 1398 est
692 1357 838 1414 personam
857 1343 969 1399 arbitrio
988 1343 1220 1414 substituendum,
1238 1349 1278 1415 ut,
1297 1347 1362 1416 quia
1374 1351 1485 1416 sperent
1497 1363 1561 1402 eum

79 1435 202 1486 anese
219 1431 425 1502 arbitraturum,
444 1431 473 1487 id
491 1430 607 1502 iaeiant,
631 1447 686 1487 uon
704 1432 770 1502 quia
787 1433 831 1488 uel
850 1432 995 1488 immodice
1013 1431 1129 1502 obligari
1146 1433 1241 1489 uelint
1278 1434 1309 1488 ln
1326 1433 1465 1506 libertam,
1490 1449 1560 1506 quae

106 1517 266 1575 uoluntate
283 1521 391 1591 patroni
411 1522 512 1592 nupsit,
531 1519 740 1591 praeteritamm
759 1525 823 1576 ente
841 1521 952 1592 nuptias
969 1537 1113 1592 operarum
1133 1523 1205 1578 aetio
1223 1521 1312 1578 datur.

66 1604 92 1661 31
163 1607 370 1665 Μοιιιιιιιιυι
395 1609 465 1665 libro
491 1611 580 1680 primo
606 1609 770 1678 regularum.
816 1607 912 1678 Operis
939 1625 994 1665 nou
1021 1611 1157 1680 ImpositIs
1183 1611 1377 1682 manumissus,
1404 1607 1561 1695 [Β-ιιᾟ)
1582 1617 1608 1671 Ε

108 1692 232 1753 mamni
249 1713 284 1753 ex
302 1713 354 1753 sua
370 1699 514 1753 uoluntate
533 1699 624 1768 aliquo
641 1703 765 1768 tempore
789 1697 970 1770 praestiterit,
994 1699 1119 1770 compelli
1143 1699 1178 1754 ad
1201 1699 1395 1772 praestandas,
1417 1687 1561 1771 'quas—rnen
1582 1709 1610 1752 ιι

108 1787 257 1856 promisit,
275 1801 330 1841 non
347 1791 449 1856 potest

69 1867 97 1925 il
167 1873 255 1930 Inane
271 1873 341 1931 libro
360 1879 439 1930 sexto
457 1874 663 1946 pandeetarum.
699 1874 727 1929 Is
745 1873 792 1943 qul
811 1873 966 1931 onerandas
984 1873 1117 1932 libertatls
1140 1891 1225 1932 eausa
1241 1877 1386 1948 peouuiem
1405 1871 1561 1960 Q
1580 1883 1607 1938 li

111 1962 240 2027 phono
257 1965 452 2036 repromiserit,
470 1979 525 2020 non
542 1967 665 2018 tenetur:
684 1964 729 2018 uel
747 1967 887 2034 patronus,
907 1964 930 2019 si
947 1966 1093 2036 peouniam
1112 1967 1243 2037 exegerit,
1261 1965 1393 2024 bonorum
1410 1966 1561 2037 possessio

111 2059 184 2104 uem
208 2057 302 2108 eontra
318 2052 428 2108 tabulas
447 2054 506 2108 eius
523 2067 578 2107 non
596 2057 689 2122 potest
705 2057 809 2121 petere.
1583 2067 1611 2108 rs

67 2129 98 2188 33
113 2138 348 2275 ¹¹²laenamque
369 2141 438 2198 libro
463 2143 543 2196 sexto
565 2155 600 2195 ex
619 2139 724 2196 Cassio.
760 2139 867 2212 imponi
890 2155 991 2212 operae
1014 2141 1069 2213 ita,
1093 2146 1125 2198 ut
1147 2141 1207 2214 lpse
1224 2141 1338 2200 libertus
1357 2158 1388 2200 se
1406 2137 1563 2228 Q
1582 2149 1609 2204 Ε

156 2227 263 2295 §non
280 2235 405 2300 possunt
1267 2281 1275 2300 ,

68 2307 99 2366 34
168 2313 351 2375 Possumus
368 2317 438 2375 libro
456 2317 607 2373 uicensimo
626 2316 748 2373 meando
766 2316 803 2372 ud
822 2317 952 2384 Quintum
971 2317 1100 2374 lluoium.
1136 2318 1276 2376 Interdum
1295 2325 1324 2376 et
1341 2321 1388 2377 de·
1406 2315 1564 2406 [[Γιιῖιξ
1581 2327 1609 2382 Ε

113 2397 303 2463 minutionem
326 2413 356 2464 et
378 2409 555 2477 augmentum
579 2409 609 2461 et
631 2407 810 2461 mutationem
835 2405 955 2476 recipere
979 2405 1161 2477 obligationes
1183 2423 1326 2478 operarum
1351 2399 1563 2467 solendum—est

113 2502 187 2548 mm
212 2497 275 2552 dum
296 2497 411 2565 languet
426 2491 555 2564 libertus,
578 2501 693 2565 patrono
712 2509 825 2564 operae,
850 2495 994 2562 quaeram
1012 2495 1110 2551 oedere
1129 2501 1291 2568 eoeperunt,
1315 2503 1440 2568 pereunt.
1472 2499 1521 2555 sed
1540 2500 1564 2555 si

113 2575 235 2656 lituu,
253 2600 325 2656 quae
343 2599 442 2654 operas
460 2583 598 2653 promisit,
617 2583 653 2638 ad
671 2599 732 2638 eam
751 2583 914 2654 dignitatem
932 2587 1089 2656 perueniat,
1107 2591 1139 2642 ut
1156 2586 1351 2643 inoonueniens
1369 2588 1406 2642 sit
1423 2592 1564 2658 praestare
1582 2599 1612 2640 ιι

113 2673 240 2735 limone
257 2689 365 2745 operas,
382 2673 444 2742 ipso
462 2671 522 2727 iure
540 2671 591 2727 hae
609 2671 781 2726 iuteroident.

69 2751 101 2812 st
172 2761 297 2820 Pronus
315 2762 385 2818 libro
404 2761 525 2816 seeundo
544 2760 579 2815 ad
597 2761 686 2830 legem
702 2760 797 2816 lulium
810 2765 839 2815 et
851 2761 973 2831 Pupiam.
1001 2759 1113 2817 Liberta
1125 2762 1210 2818 maior
1243 2771 1396 2832 ‘Pontes
1412 2777 1487 2832 aas,
1500 2777 1564 2832 aas
1581 2767 1610 2824 Ε

116 2845 325 2923 quinquaginta
343 2851 422 2906 annis
440 2863 538 2920 operas
555 2854 696 2918 praestare
713 2851 829 2919 patrono
848 2864 901 2904 non
921 2849 1036 2918 cogitur.

72 2931 104 2990 bb
175 2939 329 2997 Uarianos
350 2937 420 2994 libro
438 2937 584 2993 uudeeimo
603 2937 638 2992 ad
656 2939 746 3006 legem
764 2938 861 2992 Iuliam
880 2941 909 2992 et
925 2938 1048 3008 Papiam.
1084 2937 1179 2994 Labeo
1197 2939 1236 2994 ait
1252 2938 1387 2994 libertatis
1405 2935 1563 3024 [rT-s‘q‘assei
1581 2946 1621 3000 E·

1 3020 3 3023 ’
119 3037 213 3084 eausa
228 3031 387 3086 societatem
407 3028 478 3082 inter
495 3026 622 3081 libertum
641 3031 670 3081 et
686 3028 832 3097 patronum
851 3024 953 3081 saetam
972 3027 1032 3096 ipso
1050 3027 1108 3081 iure
1127 3027 1192 3082 nihil
1211 3029 1303 3083 ualere
1321 3029 1411 3099 palam
1430 3016 1561 3084 esse*
1582 3039 1611 3080 so

3 3119 6 3126 “
77 3110 107 3170 II
178 3118 297 3176 Pronus
321 3116 391 3172 libro
414 3115 535 3186 meando
559 3113 595 3169 nd
618 3115 707 3183 legem
732 3115 827 3170 Iulium
852 3119 880 3169 et
904 3115 1026 3185 Papiam.
1063 3115 1122 3181 'Qui
1146 3115 1288 3172 libertInus
1312 3116 1382 3172 duos
1420 3111 1561 3184 eaesae}
1581 3121 1608 3176 E

124 3200 260 3272 'pluresue
279 3223 296 3262 a
314 3222 344 3261 se
362 3205 490 3276 genitos*
507 3208 623 3258 natasue
641 3203 670 3258 in
688 3219 739 3258 sua
756 3207 894 3278 potestate
913 3203 1025 3259 babebit
1041 3209 1150 3273 praeter
1168 3220 1239 3274 eum,
1258 3205 1306 3276 qui
1324 3210 1410 3262 artem
1420 3195 1562 3262 'ludffir'am

9 3293 16 3324 ³
128 3289 231 3351 'feeerit
251 3297 334 3366 quiue
358 3309 456 3365 operas
480 3309 545 3348 suas
567 3297 600 3347 ut
617 3307 679 3346 oum
698 3291 794 3346 bestiis
811 3297 948 3362 pugnaret
965 3292 1110 3348 looauerit:
1136 3294 1250 3362 nequis
1269 3309 1363 3350 eorum
1381 3309 1480 3366 operas
1498 3297 1563 3352 doni

15 3377 25 3458 ²3·
132 3379 253 3440 'munem
277 3383 386 3439 aliudue
410 3382 555 3452 quiequam
578 3381 712 3436 libertatis
736 3396 821 3437 eausa
845 3387 961 3452 patrono
982 3385 1114 3452 patronae
1131 3381 1259 3436 liberisue
1278 3397 1385 3453 eorum,
1409 3383 1562 3454 dequibus

112 3469 264 3528 timueris
280 3473 325 3528 ael
345 3471 502 3542 promiserit
518 3469 691 3540 obligaturus
709 3470 774 3540 erit,
797 3469 864 3526 dare
881 3467 971 3525 iaoere
989 3473 1130 3548 praestare
1148 3469 1264 3526 debeto'.
1298 3471 1333 3526 iat
1350 3472 1374 3526 si
1392 3487 1447 3527 uon
1465 3471 1562 3528 eodem
1581 3481 1610 3522 ιι

27 3542 49 3626 ἒ,
142 3563 250 3628 tempore
266 3561 320 3617 duo
339 3563 367 3615 in
385 3563 525 3630 potestate
536 3557 663 3613 babuerit
673 3559 719 3613 uel
731 3574 816 3614 unum
829 3559 1040 3628 quinquennem,
1058 3556 1218 3613 liberabitur
1230 3573 1373 3629 operarum
1386 3558 1562 3630 obligatione.

88 3653 136 3700 ιιι
151 3643 235 3704 lmbsi
249 3653 329 3706 antea
345 3647 424 3704 llberi
443 3647 478 3702 ud
497 3661 545 3702 eas
563 3659 671 3717 operas,
690 3662 760 3717 quae
779 3651 877 3718 postes
894 3647 1079 3716 lmpouuntur,
1097 3653 1220 3717 prosunt,
1238 3652 1270 3703 ut
1287 3648 1408 3704 lulianus
1426 3649 1472 3703 ait.
1506 3647 1563 3704 Sed

1 3740 52 3794 k·
153 3737 177 3786 tl
195 3735 215 3791 a
232 3755 280 3795 uno
300 3737 402 3794 amisso
421 3735 525 3806 obliget
542 3749 587 3804 se,
611 3734 711 3789 deiude
729 3737 797 3790 alter
814 3740 956 3805 nascatur,
979 3735 1065 3790 multo
1084 3735 1172 3805 magis
1191 3737 1356 3806 Pomponius
1375 3737 1413 3790 ait
1431 3737 1562 3792 amissum

43 3853 44 3856 ι
135 3819 206 3876 tlaio
218 3825 289 3898 longi,
306 3827 348 3883 nti
366 3825 505 3881 liberetur.
540 3823 613 3878 Nilrll
631 3829 722 3878 autem
741 3824 864 3893 interest,
882 3828 973 3879 utrum
993 3824 1046 3894 ipsi
1063 3823 1207 3894 promittat
1223 3828 1339 3893 patrono
1358 3841 1393 3879 au
1412 3825 1516 3895 eisqui
1534 3825 1563 3880 in

164 3992 211 4050 del:
225 4004 354 4060 solutionis
371 4003 445 4058 enim
464 4002 553 4058 uioem
571 4001 694 4057 eontInet
710 3999 780 4055 haee
798 3999 944 4071 delegatio.
971 4005 1063 4070 potest
1080 4005 1174 4056 tamen
1192 4000 1260 4070 diei,
1280 4001 1303 4056 si
1321 4001 1403 4071 inid,
1422 4001 1497 4071 quod
1514 4017 1562 4072 pa·

273 4094 360 4163 mislt,
381 4092 428 4147 alii
445 4095 543 4162 postea
560 4089 704 4159 delegatus
723 4090 771 4158 sit,
790 4103 873 4159 posse
891 4103 954 4144 eum
973 4087 1081 4144 liberari
1100 4104 1135 4144 ex
1153 4088 1205 4144 hae
1222 4089 1297 4159 lege:
1322 4105 1385 4144 nam
1404 4105 1500 4144 uerum
1519 4094 1563 4145 est

166 4173 246 4233 lehem
260 4197 320 4238 enm
328 4179 558 4251 'expromisisset
576 4179 703 4249 quamuis
714 4183 830 4248 patrono
843 4193 916 4234 nune
933 4193 988 4234 non
1000 4177 1114 4233 debeat:
1133 4176 1207 4246 quod
1226 4177 1250 4232 si
1267 4175 1303 4232 ab
1320 4179 1398 4234 initio
1416 4177 1562 4249 delegante

48 4278 69 4291 ¹·
149 4257 246 4322 lutens
259 4269 371 4325 libertus
388 4267 557 4339 promiserit,
581 4281 636 4322 non
654 4265 763 4322 liberari
782 4282 853 4322 eum.
890 4266 952 4322 Non
970 4266 1058 4322 solum
1076 4263 1243 4335 futurarum,
1262 4266 1312 4322 sed
1331 4267 1413 4322 etiam
1431 4268 1561 4338 praeteri·

96 4341 97 4348 ἵ
150 4337 227 4404 ‘Imm
244 4373 381 4428 operarum
405 4355 532 4412 liberatio
554 4353 594 4411 tit.
630 4355 752 4411 Iulianus
775 4356 858 4410 etiam
879 4356 903 4410 si
921 4356 976 4410 iam
994 4355 1096 4425 petitae
1115 4359 1179 4411 sunt
1197 4369 1310 4426 operae,
1334 4354 1427 4411 liberis
1445 4355 1561 4412 sublatis
1579 4367 1609 4408 ιι

168 4435 327 4526 libamem

170 4559 276 4634 Ἤιδει.
293 4581 430 4644 (Calatiae
448 4582 503 4634 coll.
521 4579 546 4632 l.
559 4585 576 4632 l.
595 4579 655 4632 M:
674 4599 697 4633 ιι.
712 4581 740 4645 l.)
812 4578 824 4614 ¹
842 4595 859 4634 a
877 4593 907 4634 se
925 4579 1044 4650 genibus]
1068 4594 1102 4634 ex
1120 4595 1151 4635 se
1173 4583 1253 4634 notos
1275 4580 1403 4646 (simililer
1423 4577 1561 4634 θιιιαιίιιιι

169 4633 368 4719 ‘tr-eareat
438 4649 649 4720 ιριοιιιιιιιιι
1311 4695 1312 4698 t

77 4844 82 4853 ,
170 4759 316 4862 limatorum
336 4783 372 4836 F¹
426 4742 606 4837 bannense
629 4781 758 4850 dandam]
784 4781 816 4844 oi
869 4785 973 4837 anteum
989 4783 1025 4836 F’
1040 4782 1045 4848 Ι
1061 4779 1330 4866 ut'e'ineonuenieus
1344 4780 1381 4834 Εὖ
1424 4782 1471 4866 ,30
1488 4795 1550 4836 esse

169 4835 255 4908 ”meter
279 4855 294 4908 ἡ
316 4851 403 4920 &puris
432 4853 470 4907 εἷο
496 4845 622 4907 dimissos
650 4851 815 4924 anapestum
869 4854 924 4908 isse
938 4854 975 4906 F·
1019 4855 1053 4908 31
1072 4852 1233 4908 libertinus
1251 4851 1288 4906 F*
1332 4853 1367 4908 33
1385 4859 1485 4922 quiue*
1499 4853 1535 4936 ξ’

170 4899 272 4991 Illae.)
309 4925 680 4994 'leontestata100utestat'
709 4923 815 4994 equor]
869 4924 965 4979 uestiis
979 4925 1006 4978 F
1044 4925 1079 4979 36
1095 4923 1189 4992 unum]
1202 4924 1274 4978 euim
1287 4925 1324 4978 Ρ
1369 4923 1403 4978 37
1422 4923 1454 4978 ab
1467 4937 1551 4977 amrss

169 4983 250 5112 {ml
273 4997 331 5121 F'10
353 4994 579 5123 ιέἔιὶιίιιιιιέἰιιι·ι
636 4995 822 5135 Ξῖηοιρέιιξ
869 4997 948 5068 tepea
967 5001 1058 5066 turpet
1075 4995 1115 5064 ΕΙ
1131 4994 1245 5050 aare*

224 5079 262 5118 ιιι
406 5081 479 5138 quae
515 5081 645 5137 soporas
748 5081 816 5136 igni·

0 3938 70 4293 g
139 3912 264 3974 lpotesqqe
285 3917 344 3970 eius
368 3914 432 3969 sint.
469 3911 524 3968 Sed
545 3913 569 3967 ai
587 3911 716 3967 creditori
735 3927 785 3967 suo
802 3911 931 3968 libertum
950 3915 1082 3982 patronus
1101 3912 1283 3982 delegauerit,
1306 3928 1361 3968 non
1379 3917 1472 3983 potest
1489 3913 1561 3968 idem
1581 3923 1610 3964 so
