4350 5438
287 232 335 278 un
350 229 463 279 nanus
479 232 523 278 nn
538 231 738 279 nxranonu.
755 231 857 280 coen.
960 206 1047 287 929
1426 212 1453 278 L
1477 215 1518 280 12
1542 219 1574 274 14
1593 248 1626 259 —
1648 213 1724 279 131

287 385 319 424 se
337 370 449 424 ciuitate
468 370 559 439 aliqua
577 370 733 439 promiserit
750 375 834 440 atque
852 368 1023 438 inchoauerit
1046 373 1075 424 et
1097 369 1256 439 priusquam
1280 368 1435 440 perficeret,
1461 369 1622 425 decesserit:
1645 369 1725 425 heres

287 458 346 512 eins
365 465 513 513 extranens
531 458 642 526 quidem
662 473 775 514 neccsse
793 457 878 514 babet
896 463 944 513 aut
961 456 1092 528 perticere
1115 457 1144 512 id
1167 463 1216 512 aut
1238 463 1344 528 partem
1368 459 1491 528 quintam
1509 459 1665 530 patrimonii
1683 475 1725 513 re-

286 546 344 600 licti
362 546 413 602 sibi
433 546 467 602 ab
487 562 534 613 eo,
553 547 645 617 quiid
664 562 734 618 opus
753 546 844 602 facere
862 547 1034 614 instituerat,
1054 548 1077 601 si
1095 547 1135 601 ita
1153 546 1259 616 mallet,
1279 547 1393 618 ciuitati,
1411 548 1439 602 in
1458 562 1513 616 qua
1531 547 1559 603 id
1577 563 1647 618 opus
1666 545 1725 602 lieri

287 641 415 704 coeptum
434 642 485 704 est,
504 635 584 690 dare:
603 637 627 690 is
646 642 746 705 autern,
765 637 812 706 qui
832 653 866 690 ex
885 651 999 690 numero
1014 635 1024 705 ll
1038 635 1184 691 liberorum
1198 641 1250 704 est,
1269 637 1291 690 si
1311 633 1390 690 heres
1409 637 1521 706 exstitit,
1539 652 1594 692 non
1613 637 1724 707 orrintae
1742 645 1815 694 ιιιι

286 725 382 793 partis,
401 725 451 780 sed
470 724 594 779 decimae
612 724 805 779 concedendae
825 725 990 779 necessitate
1009 723 1143 778 adficitur.
1172 723 1286 778 ethaeo
1305 723 1386 780 dinus
1398 725 1555 780 Antoninus
1574 725 1724 781 constitnit.
1745 740 1757 778 s

227 813 268 872 15
340 811 491 868 Unrrnrsus
509 813 578 868 libro
597 813 728 882 singulari
747 812 782 868 de
801 811 892 869 officio
911 814 1045 868 curatoris
1057 814 1097 868 rei
1109 810 1245 883 publicae.
1276 813 1350 868 Inter
1362 813 1462 870 liberos
1475 819 1602 886 nepotem
1616 829 1725 885 qnoque
1744 811 1780 866 'S

287 915 323 955 ex
340 899 396 956 filia
414 902 548 957 contineri
566 901 648 958 diuus
667 902 732 958 Pius
751 903 901 972 rescripsit.
1177 885 1187 896 ⁶

958 1100 1056 1182 Xlll.

286 1235 323 1311 at
363 1233 427 1310 DE
461 1238 623 1312 UARHS
647 1241 715 1312 ΕΤ
737 1233 1170 1312 EXTRAORDINARIIS
1200 1233 1563 1312 COGNITIONIBUS
1590 1234 1653 1311 ET
1683 1235 1725 1312 SI
1760 1256 1810 1311 sa

506 1360 651 1436 IUDEX
677 1360 823 1436 LITEM
850 1359 978 1438 SUAM
1009 1357 1200 1436 FECISSE
1228 1358 1436 1436 DICETUR
1475 1360 1513 1437 dt
1744 1387 1773 1426 ιο

248 1525 266 1582 1
341 1523 491 1580 uterinus
517 1525 587 1579 libro
611 1531 710 1580 octauo
734 1524 768 1579 de
792 1523 919 1580 omnibus
946 1522 1138 1578 tribunalibus.
1181 1523 1298 1578 Praeees
1323 1524 1482 1593 prouinciae
1510 1523 1545 1578 de
1569 1517 1726 1606 [Q
1759 1531 1780 1586 s

288 1613 459 1668 mercedibus
483 1615 526 1669 ius
550 1615 641 1668 dicere
665 1615 749 1682 solet,
777 1613 826 1668 sed
855 1611 1079 1682 praeceptoribus
1103 1616 1210 1666 tantum
1235 1612 1387 1666 studiorum
1410 1612 1572 1667 liberalium.
1604 1613 1727 1667 liberalia

287 1707 379 1756 antem
399 1703 491 1756 studia
510 1703 674 1772 accipimus,
698 1717 770 1772 quae
788 1701 886 1756 Graeci
909 1699 1043 1770 ὲιεγθὲριε
1067 1701 1221 1768 appellant:
1242 1700 1367 1778 ¹rhetores
1386 1700 1612 1770 continebuntur,
1636 1707 1726 1770 'gram

253 1791 393 1860 nmatiei,
416 1796 583 1860 geometrae.
625 1791 792 1846 Medicorum
816 1805 926 1860 quoque
950 1787 1048 1843 eadem
1077 1804 1162 1844 causa
1185 1795 1228 1844 εει
1251 1806 1323 1860 qrrae
1346 1791 1545 1864 professorum,
1574 1790 1627 1845 nisi
1651 1791 1726 1860 qnod

286 1879 397 1949 iustior,
421 1896 482 1934 oum
502 1881 530 1935 bi
548 1881 645 1936 salutis
663 1880 818 1950 hominum,
841 1879 880 1934 illi
904 1878 1056 1932 studiorum
1080 1893 1173 1932 euram
1198 1875 1295 1947 agant:
1320 1886 1348 1934 et
1371 1881 1433 1935 ideo
1458 1879 1500 1934 his
1518 1894 1628 1950 qnoque
1647 1885 1726 1935 extra
1745 1891 1773 1932 rs

252 1979 269 2024 a
287 1967 409 2022 ordinem
429 1969 471 2023 ius
490 1969 543 2023 diei
562 1968 653 2024 debet.
690 1967 745 2024 Sed
764 1975 793 2022 et
811 1967 987 2023 obstetricem
1006 1965 1134 2036 audiant,
1153 1981 1224 2035 quse
1242 1969 1338 2037 utique
1357 1969 1520 2023 medicinam
1539 1968 1668 2024 exhibere
1687 1969 1726 2023 ui·

253 2055 375 2112 edetur.
414 2057 534 2112 lledicos
558 2056 684 2112 fortassis
707 2058 768 2126 quis
792 2057 910 2126 accipiet
933 2055 1016 2110 etiam
1040 2069 1102 2124 eos,
1126 2055 1174 2124 qui
1197 2055 1313 2110 alicuius
1336 2059 1422 2126 partis
1445 2058 1567 2127 corporis
1590 2057 1634 2113 uel
1658 2057 1727 2112 certi

287 2143 388 2200 doloris
407 2147 552 2201 sanitatem
572 2145 749 2215 pollicentur:
774 2151 805 2201 nt
823 2151 891 2216 puta
909 2145 932 2199 si
951 2143 1144 2214 auricularius,
1168 2144 1192 2198 si
1210 2142 1319 2199 fistulae
1338 2146 1382 2200 uel
1400 2145 1532 2200 dentium.
1560 2161 1615 2202 non
1634 2151 1726 2201 tamen

287 2234 311 2288 sl
329 2235 488 2304 incantauit,
507 2236 530 2290 si
549 2235 705 2305 inprecatus
724 2240 774 2304 est,
793 2234 824 2304 si,
843 2239 874 2289 nt
892 2235 1000 2303 uulgari
1019 2233 1104 2288 uerbo
1123 2233 1302 2302 impostorum
1321 2237 1392 2302 utar,
1412 2235 1451 2288 εἰι
1471 2235 1652 2290 exorcizabit:
1671 2251 1726 2290 non

287 2328 353 2377 srrnt
370 2323 424 2378 ista
442 2323 594 2378 medicinae
612 2339 729 2392 genera,
753 2324 863 2377 tametsi
883 2324 951 2392 sint,
974 2323 1020 2392 qrri
1043 2322 1093 2376 hos
1117 2321 1169 2376 sibi
1188 2320 1324 2391 profuisse
1342 2338 1404 2378 cum
1423 2323 1627 2394 praedicatione
1646 2321 1726 2377 adfir·
1745 2335 1774 2374 ao

252 2422 267 2468 ι
287 2415 371 2467 ment.
408 2411 452 2466 An
471 2417 500 2466 et
516 2411 671 2482 philosophi
689 2409 874 2482 professorum
894 2425 1007 2466 numero
1027 2409 1101 2465 sint?
1124 2415 1153 2465 et
1170 2426 1225 2465 non
1243 2415 1347 2482 putem,
1369 2427 1424 2466 non
1443 2413 1508 2482 quia
1525 2427 1580 2467 non
1597 2413 1727 2482 religiosa

253 2511 268 2558 ι
288 2515 332 2556 res
350 2507 405 2570 cst,
429 2501 477 2556 sed
497 2501 632 2570 quiahoc
650 2501 765 2569 primurn
784 2499 907 2568 profiteri
925 2515 974 2555 eos
992 2503 1102 2569 oportet
1120 2501 1334 2555 mercennariam
1353 2515 1465 2571 operam
1485 2515 1624 2570 spernere.
1660 2502 1726 2556 Pro-

287 2589 351 2645 inde
369 2605 404 2644 ne
423 2591 489 2644 iuris
507 2590 617 2660 quidem
635 2589 724 2644 ciuilis
747 2587 948 2657 professoribus
973 2589 1016 2644 ius
1040 2589 1146 2644 dicent:
1170 2594 1212 2644 est
1235 2589 1346 2658 quidem
1371 2605 1415 2644 res
1440 2590 1615 2644 sanctissima
1638 2589 1727 2644 ciuilis

287 2679 432 2748 sapientia,
452 2679 501 2733 sed
519 2693 590 2748 quae
609 2679 696 2748 pretio
715 2679 868 2734 nummario
886 2693 941 2734 non
959 2680 996 2734 sit
1014 2677 1185 2734 aestimanda
1203 2693 1254 2733 nee
1272 2678 1488 2749 dehonestanda,
1507 2678 1572 2733 dum
1585 2679 1613 2733 in
1625 2677 1726 2732 iudicio

287 2767 374 2823 lronor
392 2769 507 2838 petitur,
532 2767 580 2836 qni
603 2768 631 2821 in
655 2767 781 2836 ingressu
805 2768 972 2822 sacramenti
993 2767 1084 2824 offerri
1106 2766 1210 2822 debuit.
1237 2768 1373 2837 quaedam
1393 2769 1464 2823 enim
1483 2768 1593 2822 tametsi
1612 2766 1774 2821 honestare

252 2865 268 2911 6
288 2858 470 2927 accipiantur,
493 2855 637 2911 inhoneste
659 2861 752 2910 tamen
776 2861 916 2926 petuntur.
958 2857 1029 2911 Lndi
1053 2871 1161 2925 qnoque
1186 2857 1310 2911 litterarii
1334 2857 1492 2927 magistris²
1512 2857 1577 2910 licet
1601 2871 1656 2910 non
1674 2851 1725 2939 [ss]

288 2947 343 3001 rint
360 2944 543 3014 professores,
566 2951 658 2999 tamen
678 2949 839 3014 usurpatum
859 2951 910 3016 est,
930 2950 961 3000 nt
979 2945 1021 2999 his
1040 2959 1149 3016 qnoque
1168 2945 1210 3000 ius
1229 2945 1349 3001 dicatur:
1374 2946 1428 3000 iam
1452 2950 1481 3001 et
1497 2944 1614 3000 librariis
1633 2949 1661 2999 et
1679 2961 1726 2999 no·

253 3035 365 3089 trariis
388 3039 417 3088 et
439 3033 649 3089 calculatoribus
668 3033 728 3088 siue
746 3033 897 3089 tabulariis.
934 3033 990 3088 Sed
1013 3037 1165 3088 ceterarum
1189 3035 1288 3089 artium
1314 3032 1459 3104 opificibus
1482 3034 1542 3088 siue
1567 3031 1726 3103 artificibus,

287 3139 358 3194 quae
377 3128 442 3178 sunt
459 3127 538 3177 entra
555 3123 661 3177 litteras
680 3123 723 3176 uel
743 3127 822 3178 notas
841 3124 961 3192 positae,
987 3137 1160 3192 nequaqnam
1184 3129 1263 3178 extra
1286 3122 1408 3177 ordinem
1431 3123 1476 3177 ius
1499 3122 1591 3177 dicere
1613 3137 1726 3191 praeses

253 3222 268 3267 8
288 3211 408 3267 debebit.
445 3210 500 3265 Sed
519 3211 588 3265 etsi
607 3211 722 3265 comites
741 3212 869 3266 salarium
889 3213 993 3281 petant,
1012 3211 1086 3265 idem
1104 3211 1171 3265 iuris
1189 3217 1246 3278 εει,
1266 3211 1340 3280 quod
1359 3212 1388 3266 in
1406 3209 1607 3280 professoribus
1625 3211 1725 3279 placet.
1744 3221 1774 3262 eo

253 3310 268 3355 9
288 3301 343 3356 Sed
361 3305 390 3355 et
408 3300 542 3354 aduersus
561 3299 636 3369 ipsos
654 3315 749 3354 omnes
769 3315 935 3369 cognoscere
953 3313 1066 3368 praeses
1085 3297 1176 3368 debet,
1195 3300 1260 3369 quia
1271 3306 1303 3354 ut
1315 3299 1449 3354 aduersus
1462 3299 1612 3355 aduocatos
1625 3298 1726 3354 adean-

237 3399 269 3446 10
288 3395 340 3459 tnr,
354 3391 411 3445 diui
423 3388 522 3446 fratres
534 3390 742 3458 rescripserunt.
773 3389 804 3443 In
816 3387 968 3444 honorariis
981 3387 1176 3442 aduocatorum
1195 3388 1235 3442 ita
1246 3388 1351 3444 uersari
1363 3387 1446 3443 iudex
1458 3387 1549 3456 debet,
1568 3383 1727 3470 [91ιῖέῖῄῇ

287 3483 319 3535 nt
336 3495 386 3550 pro
405 3479 486 3534 modo
508 3479 564 3534 litis
586 3493 692 3548 proque
714 3475 843 3532 aduocati
867 3475 997 3531 facundia
1019 3481 1047 3530 et
1071 3474 1122 3532 fori
1141 3477 1340 3531 consuetudine
1360 3483 1388 3531 et
1404 3477 1511 3546 iudicii,
1536 3477 1563 3531 in
1588 3493 1642 3546 qno
1667 3483 1727 3532 erat

287 3575 408 3636 acturus,
427 3568 646 3623 aestimationem
665 3565 804 3634 adhibeat,
823 3565 972 3620 dnmmodo
995 3565 1099 3620 licitum
1124 3563 1296 3620 honorarium
1321 3565 1461 3635 quantitas
1480 3569 1535 3620 non
1554 3565 1725 3634 egrediatur:

286 3659 326 3712 ita
343 3658 415 3712 enim
435 3656 568 3725 rescripto
586 3655 757 3724 imperatoris
780 3654 866 3709 nostri
890 3659 918 3708 et
943 3655 1028 3724 patris
1053 3656 1113 3709 eins
1131 3655 1296 3708 continetur.
1325 3652 1410 3708 uerba
1429 3639 1554 3723 rescripti
1572 3655 1612 3708 ita
1630 3671 1660 3708 se
1679 3653 1725 3708 ba·
1744 3665 1773 3706 aa

286 3746 366 3802 bent:
385 3745 422 3800 ‘Si
446 3745 531 3799 lulius
555 3745 709 3812 Maternus,
733 3758 815 3812 quem
839 3749 984 3812 patronum
1008 3758 1109 3798 causae
1134 3748 1199 3798 tuae
1223 3757 1285 3798 esse
1310 3743 1435 3810 uoluisti,
1460 3739 1544 3796 fidem
1568 3749 1725 3812 susceptam
1816 3811 1819 3816 Ι

286 3833 422 3890 ‘exhibere
440 3839 554 3903 paratus
573 3839 623 3901 est,
643 3848 703 3886 eam
723 3831 870 3886 dumtaxat
887 3833 1040 3900 pecuniam,
1059 3846 1130 3902 quae
1150 3830 1261 3885 modum
1280 3831 1434 3899 legitimum
1454 3845 1567 3899 egressa
1579 3834 1630 3900 est,
1649 3846 1725 3901 repe·

236 3935 266 3980 11
287 3925 351 3978 'tere
370 3922 472 3978 debes’.
503 3923 664 3977 Aduocatos
682 3921 808 3990 accipere
827 3919 959 3975 debemus
978 3935 1074 3976 omncs
1093 3919 1212 3989 omnino,
1231 3919 1279 3988 qni
1297 3920 1387 3974 causis
1406 3919 1522 3988 agendis
1540 3935 1650 3990 quoquo
1668 3925 1726 3974 stn-

286 4013 333 4068 dio
356 4017 517 4082 operantur:
541 4015 710 4066 nontamen
736 4011 782 4080 qui
807 4025 857 4080 pro
877 4013 1010 4078 tractatu,
1034 4024 1089 4063 non
1113 4005 1233 4062 adfuturi
1258 4007 1363 4077 causis,
1388 4007 1512 4078 accipere
1537 4008 1602 4078 quid
1627 4009 1725 4078 solent,

237 4113 267 4159 ιε
286 4101 484 4158 aduocatorum
504 4115 618 4156 numero
636 4104 724 4154 erunt.
755 4097 784 4153 Si
803 4099 848 4153 cui
867 4103 977 4153 cantum
997 4103 1040 4152 est
1057 4097 1231 4152 honorarium
1252 4097 1295 4151 nel
1315 4097 1338 4150 si
1357 4096 1418 4166 quis
1438 4095 1472 4150 de
1491 4096 1537 4151 lite
1556 4101 1654 4166 pactus
1673 4099 1725 4168 est,
1744 4108 1773 4149 co

286 4191 445 4258 uideamus,
470 4206 506 4244 arr
524 4195 617 4258 petere
636 4188 732 4258 possit.
761 4191 789 4241 ct
807 4187 915 4257 quidem
936 4187 970 4241 de
988 4187 1077 4256 pactis
1095 4187 1135 4240 ita
1153 4191 1196 4240 est
1214 4185 1376 4254 rescriptum
1395 4183 1431 4240 ab
1449 4185 1613 4254 imperatore
1631 4191 1725 4241 nostm

286 4286 315 4334 et
333 4279 398 4334 dinc
416 4282 495 4348 petre
514 4279 588 4333 eins:
607 4277 684 4332 'Litis
698 4261 783 4331 causa
796 4277 867 4332 malo
884 4291 959 4331 more
974 4276 1119 4346 pecuniam
1134 4274 1185 4329 tibi
1200 4275 1363 4344 promissam
1377 4275 1436 4344 ipse
1451 4289 1560 4342 qnoque
1578 4273 1723 4342 profiteris.

284 4375 478 4443 ultimos)

285 4503 295 4536 ¹
315 4499 340 4554 si
358 4501 404 4554 del.
422 4499 505 4566 (Hal.)
576 4499 588 4534 ²
606 4497 750 4568 magistri?

286 4629 511 4686 ldiscesseritF
550 4629 868 4684 3instiluerat'al’eiF⁵
909 4628 976 4697 bet}
1031 4625 1167 4682 fessorum
1181 4627 1218 4680 F*
1272 4629 1307 4682 25
1326 4625 1416 4681 efferri
1429 4627 1478 4681 F¹r
1497 4624 1525 4681 'es
1540 4625 1604 4697 ἆρχε]
1618 4624 1724 4688 adroic

285 4701 371 4756 adF¹
421 4701 539 4755 suariis
558 4701 594 4768 etl
615 4702 666 4754 ind.
681 4703 742 4754 Fet
756 4709 793 4755 sic
811 4701 909 4766 Bfind.
923 4701 978 4754 cod.
1031 4698 1140 4760 urceolo
1159 4697 1247 4759 εῩτώκ
1262 4697 1464 4768 ιεῖπερὲχεεθει
1479 4698 1505 4750 Β
1558 4700 1591 4752 al
1610 4697 1724 4752 lib'e'ru-

285 4775 372 4827 Puris.
386 4771 454 4826 1357
464 4781 488 4826 et
502 4771 613 4842 Timaei:
629 4772 684 4842 περὶ
698 4771 834 4841 ιιεφόρωκ
849 4771 886 4824 κεί
901 4769 978 4824 taric
1031 4769 1078 4824 riis
1097 4770 1134 4821 F'
1182 4771 1214 4824 31
1235 4775 1264 4824 ei
1282 4789 1329 4822 om.
1343 4770 1379 4822 F²
1428 4769 1462 4824 37
1476 4783 1588 4838 egressa
1603 4767 1724 4823 est'eam

284 4843 386 4897 rizemr
397 4843 567 4906 araradcema
577 4843 643 4912 (περὶ
657 4843 825 4907 scarabaeos
839 4843 891 4895 aad.
903 4843 977 4896 Cois·
1031 4841 1176 4896 dumtaxat
1194 4841 1337 4909 pecuniam
1357 4855 1427 4910 quae
1440 4839 1552 4895 modum
1564 4837 1725 4909 legitimum*

284 4915 349 4981 lira),
368 4933 415 4966 om.
430 4914 456 4966 F
488 4911 715 4968 lltribunalibus
729 4933 775 4968 om.
786 4913 824 4966 1Π
862 4915 895 4966 12
909 4925 977 4966 mer·
1031 4917 1155 4982 repetere
1174 4913 1212 4965 F’
1265 4911 1523 4981 captonnacum

284 4983 507 5042 ced‘ereius'ibns
526 4983 561 5038 F‘
633 4985 667 5039 21
686 4981 900 5054 pbilosop'h'i'at'
915 4998 976 5054 pro·
1471 5013 1484 5031 .
