4216 5424
1128 213 1189 274 1111

446 357 550 415 scholia
567 358 758 428 Besilieorum,
782 361 812 414 et
829 356 1004 430 Anonymus,
1028 359 1106 414 culus
1128 359 1282 414 mersionem
1305 355 1387 414 hodle
1409 358 1526 429 legImus
1547 357 1608 415 tere
1624 373 1676 430 pro
1693 371 1788 414 sorum
1802 362 1874 418 textu

446 452 565 518 recepto.
593 463 660 504 sane
677 451 758 503 caute
782 446 953 504 adhibendae
977 452 1043 504 sunt
1064 447 1208 518 utriusque
1231 447 1339 517 generis
1361 448 1616 518 interpretationes,
1640 447 1745 519 qqupe
1768 463 1874 518 qnmnn

446 542 573 592 auctores
595 535 677 592 modo
700 537 828 592 omittant
849 536 985 607 quaem
1008 535 1090 592 modo
1113 535 1149 590 de
1167 551 1218 592 suo
1241 535 1346 591 addant
1366 536 1449 592 modo
1471 537 1576 592 trndIts
1599 537 1759 592 emendent:
1782 537 1876 608 quique

446 639 495 680 eas
512 623 660 696 adhibebit,
678 625 731 680 nisi
749 630 832 680 antea
849 630 879 680 et
895 625 1051 681 uniuersam
1070 639 1165 680 earnm
1182 624 1301 680 indolem
1319 625 1496 694 perdididerit
1513 630 1543 681 et
1559 625 1708 695 diligenter
1723 627 1879 683 examinarit

446 714 475 770 in
493 715 607 784 singulis
624 715 711 770 titulis
729 729 864 784 quaenam
877 713 1043 770 Graecorum
1061 715 1239 784 interpretum
1253 713 1376 770 condicio
1388 713 1425 769 sit
1438 715 1539 782 (uniat
1550 715 1623 770 enirn
1634 714 1788 770 secundum
1800 713 1879 771 libros

446 803 633 872 Basilicorum,
652 818 714 858 cum
733 801 896 859 scholiorum
914 803 984 859 ratio
1002 803 1112 858 minime
1130 801 1281 874 aequabilis
1298 803 1354 873 eit),
1372 817 1408 858 ne
1425 803 1563 873 inuideat,
1582 817 1618 860 ne
1629 802 1798 860 (tremorum
1810 819 1879 860 com-

447 892 546 946 mentis
564 892 663 946 Latina
681 895 838 962 corrumpet
855 891 944 962 magle
963 908 1046 962 quam
1063 892 1190 962 corrigat.
1218 890 1345 961 equidem
1368 896 1475 948 tantum
1495 891 1591 948 absum
1610 896 1642 947 ut
1658 906 1718 948 rom
1735 890 1880 964 pmteebse

446 995 490 1035 me
509 981 672 1036 contendam
697 995 784 1050 eaque
802 979 894 1035 omnia
910 995 946 1035 ex
963 978 1069 1035 Graeco
1091 995 1205 1050 corpore
1228 980 1295 1035 iuris
1317 981 1457 1052 attulisse,
1479 995 1551 1051 quae
1571 971 1636 1036 inde
1657 980 1694 1036 ad
1714 980 1880 1050 digestom

446 1068 529 1123 crIsIn
552 1068 630 1122 utilia
653 1069 744 1125 afferri
766 1073 895 1139 posenni,
922 1073 954 1122 ut
975 1067 1044 1124 haec
1066 1070 1176 1124 omnino
1200 1068 1328 1124 editionis
1351 1069 1461 1125 criticae
1486 1070 1560 1126 notis
1583 1067 1779 1140 comprehendi
1800 1084 1880 1139 posse

445 1171 557 1226 negem:
585 1157 667 1214 immo
694 1159 741 1228 qui
764 1171 830 1214 uere
855 1155 1008 1212 elaborabit
1032 1157 1062 1212 in
1085 1157 1201 1228 digestis
1224 1157 1424 1228 emaculandis,
1451 1158 1477 1214 ei
1503 1173 1612 1229 semper
1638 1157 1810 1214 redeundum
1831 1159 1906 1213 ortt

446 1245 482 1300 ad
504 1245 578 1316 ipsos
601 1245 730 1302 Graecos.
764 1246 814 1302 sed
835 1249 929 1301 tamen
951 1261 1006 1300 non
1028 1249 1095 1316 puto
1118 1245 1170 1302 hoe
1192 1246 1303 1302 nomine
1326 1261 1371 1302 me
1391 1245 1458 1302 nihil
1480 1247 1581 1316 egisse.
1608 1263 1672 1303 narn
1693 1247 1813 1318 primum
1836 1261 1880 1302 cn-

445 1334 519 1403 rauI,
545 1337 577 1389 nt
599 1335 646 1390 ubi
669 1351 752 1392 uerae
775 1334 954 1390 auctoritates
973 1333 1044 1390 inter
1067 1349 1097 1390 se
1122 1334 1270 1404 dissident,
1298 1335 1417 1391 maxime
1438 1335 1486 1392 uhi
1508 1335 1668 1393 Florentino
1688 1351 1788 1391 manns
1811 1336 1881 1405 prior

446 1424 634 1494 posteriorque
652 1425 680 1480 in
698 1423 809 1480 diuersa
823 1422 933 1493 abeunt,
952 1437 1013 1480 can:
1027 1423 1103 1478 litem
1116 1424 1139 1478 si
1151 1421 1210 1479 fieri
1221 1427 1315 1494 potest
1324 1421 1430 1480 dolrem
1443 1425 1526 1482 allato
1538 1423 1705 1482 Gmeeorum
1717 1424 1879 1480 testimonla

446 1528 501 1568 non
519 1513 591 1567 idem
609 1510 663 1568 leci
681 1511 728 1568 nbi
746 1511 880 1568 dissident
897 1513 969 1567 inter
987 1527 1017 1568 se
1035 1511 1144 1568 codices
1160 1512 1348 1568 Bononienses
1366 1517 1394 1567 et
1405 1513 1563 1583 Florentini,
1584 1529 1647 1569 enm
1665 1514 1774 1570 diorum
1791 1517 1879 1568 ando

445 1601 513 1656 ritas
531 1607 587 1656 mm
607 1602 708 1672 exigna
726 1602 763 1658 sit
779 1601 825 1658 uel
842 1601 934 1672 potius
951 1601 1034 1670 nulla,
1053 1606 1085 1656 ut
1101 1601 1149 1671 qui
1161 1599 1345 1656 Florentinsm
1358 1616 1411 1672 ope
1423 1601 1591 1658 Graecorum
1602 1607 1736 1658 tueantur
1752 1601 1879 1658 addemus
1930 1601 1932 1604 ’

445 1688 609 1746 Accursium
627 1691 673 1746 net
691 1689 761 1746 adeo
779 1689 979 1763 neandrum,
1002 1690 1021 1744 li
1040 1688 1107 1744 mihi
1128 1688 1246 1768 probare
1264 1690 1410 1747 uideantur
1426 1691 1540 1748 meridie
1557 1692 1642 1747 solem
1660 1692 1768 1748 lucere:
1791 1695 1880 1748 conta

446 1779 534 1834 sicubi
557 1779 672 1834 secundi
695 1779 797 1834 ordinis
819 1777 880 1834 libri
901 1785 1010 1850 praeter
1031 1777 1258 1834 eonsuetudIncm
1282 1793 1377 1835 uerum
1395 1780 1525 1837 uidentur
1541 1795 1669 1836 serenes
1686 1780 1772 1850 idque
1789 1778 1879 1836 confir·

447 1875 538 1924 matur
556 1883 574 1924 a
592 1868 714 1938 Graecis,
733 1867 867 1923 eiusmodi
885 1881 1049 1924 consemnm
1072 1873 1104 1923 nt
1126 1883 1176 1938 par
1194 1873 1254 1923 erat
1271 1868 1415 1938 diligenter
1432 1869 1571 1926 adnotant.
1596 1875 1744 1940 praeterea
1759 1868 1807 1926 nbi
1823 1870 1879 1926 ilo

447 1957 583 2012 sentinam
600 1958 746 2014 lectionem
764 1961 813 2012 ant
830 1961 940 2013 constat
957 1963 1006 2012 eut
1023 1962 1098 2013 oenc
1116 1957 1251 2027 suspicari
1267 1958 1333 2013 licet
1353 1957 1428 2014 hiare
1450 1960 1495 2014 uel
1514 1963 1670 2030 oonuptam
1691 1973 1768 2027 esse,
1790 1959 1879 2028 siqus

446 2047 554 2116 repperi
572 2045 646 2116 apud
658 2045 780 2102 Graecos
798 2045 833 2100 ad
851 2045 984 2101 eiusmodi
1002 2047 1123 2102 locorum
1142 2045 1225 2102 ensis:
1242 2047 1414 2118 pertinentia,
1433 2048 1493 2103 siue
1510 2047 1641 2102 meditem
1658 2047 1805 2102 lectionem
1822 2062 1879 2102 eon

447 2133 594 2190 firmabant
612 2149 647 2190 es
664 2135 723 2190 siue
741 2133 805 2190 lnde
822 2134 950 2190 recedere
973 2133 1151 2205 uidebantur,
1175 2135 1268 2191 omnia
1289 2135 1438 2206 sdseripst,
1460 2137 1565 2192 ratiom
1588 2131 1684 2191 habita
1704 2136 1789 2190 etiam
1805 2135 1879 2191 inter

447 2225 633 2294 pretationem
652 2223 837 2280 diuersarum:
861 2239 925 2278 nam
947 2223 995 2280 nbi
1017 2223 1088 2280 duas
1109 2225 1155 2280 nel
1177 2229 1235 2280 tres
1257 2223 1381 2280 eiusdem
1398 2225 1451 2282 loci
1468 2226 1609 2282 ncmlonm
1627 2224 1751 2281 Graecas
1768 2226 1839 2282 inter
1853 2240 1880 2280 se

447 2311 571 2369 conterre
588 2314 661 2383 licet,
679 2312 708 2368 id
726 2312 801 2383 qnod
817 2309 878 2368 tisri
894 2317 988 2384 potest
1005 2327 1059 2368 non
1078 2327 1148 2384 raro,
1166 2325 1248 2370 nemo
1265 2327 1321 2370 non
1332 2313 1473 2384 intelleget
1483 2318 1617 2384 quantum
1634 2313 1700 2370 inde
1712 2314 1793 2370 crisis
1803 2315 1879 2370 etism

447 2401 607 2458 Latinorum
625 2399 758 2472 proficiat.
778 2433 809 2444 -
830 2401 863 2457 In
879 2401 1015 2471 Basilieis,
1033 2415 1105 2472 qnae
1122 2402 1217 2457 nomui
1235 2402 1326 2458 littera
1337 2403 1365 2458 B
1382 2402 1489 2459 adiecto
1506 2407 1652 2474 praeterea
1667 2404 1830 2474 plerumque
1845 2403 1879 2460 in

447 2491 575 2561 terpretis
599 2491 723 2560 nemius,
747 2489 904 2548 adhibuisse
928 2505 972 2548 me
989 2489 1138 2547 editionem
1157 2489 1399 2548 Heimbachianam
1418 2507 1480 2548 curn
1499 2493 1692 2562 supplemento
1709 2492 1787 2562 qnod
1803 2491 1880 2548 edidit

447 2580 596 2636 zacheriae
613 2583 827 2636 consentanedm
846 2584 902 2636 est:
925 2577 1038 2636 adhibui
1055 2583 1199 2650 praeterea
1216 2581 1362 2650 Epitomen
1383 2581 1449 2638 luris
1467 2581 1570 2637 editsm
1587 2595 1624 2637 ex
1640 2586 1723 2651 perte
1739 2581 1841 2636 meiere
1856 2581 1879 2636 in

447 2665 571 2725 eiusdem
589 2669 656 2726 iuris
675 2668 920 2726 Graeco-Romani
937 2668 1076 2724 uolumine
1094 2668 1216 2726 secundo
1233 2670 1354 2740 (Lipsiae
1373 2672 1442 2728 1856
1458 2687 1486 2742 p.
1499 2671 1553 2728 too
1565 2672 1618 2740 su.)
1637 2675 1667 2726 et
1684 2673 1834 2724 metatum
1848 2669 1880 2724 de

446 2758 617 2830 temporibus
640 2759 699 2814 siue
722 2755 770 2812 ric
789 2755 872 2828 peric
895 2755 999 2812 editum
1023 2755 1059 2812 ab
1077 2757 1173 2812 eodem
1193 2757 1403 2828 (Heidelbergae
1421 2759 1515 2829 1836),
1538 2759 1605 2814 lteet
1626 2773 1662 2814 ex
1679 2763 1780 2814 mentm
1797 2757 1879 2814 hbcllo

448 2850 564 2904 multum
582 2845 758 2919 profecerim:
783 2845 819 2902 ab
840 2845 952 2916 reliquis
969 2849 1062 2902 sutem
1079 2847 1208 2918 Byzantii
1229 2847 1296 2902 imis
1318 2845 1476 2904 auctoribus
1496 2861 1531 2903 eo
1549 2847 1638 2918 magis
1655 2846 1793 2917 ommni,
1814 2846 1880 2918 qnod

450 2951 560 2992 non-ex
578 2937 645 2992 iuris
663 2935 806 2992 lustInlani
823 2932 899 2990 libris
916 2933 1046 3005 pendent,
1064 2933 1114 2990 sed
1131 2949 1167 2990 ex
1184 2935 1253 3006 lpsls
1269 2935 1403 2992 Basiltcls.

502 3023 550 3082 1v.
577 3026 694 3081 liestarn
711 3023 825 3080 secundi
843 3023 946 3080 ordinis
962 3022 1032 3092 libri,
1051 3023 1156 3078 scilicet
1173 3025 1221 3094 qni
1238 3030 1304 3080 sunt
1320 3025 1415 3096 scripti
1431 3025 1496 3082 inde
1513 3040 1532 3081 a
1547 3027 1659 3083 saeculo
1671 3039 1760 3097 nono‚·
1773 3025 1880 3097 proiecti

442 3113 505 3170 t'ere
523 3129 542 3169 s
558 3115 625 3169 iuris
643 3111 801 3170 sectoribus
819 3111 1047 3168 Bononiensibus.
1075 3116 1103 3168 at
1121 3113 1148 3167 ln
1166 3127 1201 3168 ea
1217 3113 1328 3184 quidem
1346 3113 1515 3184 digestorum
1532 3121 1612 3185 parte
1623 3116 1739 3185 permit
1751 3116 1881 3186 appellare

449 3202 539 3260 solent
556 3203 693 3274 digestum
712 3207 807 3271 uetus,
826 3201 1024 3271 complectente
1042 3201 1151 3272 digesta
1168 3217 1186 3256 a
1202 3203 1335 3274 prIncipio
1355 3217 1443 3273 usque
1461 3203 1497 3258 sd
1514 3205 1561 3273 24,
1579 3205 1610 3274 3,
1628 3205 1646 3260 2
1663 3203 1742 3260 neth
1765 3204 1880 3276 Πὶριαιι

447 3293 514 3348 libro
531 3300 681 3366 tripensinw
699 3290 747 3359 (ibi
765 3291 837 3346 enim
855 3287 954 3344 liniunt
970 3288 1032 3344 libri
1049 3291 1143 3360 scripti
1160 3292 1326 3348 remotiores
1343 3294 1449 3359 omnes)
1470 3291 1507 3347 ad
1529 3291 1600 3347 hmo
1622 3292 1774 3349 editionem
1791 3309 1880 3350 oman·

448 3379 512 3436 dam
530 3379 645 3436 adhibiti
663 3385 728 3436 sunt
745 3380 804 3436 eins
821 3379 930 3448 generis
948 3377 1009 3434 librl
1026 3379 1146 3448 quinque
1164 3378 1206 3434 hi:

484 3471 510 3525 a
524 3489 558 3519 =
574 3469 663 3525 codex
687 3467 867 3526 bibliothecae
885 3466 1012 3538 publicae
1032 3468 1216 3524 BerolInensis
1234 3470 1298 3525 olim
1315 3470 1480 3542 liosnysnue
1497 3471 1558 3526 Lat
1575 3469 1622 3526 iol
1639 3487 1667 3525 n.
1680 3471 1734 3526 269
1753 3485 1825 3526 sam
1836 3469 1879 3540 IX,

574 3559 694 3616 omnium
713 3557 795 3614 huius
812 3557 909 3614 classis
927 3557 1132 3627 antiquissimus
1150 3563 1179 3613 et
1195 3559 1458 3630 praestantissimus,
1477 3559 1527 3614 sed
1544 3559 1593 3629 qui
1609 3563 1721 3630 praeter
1736 3565 1880 3615 extremum

573 3652 679 3718 partem
697 3647 902 3702 Institutionum
915 3645 1065 3702 nonhabet
1082 3645 1135 3704 nisi
1152 3647 1187 3702 D.
1201 3649 1225 3716 1,
1240 3649 1264 3717 l,
1279 3649 1294 3703 1
1307 3677 1338 3690 ·-
1354 3649 1436 3718 o,24.
1454 3650 1481 3718 e,
1493 3649 1511 3703 8
1524 3678 1556 3690 -
1570 3650 1597 3717 7,
1609 3649 1635 3704 3.
1663 3649 1770 3704 contuli
1786 3649 1844 3719 ipse
1855 3651 1880 3702 et

573 3736 677 3792 nariam
700 3737 844 3792 lectionem
869 3735 949 3790 attuli
971 3736 1088 3806 plenam.
1116 3735 1267 3806 scripturae
1289 3737 1427 3808 specimen
1450 3735 1581 3800 methodo
1603 3736 1879 3808 photohthogrsphlen

571 3829 697 3896 paratrrm
715 3825 828 3880 exhibet
843 3823 939 3880 tabula
955 3823 1065 3880 adiecta
1080 3825 1162 3895 prior.

490 3915 559 3968 P:
572 3914 660 3970 codex
684 3913 864 3970 bibliothecae
886 3912 1013 3985 publicae
1036 3913 1175 3970 Parisinae
1199 3931 1226 3968 n.
1238 3913 1310 3970 4450
1332 3915 1449 3984 scriptus
1467 3929 1541 3970 sese
1554 3915 1595 3970 XI
1612 3919 1734 3970 exeunte
1758 3915 1803 3971 nel
1819 3915 1878 3971 inn'-

572 4004 667 4074 piente
685 4003 752 4074 XII,
776 4001 805 4058 id
827 4005 871 4060 est
894 4017 929 4059 eo
945 4007 1069 4072 tempore
1086 4017 1141 4072 qno
1158 4001 1250 4058 flornlt
1267 4003 1386 4058 lrnerius
1408 4005 1437 4068 (†
1454 4007 1519 4073 post
1535 4019 1561 4058 a
1574 4004 1670 4074 1118),
1692 4005 1815 4060 omnium
1834 4003 1878 4058 bu·

573 4092 648 4146 lusce
666 4092 776 4162 classis,
800 4091 975 4162 quiquidem
999 4091 1098 4160 integri
1121 4092 1188 4162 sint,
1212 4091 1419 4162 andqulsdmus
1436 4097 1465 4148 et
1480 4091 1745 4162 pnestnnnssmnn
1773 4093 1879 4149 mimi:

572 4195 635 4236 eum
658 4181 775 4250 prtmum
794 4179 938 4236 Schraderi
961 4195 1046 4236 cansa
1067 4179 1219 4236 Xanslerns
1241 4181 1365 4250 Parisiis,
1388 4181 1478 4236 denuo
1501 4195 1555 4252 ego
1573 4181 1704 4238 Berolini.
1734 4183 1878 4253 scripturae

574 4269 724 4339 specimina
740 4269 794 4324 tria
811 4267 941 4324 exhibent
957 4267 1068 4324 tabulae
1086 4267 1219 4324 adicem.
1939 4275 1943 4284 '

490 4358 559 4413 V:
571 4358 659 4414 codex
676 4357 856 4414 bibliothecae
875 4357 1025 4414 Uaticanos
1042 4373 1069 4414 n.
1084 4359 1153 4413 1406
1170 4358 1236 4413 Item
1255 4371 1327 4414 saec
1340 4357 1380 4412 XI
1402 4357 1529 4414 exeuntis
1549 4360 1594 4414 uel
1611 4359 1770 4430 incipienfis
1786 4359 1838 4414 XII
1852 4363 1877 4414 et

572 4445 747 4517 praecedenti
758 4446 871 4504 librout
881 4451 974 4502 aetate
985 4461 1097 4517 suppar,
1115 4447 1155 4502 itt
1165 4447 1318 4517 pmomnia
1335 4447 1496 4516 simillimus,
1515 4453 1547 4502 ut
1564 4463 1601 4504 οι
1617 4447 1717 4504 eodem
1736 4449 1877 4520 meheype

573 4543 719 4606 unumque
739 4535 906 4607 descriptum
930 4551 993 4591 esse
1016 4534 1189 4590 menifestum
1209 4536 1253 4590 sit
1280 4549 1348 4590 usne
1371 4551 1432 4590 snm
1456 4535 1616 4607 seleucus,
1640 4553 1726 4608 quan:
1743 4537 1878 4594 Schrader:⁸

574 4641 659 4681 causa
681 4625 805 4680 Blnmius
830 4623 961 4694 confecit,
988 4628 1099 4680 seruats
1121 4623 1202 4680 hodie
1223 4624 1252 4680 in
1273 4621 1439 4680 bibliotheca
1460 4624 1634 4696 'l'ubingsnsi
1657 4643 1711 4683 ms.
1726 4629 1789 4684 30³.
1806 4626 1877 4683 XIII:

572 4719 715 4785 praeterea
733 4727 795 4770 meo
813 4713 891 4770 iussn
908 4713 1076 4770 Relnholdus
1094 4712 1203 4770 Kelrult
1220 4713 1337 4770 eontulit
1353 4713 1444 4769 denuo
1461 4713 1524 4770 libri
1541 4716 1632 4786 quinti
1649 4717 1747 4774 tihdos
1763 4718 1848 4773 s-e

490 4804 515 4858 L
528 4825 561 4852 =
574 4803 662 4858 codex
685 4801 867 4858 bibliothocae
890 4803 1076 4860 uniuersitatis
1099 4803 1250 4873 Lipsiensis
1272 4819 1299 4858 n.
1312 4803 1379 4871 ete,
1403 4803 1482 4858 onius
1504 4819 1571 4875 pars
1595 4806 1713 4878 antiqua
1729 4807 1828 4879 scdpts
1841 4809 1879 4860 est

574 4893 699 4963 imperite
716 4897 746 4948 et
762 4907 859 4962 parurn
877 4891 1021 4948 emendata
1039 4907 1112 4948 saec.
1124 4892 1192 4948 XII:
1210 4891 1316 4962 reliqua
1332 4891 1432 4947 sdieoit
1447 4891 1579 4950 librarius
1597 4909 1675 4954 saec
1687 4896 1764 4954 XIII.
1790 4894 1879 4953 mutili

573 4982 633 5058 ipse
650 4981 777 5038 Berolmi
804 4982 954 5054 specimina
973 4982 1124 5054 scripturae
1142 4981 1199 5038 dno
1216 4979 1347 5040 exhibent
1362 4979 1484 5038 tabulas.
