3644 5460
63 233 156 293 onnn
178 177 560 310 mlrnunnnucnnnrn.
708 197 845 296 5592
1032 237 1068 316 ’Ν
1137 219 1492 289 xxxxiiii-81

63 374 155 430 uincia
172 379 249 430 eunt:
267 374 398 446 Quaeque
415 391 464 448 per
481 391 544 434 eum
562 389 659 448 eoeue,
677 375 724 448 qui
741 377 782 432 ita
798 381 908 434 creatue
925 378 1045 434 creatine
1063 383 1170 450 creent,
1188 383 1251 434 acte
1268 375 1344 433 facta
1359 381 1494 446 gestaque

62 467 140 533 eunt,
163 468 225 519 rata
246 463 434 522 habebuntur:
458 466 552 536 eieque
576 467 698 523 actiouee
716 469 746 522 et
762 467 790 522 in
808 481 863 522 eoe‘
874 467 955 524 ntilee
972 473 1144 539 competunt:
1167 472 1196 523 et
1212 468 1237 523 ei
1254 481 1335 536 quem
1353 470 1494 521 curatores

63 553 204 609 mitterent
223 553 259 608 ad
276 553 414 625 egendum
432 554 477 610 uel
495 555 506 627 i
525 553 740 625 defendendum,
763 555 804 610 uti
821 556 865 611 iue
882 561 971 612 eeect:
994 572 1046 613 uec
1063 555 1099 613 ab
1116 571 1151 613 οο
1168 557 1250 626 eatie,
1274 569 1363 626 neque
1381 553 1416 610 de
1433 559 1493 611 rato
1509 561 1526 609 t.
1537 563 1582 610 ati

62 655 153 712 noque
171 641 322 698 iudicatum
340 643 419 714 uolui,
439 643 549 700 nominc
566 644 627 700 eine
644 645 723 700 cuiue
740 643 814 700 bonu
830 651 950 701 neucant
966 647 1100 716 exigetur,
1118 644 1168 702 ecd
1184 644 1294 702 nomine
1311 644 1398 714 ipeiue
1416 657 1492 698 curu

62 731 131 786 toria
153 725 200 800 qui
222 745 285 788 cum
309 731 392 788 mieit.
428 730 458 788 Si
478 732 571 803 plnres
589 736 681 789 antem
700 733 902 790 conutituantur
918 739 1071 804 curatores,
1094 734 1191 791 Gelono
1208 734 1247 789 uit
1263 734 1293 790 iu
1310 731 1426 788 solidum
1445 747 1493 788 coe
1511 745 1524 785 ο

61 823 92 874 ct
115 834 198 890 agere
221 823 251 876 ct
267 821 420 892 conueniri,
443 835 498 877 non
515 836 565 892 pro
583 820 764 893 portionibue.
793 822 868 893 qnod
886 823 910 879 ei
926 837 977 894 per
993 825 1120 896 regionee
1137 822 1239 879 fuerint
1256 837 1320 878 con·
1338 815 1494 904 [Q

61 908 151 964 etitnti
169 913 317 980 curatores,
335 925 408 965 nnue
425 907 495 966 forte
513 910 553 964 rei
570 910 690 980 italicae,
709 911 779 966 cline
796 913 825 967 in
842 913 992 984 prouincia,
1010 919 1078 983 puto
1096 913 1222 983 ιοςιοιιοι
1239 926 1289 966 οοι
1306 926 1371 966 ιιιοο
1385 925 1493 968 coneor-

60 1011 129 1052 uare
147 997 257 1054 debere.
283 997 435 1068 Quaeritur,
453 1014 489 1054 an
506 998 610 1054 inuitue
627 1005 737 1056 cumton
753 999 812 1056 iieri
829 1005 933 1072 poteet:
952 1007 981 1057 et
993 1001 1105 1058 Caecius
1123 1000 1218 1057 scribit
1229 999 1364 1056 neminem
1376 999 1492 1055 inuitum

60 1085 217 1156 cogendum
239 1085 300 1142 fieri
321 1085 455 1142 bonorum
476 1091 642 1157 curatorem,
667 1089 740 1160 qnod
758 1090 851 1144 nerine
868 1095 919 1146 eet
953 1081 1123 1147 uoluntarius
1139 1091 1233 1160 itaque
1250 1087 1423 1159 quaerendus
1441 1093 1493 1157 cet,

60 1175 115 1232 niei
133 1179 163 1231 et
180 1190 281 1246 magna
297 1175 463 1232 neccecitute
480 1181 509 1232 ct
525 1177 697 1247 imperatorie
715 1177 827 1234 arbitrio
842 1177 894 1234 hoc
905 1179 1045 1249 procedat,
1063 1185 1095 1234 nt
1106 1184 1135 1234 et
1146 1178 1249 1234 inuitus
1261 1183 1408 1233 crearetur.
1436 1177 1494 1232 Nec
1513 1191 1540 1230 ιο

60 1263 220 1320 omnimodo
237 1263 399 1320 creditorem
417 1279 480 1321 οοιο
497 1271 606 1336 oportet
623 1282 699 1338 eum,
718 1268 765 1337 qui
783 1273 892 1324 curator
908 1269 1097 1338 constituitur,
1117 1267 1166 1323 eed
1184 1271 1301 1338 posenni
1317 1271 1346 1322 et
1362 1281 1418 1322 nou
1435 1281 1493 1321 crc-

60 1352 175 1409 ditoree.
201 1351 231 1410 Si
247 1357 305 1408 tree
322 1357 462 1409 curatorce
479 1352 581 1410 fuerint
597 1363 627 1410 et
643 1371 714 1411 unue
732 1370 768 1412 cx
785 1355 828 1411 hie
845 1355 910 1412 nihii
929 1357 1059 1428 attigerit,
1078 1373 1114 1412 an
1125 1357 1153 1412 in
1165 1371 1237 1426 cum,
1256 1357 1303 1426 qui
1315 1355 1381 1412 nihil
1392 1355 1492 1425 tetigit,

60 1442 136 1498 actio
159 1441 251 1498 dando
273 1442 335 1498 ceti
365 1446 395 1497 et
411 1441 525 1499 (iaeeiue
548 1443 687 1500 existimet
708 1443 818 1500 modum
837 1445 922 1500 actori
940 1459 995 1502 non
1012 1445 1113 1502 debere
1131 1445 1260 1526 couetitui
1277 1459 1413 1516 poceeque
1430 1459 1492 1500 enm

60 1547 126 1588 cum
144 1546 199 1603 quo
216 1533 278 1588 nult
293 1531 418 1602 experiri.
445 1535 514 1602 puto
526 1531 615 1588 cincii
632 1533 797 1589 sententiam
815 1534 963 1592 ueriorem:
982 1533 1160 1604 spectandum
1173 1535 1255 1604 euim,
1273 1533 1340 1604 quid
1350 1533 1491 1590 redactum

59 1625 114 1692 eet,
132 1636 186 1678 non
203 1621 271 1692 quid
289 1619 324 1676 ud
342 1625 495 1676 curatorem
512 1637 596 1677 unum
614 1622 778 1694 peruenerit,
796 1627 826 1679 et
842 1623 882 1678 ita
898 1623 1009 1695 utimur,
1027 1625 1081 1680 niei
1099 1624 1201 1680 innitue
1215 1621 1306 1679 iactus
1318 1629 1374 1680 eet:
1392 1638 1455 1678 nam
1468 1623 1491 1679 ei
1512 1635 1539 1676 ιο

59 1709 101 1766 ita
118 1715 170 1780 eet,
188 1709 334 1766 dicendum
352 1725 407 1765 non
425 1723 488 1766 enm
506 1711 733 1768 conueniendum.

114 1798 231 1855 Omns
252 1798 321 1855 iiiito
343 1799 493 1856 uicensimo
515 1804 614 1870 quarto
631 1799 810 1870 digeetorum.
846 1799 876 1857 Si
893 1801 986 1872 plurce
1003 1801 1126 1858 ciusdem
1144 1800 1192 1858 bo·
1211 1797 1251 1884 [Β.
1259 1812 1282 1867 e,
1291 1812 1313 1868 7,
1323 1813 1362 1858 tt.
1378 1813 1490 1868 taint
1508 1807 1536 1862 Ε

59 1903 159 1944 norum
177 1891 318 1944 curatores
333 1886 401 1944 iucti
418 1892 491 1959 runt,
508 1889 537 1944 in
554 1903 637 1959 quem
654 1903 749 1946 eorum
767 1891 828 1946 uult
845 1893 929 1960 actor,
947 1891 975 1946 in
993 1890 1111 1947 eclidurn
1125 1889 1244 1948 uidetur
1255 1890 1328 1946 uctio
1339 1895 1396 1946 tum
1408 1905 1490 1960 quam

60 1977 155 2048 quinio
172 1991 266 2033 eorum
283 1977 312 2032 in
329 1977 447 2034 eolidnm
464 1982 538 2048 aget
1509 1991 1538 2032 ιι

114 2067 255 2122 Parumne
272 2066 379 2123 luanus
396 2065 465 2122 libro
483 2066 570 2137 primo
588 2066 623 2123 dn
638 2067 886 2124 constitutionibus.
913 2068 1095 2139 Imperatoree
1107 2066 1194 2123 Anto·
1211 2063 1282 2150 [ita
1292 2080 1313 2132 7.
1324 2079 1362 2126 ti.
1378 2079 1416 2134 οο,
1426 2081 1490 2136 iat
1508 2075 1536 2128 Ε

59 2155 142 2212 ninue
164 2160 194 2210 et
210 2154 298 2210 Uerue
316 2154 436 2226 Angneti
457 2155 655 2226 rescripserunt
676 2155 756 2213 bouis
778 2172 828 2228 per
850 2162 1003 2214 curatorem
1026 2171 1061 2213 or
1078 2169 1190 2212 conatur
1208 2157 1333 2212 consulto
1351 2155 1490 2212 dietractie

59 2245 163 2301 nuliam
181 2244 317 2301 οοιίοιιοιο
335 2259 370 2300 er
388 2247 452 2300 ante
469 2249 549 2316 geeto
565 2242 717 2302 fraudatori
734 2251 898 2316 competere.

112 2333 256 2390 Imauus
278 2331 348 2390 libro
365 2333 595 2404 quadragensimo
613 2335 730 2404 septimo
747 2334 925 2405 digestorum.
961 2333 991 2391 Si
1009 2331 1116 2390 debitor
1132 2331 1192 2390 iero
1210 2329 1489 2418 [B.e,i,4e.te,1t,4
1508 2344 1529 2398 S

60 2423 176 2480 merit
198 2427 227 2478 ct
249 2421 398 2479 creditoree
420 2423 530 2493 priuato
552 2423 666 2479 coneilio
688 2423 802 2480 coierint
819 2429 848 2480 et
864 2424 997 2495 elegerint
1014 2439 1112 2493 unum,
1135 2437 1186 2494 per
1202 2411 1489 2494 qffiboffl

60 2511 161 2570 huntur
178 2517 207 2568 ct
223 2512 312 2584 portio
329 2512 412 2582 ipein,
429 2526 501 2582 quae
518 2526 553 2567 cx
571 2511 684 2568 redacto
700 2510 787 2583 deret,
806 2514 970 2584 minoretur,
989 2525 1054 2568 mox
1070 2513 1207 2568 exstiterit
1223 2513 1301 2583 atine,
1319 2513 1366 2583 qni
1383 2527 1414 2568 ιο
1431 2527 1488 2568 erc·
1508 2527 1537 2568 uo

61 2599 178 2658 ditorem
200 2599 288 2657 dicut:
309 2601 411 2656 unllam
434 2600 544 2670 quidem
568 2601 702 2658 actionem
725 2602 859 2658 οιὶιιοιοιιι
882 2607 1035 2658 curatorem
1053 2599 1178 2670 habebit,
1201 2601 1250 2657 eod
1268 2601 1341 2657 bona
1357 2601 1489 2658 debitoris

61 2705 117 2748 uua
133 2705 197 2747 cum
214 2693 340 2746 unctiore
357 2689 476 2746 uendere
493 2690 602 2761 poterit,
620 2690 660 2746 ita
676 2695 716 2762 ut,
734 2707 805 2762 quae
823 2707 841 2747 u
857 2694 983 2748 curatore
1000 2694 1029 2747 et
1046 2705 1064 2746 a
1080 2689 1215 2747 creditore
1232 2705 1268 2747 er
1285 2689 1365 2747 bonie
1381 2695 1489 2747 contre·

60 2778 169 2851 haum,
187 2778 314 2837 omnibue
330 2795 381 2851 pro
398 2779 523 2852 portione
539 2783 752 2850 praestarentur.

813 3044 821 3060 ,
1508 2999 1537 3042 ιο

104 3116 143 3194 it
183 3113 310 3208 QUAE
344 3115 391 3192 IN
424 3114 651 3193 FRAUDEM
685 2979 989 3192 AEITORUM
1021 3113 1181 3193 FACTA
1216 3113 1338 3193 SUNT
1372 3113 1436 3191 UT
1506 3135 1606 3193 οοΡΑ
1708 3155 1710 3162 v

553 3239 919 3320 RESTITUANTUR
957 3239 995 3318 tt
1502 3279 1507 3286 =

112 3395 265 3453 Uarianos
286 3395 356 3454 libro
373 3397 564 3467 macerrimo
582 3401 661 3454 rento
679 3397 715 3453 ud
732 3397 863 3454 edictum.
897 3395 947 3452 Ait
963 3399 1087 3468 praetor:
1106 3395 1189 3462 'Quae
1207 3391 1247 3479 Β.
1255 3407 1278 3462 9,
1288 3407 1310 3463 ο,
1318 3409 1341 3453 1.
1359 3405 1484 3466 Ep.1t‚11
1506 3405 1533 3460 Ε

59 3481 248 3541 'dmdntionie
264 3501 350 3542 ccneu
366 3490 447 3556 genta
463 3492 544 3542 erunt
560 3501 622 3542 cum
641 3501 689 3557 en,
712 3487 760 3557 qui
776 3484 900 3542 fraudem
919 3500 974 3541 non
991 3485 1171 3556 ignoranerit,
1191 3485 1227 3540 dc
1244 3485 1286 3540 hie
1304 3485 1422 3540 curatori
1439 3484 1486 3540 bo·

59 3574 163 3632 'nerum
181 3575 226 3630 uel
243 3575 277 3644 ci,
295 3574 340 3630 cni
358 3574 393 3631 de
410 3590 445 3631 ea
461 3590 492 3631 re
509 3577 645 3633 actionem
658 3575 739 3631 dere¹
753 3573 898 3646 oportebit,
916 3575 988 3630 inira
999 3591 1108 3644 annum,
1126 3589 1181 3644 quc
1193 3573 1353 3644 experiundi
1364 3577 1487 3644 poteetae

59 3661 157 3734 'inerit
175 3664 310 3720 eotiouem
328 3663 410 3720 dabo.
437 3663 520 3735 idque
538 3664 621 3720 etiam
639 3663 773 3722 adueruuu
791 3665 896 3735 iprum,
914 3665 961 3734 qui
979 3661 1102 3720 fraudem
1121 3662 1201 3734 iecit,
1218 3661 1352 3718 cernabo'.
1381 3663 1487 3719 'Nocen-
1506 3677 1534 3718 ae

59 3752 132 3809 cario
148 3757 259 3822 praetor
275 3752 328 3810 hoc
344 3752 465 3809 edictum
482 3754 633 3825 propoenit,
651 3768 706 3825 qno
724 3753 814 3810 edicto
833 3753 970 3809 consuluit
987 3753 1167 3810 creditoribus
1178 3752 1334 3809 reuocando
1345 3767 1386 3822 ee,
1404 3739 1487 3822 puce-

58 3855 178 3913 cumquc
194 3842 223 3898 in
240 3840 364 3898 iraudcm
382 3857 476 3899 eorum
495 3843 614 3899 alienate
630 3847 703 3899 eunt.
738 3842 788 3898 Ait
804 3857 870 3912 ergo
887 3846 998 3914 praetor
1015 3841 1092 3914 'quae
1110 3839 1289 3898 fraudationis
1306 3857 1390 3898 canen
1407 3845 1487 3912 gaeta

59 3929 163 3987 'enuit
194 3929 264 3988 haec
286 3930 373 3988 uerba
394 3932 533 4002 gerenda
556 3937 622 3988 eunt
643 3935 672 3988 et
692 3932 832 3988 continent
848 3932 877 3987 in
895 3947 926 3988 ee
943 3946 1051 3988 omnem
1069 3931 1180 3988 omniuo
1197 3931 1226 3986 in
1242 3929 1366 3986 fraudem
1385 3928 1486 3986 iactam

59 4037 252 4108 taruco)

60 4165 69 4198 ¹
88 4161 148 4218 οιιι
167 4161 266 4232 paup
296 4185 299 4190 ·

59 4297 75 4351 1
94 4293 254 4366 qnacqu'c'c
270 4297 309 4350 Ρ
323 4297 329 4364 Ι
343 4295 509 4366 geemqu'a'e
521 4297 558 4350 Ρ
601 4295 620 4352 4
637 4295 697 4353 eiue
799 4299 944 4366 etemento,
961 4277 1199 4351 nertiiDoroti'em
1210 4295 1265 4351 Rs.
1278 4296 1321 4361 38,
1333 4297 1374 4362 12,
1385 4298 1418 4351 4.·
1436 4317 1485 4352 οι-

58 4367 169 4423 ιιοιιιίιιο
187 4367 295 4432 omui,
313 4373 414 4422 uer-iuni
433 4367 529 4424 Graeci
579 4369 614 4423 10
631 4368 746 4440 impera·
799 4369 890 4423 tcuiau
914 4365 942 4422 ὲκ
965 4367 1140 4431 retractator
1163 4364 1269 4432 'Apmsdu
1296 4366 1418 4438 ipudzciu
1445 4371 1485 4438 τῷ

58 4439 145 4494 iotis*
156 4438 194 4492 Ρ
235 4438 345 4494 hicum
362 4439 458 4493 cm.F¹
502 4439 747 4504 2οΠοῨλογΒ.38
800 4440 920 4511 torpino
938 4455 958 4493 r:
982 4446 1011 4494 oi
1027 4458 1115 4494 um
1133 4441 1262 4494 lectionem
1279 4439 1392 4494 reddidit
1410 4439 1484 4495 Auo·

56 4510 91 4565 21
109 4507 200 4578 bonit]
258 4517 299 4564 nei
316 4516 380 4565 mei
401 4508 481 4566 bonis
501 4511 635 4566 senatoris
670 4517 748 4566 uniti
798 4529 889 4584 nymm
935 4509 995 4575 .38,
1008 4510 1050 4575 12,
1061 4510 1093 4564 4:
1116 4507 1240 4572 citercien
1264 4507 1366 4575 trofini
1389 4509 1418 4565 ὲκ
1437 4511 1485 4566 rAc

56 4528 280 4666 Dmcim'fli.
291 4579 335 4646 38,
348 4579 389 4645 12,
400 4581 433 4635 4.·
457 4580 531 4636 Arina
548 4580 599 4637 ini
616 4552 746 4648 tiranno
798 4581 1012 4648 npoeruceuduac
1028 4581 1148 4652 upiiemc
1171 4579 1220 4636 ἓΞοι
1240 4579 1256 4635 ὁ
1273 4582 1420 4652 nepispa'poi
1440 4593 1485 4638 θο-

56 4651 106 4706 riic
124 4661 267 4716 οπιιλιιτογ
288 4650 434 4706 actionarii
460 4651 595 4725 uoupa'rmp
617 4653 666 4708 ricc
684 4663 746 4708 aci·
798 4653 879 4709 iiiuc
896 4651 959 4714 unic
977 4652 1123 4717 tinctorio,
1148 4661 1219 4708 cuiue
1237 4661 1321 4708 uncio
1338 4657 1485 4708 tertioioco

55 4722 155 4785 Acutae
176 4722 356 4795 rnnpicaecoar
379 4723 436 4784 τοῨ·
451 4724 617 4789 eumerium?
641 4743 745 4796 ποριογ·
799 4725 832 4778 Β.
844 4725 870 4788 9,
882 4725 908 4789 7,
920 4725 955 4778 49
967 4726 1120 4795 interpolato
1131 4731 1168 4779 cci
1179 4725 1216 4778 ad
1225 4722 1420 4779 Dorotheonom
1432 4733 1485 4779 cic:

56 4795 127 4849 ciac:
146 4799 175 4848 ui
191 4796 263 4867 opud
280 4793 444 4866 Anapum
461 4796 609 4861 13.9,7,49
624 4797 694 4851 eiB.
703 4796 746 4861 38,
799 4793 922 4856 citercien
949 4792 978 4848 ἒκ
1000 4794 1125 4850 Διιθϊικιιο
1152 4795 1274 4850 noviomae
1300 4795 1349 4850 itai
1375 4795 1391 4860 d
1413 4815 1484 4867 nepi-

55 4865 131 4930 124
146 4872 213 4920 recu
230 4871 269 4920 eei
287 4865 497 4936 nrnpocaoudioic
518 4865 607 4930 niciae
625 4865 667 4921 nri
684 4885 745 4930 κογ-
799 4866 888 4936 spicer
907 4865 1022 4921 coiere*
1035 4865 1100 4928 roic
1116 4866 1252 4922 tinctorio
1298 4866 1484 4936 34οο1οοῬ

55 4937 179 5009 piropoc
195 4935 344 5008 uideturproe
361 4939 425 4991 iilud
440 4939 600 5010 ademptam
613 4957 643 4994 cr
654 4938 691 4992 D.
703 4939 746 5002 27,
799 4938 834 4993 36
851 4935 1073 5008 quaecumqn'a'e
1092 4937 1128 4990 Ρ

55 5009 130 5074 10,5
183 5008 220 5064 22
236 5021 272 5064 ex
289 5012 354 5064 ante
371 5007 460 5078 gesto]
480 5017 555 5081 quoti
573 5017 636 5066 erret
653 5024 688 5065 cx
705 5014 746 5066 te·
