3644 5460
92 271 136 318 nn
157 269 429 324 nsncsrrouusus
615 273 620 280 ·'
770 245 857 327 525
968 237 979 256 ⁴
1214 252 1351 321 lllllllll
1373 255 1393 319 3
1414 259 1529 315 38—44

91 422 251 478 pomomnm
269 423 360 479 neque
376 407 508 464 furtiuum
526 407 665 478 possidet:
685 406 789 464 abolita
807 413 851 464 est
869 409 940 465 enim
959 409 1130 480 quorundam
1148 415 1273 466 ueterum
1289 411 1426 466 sententia
1438 409 1530 465 existi·

92 497 226 552 martium
244 497 327 552 etiam
345 495 424 553 fundi
441 497 530 552 locine
548 494 651 552 furtum
670 495 737 552 fiori.

42 585 73 645 39
144 585 320 642 Maecianus
343 584 412 642 libro
435 585 516 640 tertio
539 584 750 640 institutionum.
787 584 817 640 Si
840 585 928 642 solum
954 588 1069 658 usneapi
1092 602 1146 643 non
1164 587 1278 657 poterit,
1302 601 1354 642 nec
1372 580 1530 670 [Q
1548 589 1570 644 S

91 672 252 746 superficies
270 674 456 743 usucapiatur.
1549 685 1564 725 s

42 762 74 822 lo
145 763 299 820 Nnnsrrus
316 761 386 818 libro
403 761 500 831 quinto
517 761 683 830 regularum.
712 761 844 832 coeptam
870 763 1065 834 usucapionem
1089 779 1106 820 a
1124 760 1254 819 defuncto
1272 777 1355 833 posse
1373 755 1531 846 [Qu
1549 767 1570 820 S

91 855 121 906 et
139 855 204 906 ants
222 851 325 907 aditam
343 850 523 906 hereditatem
541 849 649 919 implori
667 851 845 906 coustitutum
866 855 917 906 est.

42 941 69 998 li
144 941 222 995 Iunas
240 939 309 996 libro
328 939 446 1009 septimo
464 937 693 995 membranarum.
721 938 751 995 Si
768 955 826 994 rem
845 938 1004 1010 subreptam
1022 940 1089 995 milri
1106 945 1267 1011 procurator
1278 955 1356 995 mens
1374 933 1532 1022 [Q
1548 943 1590 1018 Ss

91 1027 281 1099 adprehendit,
299 1027 427 1098 quamuis
445 1042 494 1098 per
510 1033 715 1098 procuratorem
733 1028 935 1098 possessionem
954 1028 1041 1098 spissi
1058 1044 1108 1103 nos
1126 1029 1181 1084 iam
1200 1027 1258 1084 scre
1276 1013 1430 1097 conueniat,
1448 1027 1532 1082 nihilo

91 1117 182 1188 magis
199 1133 261 1174 sam
278 1117 308 1172 in
325 1120 491 1186 potestatem
510 1131 599 1172 meam
617 1116 724 1172 redisse
741 1131 849 1187 usuque
867 1117 930 1188 capi
947 1131 1030 1188 posse
1048 1116 1261 1172 existimandum
1280 1120 1335 1186 est,
1353 1116 1419 1186 quia
1437 1121 1532 1172 corsua

90 1206 177 1262 statui
195 1205 348 1276 captiosum
367 1205 427 1260 erit
1552 1217 1580 1257 ιι

42 1295 72 1354 u
145 1294 327 1349 Peenameus
349 1292 419 1348 libro
441 1293 523 1348 tertio
547 1293 748 1362 quaestionum.
792 1293 861 1350 (ium
886 1293 929 1349 nir
951 1293 1208 1364 praediumdotale
1231 1293 1357 1350 uendidit
1375 1287 1532 1376 [We—“so
1550 1299 1578 1352 P

91 1381 191 1438 scienti
209 1383 253 1438 uel
271 1382 409 1452 ignoranti
426 1396 483 1436 rem
502 1381 576 1436 dotis
594 1397 664 1451 esse,
683 1381 806 1438 conditio
825 1397 880 1438 non
897 1383 980 1438 ualet.
1007 1396 1089 1452 quam
1108 1381 1240 1438 defuncta
1257 1385 1356 1452 postea
1373 1367 1532 1438 munesse'in

90 1471 265 1526 matrimonio
283 1469 438 1526 mulirmari
455 1470 592 1540 conuenit,
611 1471 635 1525 si
653 1474 713 1526 tota
729 1470 781 1526 dos
797 1471 874 1528 lucro
892 1471 982 1527 nanu
1000 1472 1093 1528 cessit.
1121 1472 1194 1528 idem
1206 1471 1273 1526 iuris
1289 1475 1340 1542 est,
1359 1486 1420 1526 cum
1433 1470 1466 1541 is,
1484 1471 1532 1541 qui

89 1573 150 1614 rem
168 1557 298 1614 furtinum
315 1558 450 1629 uendidit,
468 1563 565 1628 postca
583 1559 693 1614 domino
711 1559 791 1614 heres
810 1559 924 1614 exstitit.
1550 1572 1579 1612 ss

42 1648 72 1707 lu
146 1647 224 1703 Ιιιιιιι
239 1647 309 1704 libro
326 1647 478 1704 uicensimo
496 1647 618 1703 secundo
636 1647 837 1717 quaestionum.
874 1647 962 1702 Heres
980 1647 1049 1718 eius,
1070 1647 1118 1718 qui
1135 1646 1209 1704 bona
1226 1645 1281 1702 fide
1298 1662 1356 1702 rem
1376 1642 1532 1730 [ῐέὄῖιῖι
1550 1653 1578 1707 P

91 1737 174 1808 emit,
197 1752 249 1792 usn
267 1751 323 1792 nou
341 1738 433 1808 capiet
449 1737 539 1793 sciens
558 1737 691 1806 alienum,
716 1735 739 1790 si
758 1735 840 1792 modo
858 1736 911 1806 ipsi
927 1736 1068 1806 possessio
1085 1735 1187 1792 tradita
1204 1735 1253 1792 sit:
1277 1721 1533 1792 mnunuiffi'ue‘rd

58 1835 72 1880 ι
91 1841 148 1882 non
166 1824 330 1897 impedietur
348 1825 455 1896 heredis
473 1825 597 1880 scientia.
625 1826 734 1880 Patrem
753 1840 806 1880 usu
824 1840 879 1881 non
893 1829 1045 1896 capturum,
1063 1824 1138 1894 quod
1150 1823 1224 1880 filins
1236 1825 1311 1896 emit,
1330 1830 1442 1895 propter
1453 1840 1532 1880 snam

91 1915 138 1970 nel
155 1911 204 1970 filii
221 1914 364 1970 scientiam
383 1917 487 1970 eertum
507 1916 558 1969 est

42 2003 74 2060 'e4
145 2003 224 2058 Iunas
247 2001 316 2058 libro
339 2003 490 2058 uicensimo
508 2002 591 2057 tertio
608 2002 810 2071 quaestionum.
846 2001 923 2058 Iusto
941 2017 1032 2058 errore
1050 2002 1151 2058 ductus
1169 2001 1215 2056 Ti·
1234 1995 1532 2084 msa-life]
1550 2008 1579 2062 P

91 2092 160 2148 tium
179 2090 264 2147 filium
282 2106 374 2147 mcum
393 2097 423 2148 ol
438 2093 467 2147 in
485 2106 549 2146 mea
565 2094 702 2160 potestate
727 2105 789 2145 esse
807 2091 976 2162 existimaui,
1001 2106 1063 2147 cnm
1087 2091 1231 2160 adrogatio
1255 2106 1309 2146 non
1331 2091 1391 2146 iure
1414 2092 1531 2146 interue-
1551 2103 1579 2143 ao

92 2181 193 2236 nnset:
217 2195 280 2236 enm
303 2195 338 2235 ex
361 2194 390 2235 re
413 2195 476 2236 mea
499 2193 631 2249 quaerere
654 2177 720 2233 mihi
743 2193 799 2234 non
822 2179 958 2235 existimo.
986 2195 1041 2236 non
1064 2181 1136 2235 enim
1161 2180 1339 2236 constitutum
1364 2184 1408 2235 est
1424 2179 1453 2234 in
1471 2178 1532 2248 hoc,

93 2269 167 2340 quod
191 2269 221 2324 iu
244 2267 461 2325 homiue'libcro
484 2268 531 2338 qui
555 2267 628 2322 bona
650 2264 705 2321 fido
729 2267 815 2322 seruit
838 2268 957 2336 placuit:
984 2267 1022 2323 ibi
1051 2273 1162 2339 propter
1187 2268 1330 2326 adsiduam
1356 2272 1385 2322 et
1406 2267 1533 2324 cottidia-

93 2373 157 2414 nam
180 2358 413 2428 comparationem
438 2371 579 2412 seruorum
603 2357 644 2411 ita
665 2357 795 2412 constitui
818 2356 928 2426 publice
951 2355 1087 2427 interfuit,
1114 2374 1176 2412 nam
1199 2356 1356 2427 frequenter
1377 2355 1534 2426 ignorantia

92 2445 195 2502 liberos
213 2447 342 2516 emimus,
367 2461 422 2502 non
440 2452 534 2501 antem
551 2450 608 2500 tam
627 2443 714 2500 facilis
732 2443 877 2514 frequens¹
896 2445 1008 2516 adoptio
1026 2446 1071 2501 uel
1089 2445 1233 2515 adrogatio
1250 2445 1367 2502 filiorum
1386 2448 1437 2498 est.
1456 2429 1533 2518 [(ἓῇ

61 2543 75 2588 1
94 2533 218 2604 Constat,
236 2535 260 2590 si
273 2549 330 2590 rem
343 2536 460 2590 alienam
474 2535 572 2590 scienti
584 2533 650 2589 milri
662 2533 776 2604 nendas,
793 2533 888 2590 uades
901 2540 993 2590 autom
1006 2549 1039 2590 eo
1051 2538 1184 2605 tempore,
1203 2549 1257 2604 quo
1270 2533 1355 2588 domi·
1388 2527 1533 2616 Q
1551 2545 1580 2587 se

54 2632 78 2676 u
93 2639 145 2679 nns
156 2627 248 2679 ratum
266 2622 357 2694 habet,
375 2623 530 2680 traditionis
542 2627 652 2693 tempus
667 2622 866 2692 inspiciendum
879 2637 991 2693 remque
1009 2637 1098 2679 meam
1117 2621 1185 2678 lieri.
1216 2623 1276 2678 Etsi
1293 2637 1356 2692 pos·
1389 2632 1532 2704 Q

94 2711 233 2782 sessionis,
252 2727 307 2768 non
320 2715 476 2768 unumne
488 2711 605 2781 initium,
618 2713 693 2780 qnod
704 2711 740 2766 ad
752 2705 949 2781 usucapionem
961 2712 1087 2782 pertinet,
1100 2711 1198 2782 inspici
1210 2711 1309 2782 placet,
1327 2724 1531 2780 nonnumquam

94 2805 187 2856 tamen
205 2801 311 2870 euenit,
335 2805 439 2856 utnon
456 2800 565 2856 initium
583 2800 734 2870 praesentis
751 2800 949 2870 possessionis,
972 2799 1022 2855 aed
1041 2815 1152 2856 causam
1171 2799 1351 2869 antiquiorem
1369 2798 1532 2868 traditionis,

95 2903 165 2960 quae
182 2887 284 2945 bonam
301 2887 384 2944 fidem
402 2888 507 2960 habuit,
524 2889 715 2959 inspiciamus,
733 2888 819 2943 ueluti
838 2888 911 2944 cirea
928 2891 1037 2959 partum
1055 2888 1115 2944 eius
1133 2888 1267 2957 mulieris,
1286 2903 1368 2958 qnam
1387 2886 1532 2943 bonafide

95 2978 204 3048 coepit*
221 2977 378 3048 possidere:
398 2992 452 3034 non
470 2977 542 3032 enim
561 2977 625 3033 ideo
642 2978 733 3034 minus
752 2978 876 3048 capietur
893 2993 946 3033 usu
963 2992 1045 3047 puer,
1069 2977 1143 3047 quod
1161 2976 1277 3032 alienum
1296 2979 1425 3045 matrem,
1443 2976 1531 3046 prins-
1550 2987 1579 3028 cc
1658 3015 1660 3018 .

95 3080 176 3136 qnam
196 3067 358 3138 eniteretur,
386 3081 448 3122 esse
470 3066 627 3136 cognonitl.
658 3065 732 3122 idem
755 3066 783 3122 in
807 3081 888 3122 seruo
914 3066 1079 3136 postliminio
1106 3080 1217 3120 reuerso
1244 3065 1348 3128 dictum
1376 3069 1427 3120 est.
1456 3061 1532 3150 [dij

42 3161 79 3207 a
94 3155 223 3211 Nondum
242 3155 333 3210 aditae
357 3153 516 3210 hereditatis
534 3159 643 3225 tempus
661 3155 823 3224 usucapioni
841 3153 936 3210 datum
955 3159 1011 3224 est,
1034 3154 1093 3210 siue
1116 3169 1213 3209 seruus
1231 3152 1410 3209 hereditarius
1428 3155 1532 3224 aliquid

42 3251 79 3298 ι
95 3248 245 3315 comparat,
263 3244 323 3298 sinc
340 3242 487 3300 defunctus
505 3257 657 3314 usucapere
674 3247 817 3313 coeperat:
836 3241 886 3298 aed
901 3241 972 3298 'haec
989 3243 1048 3298 iure
1066 3242 1199 3312 singulari
1215 3245 1329 3312 recepta
1347 3247 1419 3298 sunt
1446 3243 1532 3298 Filius

94 3331 212 3388 familias
231 3337 337 3402 emptor
354 3333 461 3388 adanae
478 3332 531 3401 rei,
555 3337 740 3402 compatrem
759 3329 877 3386 familias
895 3345 926 3386 se
943 3329 1047 3386 iactum
1065 3327 1187 3401 ignoret,
1210 3331 1302 3401 coepit
1323 3347 1382 3386 rem
1407 3331 1458 3388 sibi
1475 3337 1531 3388 tra·
1612 3367 1615 3373 ,

94 3421 180 3476 ᾱίιιιιι
197 3421 353 3492 possidere:
376 3437 426 3476 cur
443 3435 498 3476 non
516 3420 608 3491 capiat
630 3433 697 3490 usu,
720 3435 782 3476 cum
806 3419 880 3475 bona
896 3418 966 3475 fides
989 3420 1067 3476 initio
1089 3419 1272 3490 possessionis
1296 3419 1382 3491 adsit,
1405 3421 1532 3491 quamuis
1550 3431 1579 3472 ss

94 3526 156 3568 aum
171 3511 181 3580 l
195 3525 226 3567 se
244 3525 294 3581 per
311 3523 429 3566 errorem
448 3524 510 3566 esse
528 3507 684 3579 arbitretur,
703 3509 749 3578 qui
767 3523 824 3564 rem
843 3522 878 3563 ex
897 3523 981 3564 causa
999 3509 1131 3579 peculiari
1148 3507 1301 3578 quaesitam
1319 3523 1372 3564 nee
1388 3510 1531 3580 possidere
1548 3516 1565 3564 l.
1577 3509 1631 3564 '258'

93 3599 202 3672 possiti
227 3599 300 3656 idem
318 3597 465 3654 dicendum
483 3598 537 3654 erit
553 3603 582 3653 et
599 3598 623 3653 si
641 3613 676 3654 ex
694 3597 780 3666 patris
800 3596 953 3652 hereditate
975 3597 1012 3652 ad
1035 3612 1065 3653 sa
1083 3597 1243 3667 peruenisse
1261 3611 1318 3652 rom
1337 3602 1458 3668 emptam
1476 3613 1531 3654 non

42 3687 74 3734 ⁵
93 3689 147 3746 leni
165 3689 389 3760 praesumptione
408 3685 511 3742 credat.
542 3687 602 3742 Non
621 3691 710 3742 mutat
728 3687 861 3756 usucapio
880 3687 1076 3756 superueniens
1094 3701 1144 3756 pro
1163 3691 1285 3756 emptore
1303 3686 1348 3741 uel
1358 3702 1408 3757 pro
1421 3686 1530 3758 herede,

94 3793 149 3848 quo
167 3777 258 3832 minus
276 3776 399 3847 pignoris
416 3775 572 3846 persecutio
590 3775 668 3830 salua
685 3775 735 3830 sit:
754 3779 786 3830 ut
803 3775 876 3830 enim
894 3772 1084 3830 ususfructus
1102 3775 1217 3845 usucapi
1235 3790 1289 3830 non
1301 3779 1402 3845 potest,
1420 3776 1460 3830 ita
1470 3791 1530 3846 per-

93 3866 200 3922 secutio
218 3865 349 3936 pignoris,
367 3879 438 3935 quae
456 3865 531 3920 nulla
548 3864 681 3920 societate
693 3863 806 3919 dominii
818 3863 1001 3934 coniungitur,
1020 3862 1070 3918 sed
1082 3863 1142 3918 sola
1154 3863 1335 3920 conuentione
1347 3865 1530 3936 constituitur,
1550 3874 1579 3915 so
1626 3877 1628 3882 ·
1665 3911 1668 3916 ,

42 3953 63 3999 3
93 3955 263 4025 usucapione
279 3955 319 4010 rei
337 3968 392 4008 non
409 3953 566 4024 peremitur.
597 3953 677 4021 Eum,
695 3953 743 4021 qni
760 3957 952 4022 posteaquam
966 3967 1118 4022 usucapere
1136 3952 1227 4022 coepit
1244 3952 1273 4006 in
1290 3949 1409 4007 furorem
1427 3951 1530 4024 incidit,

93 4045 212 4099 utilitate
230 4042 363 4098 suadente
381 4043 523 4097 relictum⁸
541 4045 593 4111 eat,
612 4055 647 4096 ne
663 4041 780 4111 languor
798 4041 881 4095 animi
899 4041 1028 4096 damnum
1047 4041 1130 4096 etiam
1143 4041 1171 4096 in
1184 4039 1262 4096 bonis
1275 4038 1390 4111 adierat,
1410 4056 1444 4096 er
1457 4042 1532 4098 omni
1715 4105 1722 4114 ,

42 4129 55 4156 i
94 4147 179 4188 cansa
195 4131 309 4201 implere
332 4131 538 4201 usucapionem.
574 4128 612 4200 Sl,
637 4145 699 4186 cum
722 4129 796 4199 apud
819 4129 913 4184 hostes
937 4129 1064 4184 dominus
1088 4134 1136 4184 aut
1156 4133 1236 4200 pater
1257 4135 1337 4199 agat,
1361 4144 1459 4185 seruus
1483 4135 1532 4186 aut
1635 4147 1638 4152 ¹

93 4219 166 4276 tilius
184 4225 272 4290 emat,
289 4237 330 4296 ,an
348 4224 377 4276 et
394 4225 489 4276 tenere
506 4218 639 4290 incipiat?
666 4218 689 4274 si
707 4217 818 4288 quidem
837 4233 872 4273 ex
890 4233 975 4273 causa
992 4217 1092 4288 peculii
1115 4217 1252 4288 possedit,
1276 4219 1472 4288 usucapionem
1490 4218 1530 4274 in-

94 4307 187 4365 choari
204 4323 256 4365 neo
273 4308 470 4379 impedimento
488 4307 593 4364 domini
610 4306 799 4378 captiuitatem
818 4321 894 4377 esse,
913 4307 991 4362 cuius
1010 4306 1125 4362 scientia
1143 4322 1198 4362 non
1216 4311 1291 4362 esset
1307 4307 1335 4361 in
1354 4307 1467 4363 ciuitate
1484 4321 1531 4363 ne·
1550 4317 1579 4359 ss

94 4397 224 4454 camaria.
250 4397 274 4453 si
291 4411 358 4454 uero
376 4414 431 4454 non
449 4412 484 4452 cx
502 4411 588 4452 causa
604 4395 703 4466 peculii
721 4400 903 4466 comparetur,
921 4410 974 4451 usu
986 4409 1042 4451 non
1054 4395 1116 4466 capi
1129 4409 1181 4451 nec
1194 4394 1253 4451 iure
1270 4395 1431 4466 postliminii
1448 4411 1532 4466 quac·

93 4503 288 4574 rmruoo)

96 4803 227 4874 ilocine]
246 4805 374 4859 lconmue
387 4803 422 4856 F¹
466 4803 642 4873 tlusuqu'a'e
660 4804 697 4856 Ρ
712 4805 717 4870 Ι
732 4803 784 4872 est]
839 4801 1036 4869 hemditatiFl
1052 4802 1176 4857 siue⁴l⁸²
1211 4801 1371 4858 essirbrF’
1405 4804 1440 4858 36
1449 4791 1532 4872 poeu-

96 4875 161 4928 etl*
192 4875 226 4930 12
245 4875 312 4944 rem]
325 4889 388 4930 uem
402 4875 435 4927 Ρ
473 4875 507 4928 16
520 4873 786 4930 continuatio‘ne'F’
838 4874 899 4930 liari
911 4872 984 4928 'rem'
994 4873 1149 4942 quaesitam
1169 4873 1204 4927 Γ*
1257 4872 1533 4928 adscendentes*

97 4943 352 5002 liherediscientia
366 4946 391 4998 F
438 4945 473 5000 27
489 4945 573 5014 quod]
587 4944 729 5010 Hal.,'non
742 4945 785 5009 Ρ,
838 4946 872 5000 41
892 4943 1110 5014 us‘us'ucapione
1128 4946 1165 4998 Ρ
1229 4944 1266 4999 42
1288 4943 1451 5002 utilitate'm'
1469 4943 1530 5005 ΡΙ

96 5029 151 5086 quo
161 5017 200 5072 1³⁸
240 5015 365 5087 ddpuer]
379 5016 494 5086 purel'¹
535 5015 715 5072 dtnumdum
727 5013 784 5082 F¹l
839 5013 1016 5072 suadente'm'
1029 5016 1067 5068 ps
1118 5015 1155 5072 44
1172 5015 1290 5087 peculii⁴
1303 5015 1340 5069 F*

109 5259 114 5272 Ι

43 5307 44 5310 ,
111 5311 124 5334 ‚·

139 5343 156 5372 ιο
322 5369 326 5372 -

159 5385 176 5412 ιἰ*
182 5397 188 5413 ι
