<?xml version="1.0" encoding="UTF-8"?>
<!DOCTYPE html PUBLIC "-//W3C//DTD XHTML 1.0 Transitional//EN"
    "http://www.w3.org/TR/xhtml1/DTD/xhtml1-transitional.dtd">
<html xmlns="http://www.w3.org/1999/xhtml" xml:lang="en" lang="en">
 <head>
  <title>
</title>
<meta http-equiv="Content-Type" content="text/html;charset=utf-8" />
  <meta name='ocr-system' content='tesseract 3.04.00' />
  <meta name='ocr-capabilities' content='ocr_page ocr_carea ocr_par ocr_line ocrx_word'/>
</head>
<body>
  <div class='ocr_page' id='page_1' title='image "./digestaiustinia00kruegoog_0697.png"; bbox 0 0 3608 5460; ppageno 0'>
   <div class='ocr_carea' id='block_1_1' title="bbox 669 199 689 238">
    <p class='ocr_par' dir='ltr' id='par_1_1' title="bbox 669 199 689 238">
     <span class='ocr_line' id='line_1_1' title="bbox 669 199 689 238; baseline 0 0"><span class='ocrx_word' id='word_1_1' title='bbox 669 199 689 238; x_wconf 78' lang='grc' dir='ltr'><strong>Ι.</strong></span> 
     </span>
    </p>
   </div>
   <div class='ocr_carea' id='block_1_2' title="bbox 270 247 1697 327">
    <p class='ocr_par' dir='ltr' id='par_1_2' title="bbox 270 247 1697 327">
     <span class='ocr_line' id='line_1_2' title="bbox 270 247 1697 327; baseline -0.001 -9"><span class='ocrx_word' id='word_1_2' title='bbox 270 249 419 318; x_wconf 83' lang='lat' dir='ltr'>XXXXV</span> <span class='ocrx_word' id='word_1_3' title='bbox 440 253 460 316; x_wconf 89' lang='lat'><strong>3</strong></span> <span class='ocrx_word' id='word_1_4' title='bbox 484 257 598 314; x_wconf 77' lang='lat'>11-18</span> <span class='ocrx_word' id='word_1_5' title='bbox 940 247 1027 327; x_wconf 81' lang='lat'><strong>682</strong></span> <span class='ocrx_word' id='word_1_6' title='bbox 1385 271 1432 318; x_wconf 84' lang='lat' dir='ltr'><strong>nn</strong></span> <span class='ocrx_word' id='word_1_7' title='bbox 1456 269 1697 318; x_wconf 81' lang='lat' dir='ltr'><strong>snrrnnsrsoss</strong></span> 
     </span>
    </p>
   </div>
   <div class='ocr_carea' id='block_1_3' title="bbox 213 408 1785 4404">
    <p class='ocr_par' dir='ltr' id='par_1_3' title="bbox 270 408 1697 570">
     <span class='ocr_line' id='line_1_3' title="bbox 270 408 1697 486; baseline -0.001 -22"><span class='ocrx_word' id='word_1_8' title='bbox 270 425 319 464; x_wconf 91' lang='lat' dir='ltr'><strong>our</strong></span> <span class='ocrx_word' id='word_1_9' title='bbox 336 423 402 479; x_wconf 84' lang='lat' dir='ltr'><strong>ergo</strong></span> <span class='ocrx_word' id='word_1_10' title='bbox 420 425 482 486; x_wconf 78' lang='lat' dir='ltr'><strong>cum</strong></span> <span class='ocrx_word' id='word_1_11' title='bbox 500 410 591 465; x_wconf 89' lang='lat' dir='ltr'><strong>Primo</strong></span> <span class='ocrx_word' id='word_1_12' title='bbox 609 414 658 465; x_wconf 90' lang='lat' dir='ltr'><strong>aut</strong></span> <span class='ocrx_word' id='word_1_13' title='bbox 675 409 803 465; x_wconf 90' lang='lat' dir='ltr'><strong>Secundo</strong></span> <span class='ocrx_word' id='word_1_14' title='bbox 821 409 938 464; x_wconf 88' lang='lat' dir='ltr'><strong>dominis</strong></span> <span class='ocrx_word' id='word_1_15' title='bbox 955 409 1094 477; x_wconf 80' lang='lat' dir='ltr'><strong>stipulatio</strong></span> <span class='ocrx_word' id='word_1_16' title='bbox 1113 425 1167 466; x_wconf 91' lang='lat' dir='ltr'><strong>nou</strong></span> <span class='ocrx_word' id='word_1_17' title='bbox 1176 410 1303 466; x_wconf 82' lang='lat' dir='ltr'><strong>constitit</strong></span> <span class='ocrx_word' id='word_1_18' title='bbox 1313 424 1365 466; x_wconf 90' lang='lat' dir='ltr'><strong>nee</strong></span> <span class='ocrx_word' id='word_1_19' title='bbox 1376 409 1477 466; x_wconf 90' lang='lat' dir='ltr'><strong>solutio</strong></span> <span class='ocrx_word' id='word_1_20' title='bbox 1490 409 1555 465; x_wconf 80' lang='lat' dir='ltr'><strong>est?</strong></span> <span class='ocrx_word' id='word_1_21' title='bbox 1581 409 1626 464; x_wconf 89' lang='lat' dir='ltr'><strong>illa</strong></span> <span class='ocrx_word' id='word_1_22' title='bbox 1636 408 1697 464; x_wconf 88' lang='lat' dir='ltr'><strong>ratio</strong></span> 
     </span>
     <span class='ocr_line' id='line_1_4' title="bbox 271 498 1514 570; baseline 0.001 -17"><span class='ocrx_word' id='word_1_23' title='bbox 271 501 321 568; x_wconf 90' lang='lat' dir='ltr'><strong>est,</strong></span> <span class='ocrx_word' id='word_1_24' title='bbox 340 498 477 568; x_wconf 87' lang='lat' dir='ltr'><strong>quianon</strong></span> <span class='ocrx_word' id='word_1_25' title='bbox 495 499 657 568; x_wconf 84' lang='lat' dir='ltr'><strong>insanimus,</strong></span> <span class='ocrx_word' id='word_1_26' title='bbox 676 499 704 553; x_wconf 95' lang='lat' dir='ltr'><strong>in</strong></span> <span class='ocrx_word' id='word_1_27' title='bbox 723 498 800 553; x_wconf 91' lang='lat' dir='ltr'><strong>cuius</strong></span> <span class='ocrx_word' id='word_1_28' title='bbox 817 513 936 568; x_wconf 88' lang='lat' dir='ltr'><strong>persona</strong></span> <span class='ocrx_word' id='word_1_29' title='bbox 954 499 1094 568; x_wconf 80' lang='lat' dir='ltr'><strong>stipulatio</strong></span> <span class='ocrx_word' id='word_1_30' title='bbox 1113 499 1244 570; x_wconf 91' lang='lat' dir='ltr'><strong>constitit,</strong></span> <span class='ocrx_word' id='word_1_31' title='bbox 1262 500 1290 554; x_wconf 91' lang='lat' dir='ltr'><strong>in</strong></span> <span class='ocrx_word' id='word_1_32' title='bbox 1308 499 1386 554; x_wconf 87' lang='lat' dir='ltr'><strong>ouius</strong></span> <span class='ocrx_word' id='word_1_33' title='bbox 1404 499 1514 555; x_wconf 87' lang='lat' dir='ltr'><strong>solutio.</strong></span> 
     </span>
    </p>

    <p class='ocr_par' dir='ltr' id='par_1_4' title="bbox 215 587 1742 747">
     <span class='ocr_line' id='line_1_5' title="bbox 215 587 1742 659; baseline -0.004 -12"><span class='ocrx_word' id='word_1_34' title='bbox 215 590 252 648; x_wconf 82' lang='lat'><strong>12</strong></span> <span class='ocrx_word' id='word_1_35' title='bbox 323 589 442 643; x_wconf 74' lang='lat' dir='ltr'><strong>Pennus</strong></span> <span class='ocrx_word' id='word_1_36' title='bbox 464 587 534 643; x_wconf 92' lang='lat' dir='ltr'><strong>libro</strong></span> <span class='ocrx_word' id='word_1_37' title='bbox 551 587 658 642; x_wconf 88' lang='lat' dir='ltr'><strong>decimo</strong></span> <span class='ocrx_word' id='word_1_38' title='bbox 670 587 876 657; x_wconf 73' lang='lat' dir='ltr'><strong>quaestionum.</strong></span> <span class='ocrx_word' id='word_1_39' title='bbox 914 587 983 642; x_wconf 86' lang='lat' dir='ltr'><strong>Nam</strong></span> <span class='ocrx_word' id='word_1_40' title='bbox 1002 603 1064 642; x_wconf 88' lang='lat' dir='ltr'><strong>cum</strong></span> <span class='ocrx_word' id='word_1_41' title='bbox 1084 593 1198 657; x_wconf 87' lang='lat' dir='ltr'><strong>uterque</strong></span> <span class='ocrx_word' id='word_1_42' title='bbox 1216 587 1391 659; x_wconf 73' lang='lat' dir='ltr'><strong>obligationis</strong></span> <span class='ocrx_word' id='word_1_43' title='bbox 1409 603 1499 659; x_wconf 81' lang='lat' dir='ltr'><strong>capax</strong></span> <span class='ocrx_word' id='word_1_44' title='bbox 1516 588 1568 658; x_wconf 90' lang='lat' dir='ltr'><strong>sit,</strong></span> <span class='ocrx_word' id='word_1_45' title='bbox 1593 603 1646 644; x_wconf 92' lang='lat' dir='ltr'><strong>non</strong></span> <span class='ocrx_word' id='word_1_46' title='bbox 1663 587 1696 642; x_wconf 88' lang='lat' dir='ltr'><strong>in·</strong></span> <span class='ocrx_word' id='word_1_47' title='bbox 1709 587 1742 641; x_wconf 74' lang='lat' dir='ltr'><strong>‘P</strong></span> 
     </span>
     <span class='ocr_line' id='line_1_6' title="bbox 271 676 1721 747; baseline 0.002 -17"><span class='ocrx_word' id='word_1_48' title='bbox 271 676 403 744; x_wconf 91' lang='lat' dir='ltr'><strong>uenimus,</strong></span> <span class='ocrx_word' id='word_1_49' title='bbox 423 677 484 746; x_wconf 93' lang='lat' dir='ltr'><strong>quis</strong></span> <span class='ocrx_word' id='word_1_50' title='bbox 502 677 626 732; x_wconf 89' lang='lat' dir='ltr'><strong>adiectus</strong></span> <span class='ocrx_word' id='word_1_51' title='bbox 644 677 688 745; x_wconf 88' lang='lat' dir='ltr'><strong>sit,</strong></span> <span class='ocrx_word' id='word_1_52' title='bbox 708 677 787 745; x_wconf 89' lang='lat' dir='ltr'><strong>quia¹</strong></span> <span class='ocrx_word' id='word_1_53' title='bbox 807 691 862 731; x_wconf 93' lang='lat' dir='ltr'><strong>non</strong></span> <span class='ocrx_word' id='word_1_54' title='bbox 880 681 930 745; x_wconf 92' lang='lat' dir='ltr'><strong>est,</strong></span> <span class='ocrx_word' id='word_1_55' title='bbox 949 676 996 745; x_wconf 91' lang='lat' dir='ltr'><strong>qui</strong></span> <span class='ocrx_word' id='word_1_56' title='bbox 1014 679 1108 746; x_wconf 88' lang='lat' dir='ltr'><strong>potere</strong></span> <span class='ocrx_word' id='word_1_57' title='bbox 1126 677 1222 747; x_wconf 85' lang='lat' dir='ltr'><strong>possit.</strong></span> <span class='ocrx_word' id='word_1_58' title='bbox 1710 692 1721 732; x_wconf 86' lang='lat' dir='ltr'><strong>s</strong></span> 
     </span>
    </p>

    <p class='ocr_par' dir='ltr' id='par_1_5' title="bbox 214 757 1737 1018">
     <span class='ocr_line' id='line_1_7' title="bbox 214 757 1737 849; baseline 0.001 -30"><span class='ocrx_word' id='word_1_59' title='bbox 214 768 252 826; x_wconf 87' lang='lat'><strong>13</strong></span> <span class='ocrx_word' id='word_1_60' title='bbox 323 764 473 821; x_wconf 69' lang='lat' dir='ltr'><strong>uterinus</strong></span> <span class='ocrx_word' id='word_1_61' title='bbox 495 765 564 821; x_wconf 92' lang='lat' dir='ltr'><strong>libro</strong></span> <span class='ocrx_word' id='word_1_62' title='bbox 588 764 818 836; x_wconf 81' lang='lat' dir='ltr'><strong>quadragensimo</strong></span> <span class='ocrx_word' id='word_1_63' title='bbox 841 769 941 820; x_wconf 86' lang='lat' dir='ltr'><strong>octauo</strong></span> <span class='ocrx_word' id='word_1_64' title='bbox 964 764 1000 820; x_wconf 93' lang='lat' dir='ltr'><strong>ad</strong></span> <span class='ocrx_word' id='word_1_65' title='bbox 1018 757 1158 821; x_wconf 80' lang='lat' dir='ltr'><strong>Sabinum.</strong></span> <span class='ocrx_word' id='word_1_66' title='bbox 1194 763 1358 822; x_wconf 77' lang='lat' dir='ltr'><strong>cumcuim</strong></span> <span class='ocrx_word' id='word_1_67' title='bbox 1381 766 1530 836; x_wconf 90' lang='lat' dir='ltr'><strong>stipulatur</strong></span> <span class='ocrx_word' id='word_1_68' title='bbox 1547 760 1737 849; x_wconf 60' lang='lat' dir='ltr'><strong>[Qu</strong></span> 
     </span>
     <span class='ocr_line' id='line_1_8' title="bbox 270 852 1696 925; baseline 0 -16"><span class='ocrx_word' id='word_1_69' title='bbox 270 852 380 909; x_wconf 90' lang='lat' dir='ltr'><strong>domino</strong></span> <span class='ocrx_word' id='word_1_70' title='bbox 401 860 449 908; x_wconf 92' lang='lat' dir='ltr'><strong>aut</strong></span> <span class='ocrx_word' id='word_1_71' title='bbox 466 861 596 910; x_wconf 86' lang='lat' dir='ltr'><strong>extraneo</strong></span> <span class='ocrx_word' id='word_1_72' title='bbox 615 870 725 923; x_wconf 91' lang='lat' dir='ltr'><strong>seruus,</strong></span> <span class='ocrx_word' id='word_1_73' title='bbox 748 857 894 923; x_wconf 89' lang='lat' dir='ltr'><strong>utrumque</strong></span> <span class='ocrx_word' id='word_1_74' title='bbox 912 854 1041 910; x_wconf 80' lang='lat' dir='ltr'><strong>consistet</strong></span> <span class='ocrx_word' id='word_1_75' title='bbox 1058 859 1087 909; x_wconf 91' lang='lat' dir='ltr'><strong>et</strong></span> <span class='ocrx_word' id='word_1_76' title='bbox 1104 855 1132 909; x_wconf 92' lang='lat' dir='ltr'><strong>in</strong></span> <span class='ocrx_word' id='word_1_77' title='bbox 1150 853 1253 910; x_wconf 88' lang='lat' dir='ltr'><strong>domini</strong></span> <span class='ocrx_word' id='word_1_78' title='bbox 1270 870 1388 925; x_wconf 88' lang='lat' dir='ltr'><strong>persona</strong></span> <span class='ocrx_word' id='word_1_79' title='bbox 1404 855 1547 924; x_wconf 85' lang='lat' dir='ltr'><strong>stipulatio</strong></span> <span class='ocrx_word' id='word_1_80' title='bbox 1566 859 1595 910; x_wconf 88' lang='lat' dir='ltr'><strong>et</strong></span> <span class='ocrx_word' id='word_1_81' title='bbox 1612 856 1696 910; x_wconf 88' lang='lat' dir='ltr'><strong>inex·</strong></span> 
     </span>
     <span class='ocr_line' id='line_1_9' title="bbox 269 943 1377 1018; baseline 0 -20"><span class='ocrx_word' id='word_1_82' title='bbox 269 943 357 999; x_wconf 85' lang='lat' dir='ltr'><strong>tranei</strong></span> <span class='ocrx_word' id='word_1_83' title='bbox 374 944 487 1018; x_wconf 89' lang='lat' dir='ltr'><strong>solutio:</strong></span> <span class='ocrx_word' id='word_1_84' title='bbox 506 947 535 999; x_wconf 92' lang='lat' dir='ltr'><strong>at</strong></span> <span class='ocrx_word' id='word_1_85' title='bbox 552 944 597 999; x_wconf 89' lang='lat' dir='ltr'><strong>hic</strong></span> <span class='ocrx_word' id='word_1_86' title='bbox 615 943 646 998; x_wconf 85' lang='grc' dir='ltr'><strong>τὸ</strong></span> <span class='ocrx_word' id='word_1_87' title='bbox 666 943 752 999; x_wconf 76' lang='lat' dir='ltr'><strong>ledros</strong></span> <span class='ocrx_word' id='word_1_88' title='bbox 771 943 920 1012; x_wconf 90' lang='lat' dir='ltr'><strong>corrumpit</strong></span> <span class='ocrx_word' id='word_1_89' title='bbox 938 943 1142 1012; x_wconf 87' lang='lat' dir='ltr'><strong>stipulationem</strong></span> <span class='ocrx_word' id='word_1_90' title='bbox 1160 947 1189 998; x_wconf 91' lang='lat' dir='ltr'><strong>et</strong></span> <span class='ocrx_word' id='word_1_91' title='bbox 1206 945 1377 1000; x_wconf 86' lang='lat' dir='ltr'><strong>solutionem.</strong></span> 
     </span>
    </p>

    <p class='ocr_par' dir='ltr' id='par_1_6' title="bbox 214 1027 1736 1445">
     <span class='ocr_line' id='line_1_10' title="bbox 214 1027 1736 1116; baseline 0.001 -30"><span class='ocrx_word' id='word_1_92' title='bbox 214 1036 251 1093; x_wconf 87' lang='grc'><strong>14</strong></span> <span class='ocrx_word' id='word_1_93' title='bbox 322 1032 464 1088; x_wconf 74' lang='lat' dir='ltr'><strong>lominus</strong></span> <span class='ocrx_word' id='word_1_94' title='bbox 486 1032 555 1088; x_wconf 90' lang='lat' dir='ltr'><strong>libro</strong></span> <span class='ocrx_word' id='word_1_95' title='bbox 576 1033 657 1088; x_wconf 86' lang='lat' dir='ltr'><strong>tertio</strong></span> <span class='ocrx_word' id='word_1_96' title='bbox 675 1033 711 1088; x_wconf 90' lang='lat' dir='ltr'><strong>ad</strong></span> <span class='ocrx_word' id='word_1_97' title='bbox 729 1031 854 1088; x_wconf 82' lang='lat' dir='ltr'><strong>Urseium</strong></span> <span class='ocrx_word' id='word_1_98' title='bbox 873 1031 1013 1088; x_wconf 78' lang='lat' dir='ltr'><strong>Ferocem.</strong></span> <span class='ocrx_word' id='word_1_99' title='bbox 1050 1031 1154 1088; x_wconf 85' lang='lat' dir='ltr'><strong>Seruus</strong></span> <span class='ocrx_word' id='word_1_100' title='bbox 1172 1047 1250 1088; x_wconf 89' lang='lat' dir='ltr'><strong>meus</strong></span> <span class='ocrx_word' id='word_1_101' title='bbox 1268 1048 1331 1088; x_wconf 89' lang='lat' dir='ltr'><strong>cum</strong></span> <span class='ocrx_word' id='word_1_102' title='bbox 1348 1032 1422 1104; x_wconf 92' lang='lat' dir='ltr'><strong>apud</strong></span> <span class='ocrx_word' id='word_1_103' title='bbox 1439 1031 1527 1088; x_wconf 89' lang='lat' dir='ltr'><strong>forem</strong></span> <span class='ocrx_word' id='word_1_104' title='bbox 1547 1027 1696 1116; x_wconf 62' lang='lat' dir='ltr'><strong>[Q</strong></span> <span class='ocrx_word' id='word_1_105' title='bbox 1720 1043 1736 1098; x_wconf 80' lang='lat' dir='ltr'><strong>s</strong></span> 
     </span>
     <span class='ocr_line' id='line_1_11' title="bbox 269 1119 1696 1194; baseline 0.001 -18"><span class='ocrx_word' id='word_1_106' title='bbox 269 1125 358 1190; x_wconf 85' lang='lat' dir='ltr'><strong>esset,</strong></span> <span class='ocrx_word' id='word_1_107' title='bbox 376 1119 429 1176; x_wconf 91' lang='lat' dir='ltr'><strong>iuri</strong></span> <span class='ocrx_word' id='word_1_108' title='bbox 447 1121 506 1176; x_wconf 90' lang='lat' dir='ltr'><strong>dari</strong></span> <span class='ocrx_word' id='word_1_109' title='bbox 524 1123 670 1192; x_wconf 89' lang='lat' dir='ltr'><strong>stipulatus</strong></span> <span class='ocrx_word' id='word_1_110' title='bbox 688 1127 745 1178; x_wconf 87' lang='lat' dir='ltr'><strong>est:</strong></span> <span class='ocrx_word' id='word_1_111' title='bbox 763 1125 848 1191; x_wconf 78' lang='lat' dir='ltr'><strong>negat</strong></span> <span class='ocrx_word' id='word_1_112' title='bbox 865 1119 918 1176; x_wconf 84' lang='lat' dir='ltr'><strong>furi</strong></span> <span class='ocrx_word' id='word_1_113' title='bbox 937 1120 1030 1176; x_wconf 88' lang='lat' dir='ltr'><strong>debari</strong></span> <span class='ocrx_word' id='word_1_114' title='bbox 1049 1119 1181 1192; x_wconf 83' lang='lat' dir='ltr'><strong>Sabinus,</strong></span> <span class='ocrx_word' id='word_1_115' title='bbox 1200 1123 1266 1192; x_wconf 91' lang='lat' dir='ltr'><strong>quia</strong></span> <span class='ocrx_word' id='word_1_116' title='bbox 1282 1137 1316 1178; x_wconf 90' lang='lat' dir='ltr'><strong>eo</strong></span> <span class='ocrx_word' id='word_1_117' title='bbox 1333 1129 1465 1194; x_wconf 88' lang='lat' dir='ltr'><strong>tempore,</strong></span> <span class='ocrx_word' id='word_1_118' title='bbox 1483 1137 1540 1192; x_wconf 92' lang='lat' dir='ltr'><strong>quo</strong></span> <span class='ocrx_word' id='word_1_119' title='bbox 1558 1123 1696 1193; x_wconf 87' lang='lat' dir='ltr'><strong>stipulatus</strong></span> 
     </span>
     <span class='ocr_line' id='line_1_12' title="bbox 270 1209 1730 1282; baseline -0.003 -16"><span class='ocrx_word' id='word_1_120' title='bbox 270 1215 325 1280; x_wconf 92' lang='lat' dir='ltr'><strong>est,</strong></span> <span class='ocrx_word' id='word_1_121' title='bbox 350 1211 375 1265; x_wconf 90' lang='lat' dir='ltr'><strong>ei</strong></span> <span class='ocrx_word' id='word_1_122' title='bbox 400 1223 455 1265; x_wconf 90' lang='lat' dir='ltr'><strong>non</strong></span> <span class='ocrx_word' id='word_1_123' title='bbox 477 1210 606 1266; x_wconf 89' lang='lat' dir='ltr'><strong>seruiret:</strong></span> <span class='ocrx_word' id='word_1_124' title='bbox 631 1209 681 1265; x_wconf 89' lang='lat' dir='ltr'><strong>sed</strong></span> <span class='ocrx_word' id='word_1_125' title='bbox 705 1225 756 1265; x_wconf 89' lang='lat' dir='ltr'><strong>neo</strong></span> <span class='ocrx_word' id='word_1_126' title='bbox 777 1224 830 1280; x_wconf 79' lang='lat' dir='ltr'><strong>ego</strong></span> <span class='ocrx_word' id='word_1_127' title='bbox 849 1225 883 1265; x_wconf 91' lang='lat' dir='ltr'><strong>ex</strong></span> <span class='ocrx_word' id='word_1_128' title='bbox 901 1225 935 1265; x_wconf 89' lang='lat' dir='ltr'><strong>ea</strong></span> <span class='ocrx_word' id='word_1_129' title='bbox 953 1209 1128 1280; x_wconf 83' lang='lat' dir='ltr'><strong>stipulatione</strong></span> <span class='ocrx_word' id='word_1_130' title='bbox 1146 1225 1229 1280; x_wconf 83' lang='lat' dir='ltr'><strong>agere</strong></span> <span class='ocrx_word' id='word_1_131' title='bbox 1246 1217 1351 1282; x_wconf 88' lang='lat' dir='ltr'><strong>potero.</strong></span> <span class='ocrx_word' id='word_1_132' title='bbox 1384 1211 1433 1266; x_wconf 89' lang='lat' dir='ltr'><strong>sed</strong></span> <span class='ocrx_word' id='word_1_133' title='bbox 1451 1212 1476 1266; x_wconf 90' lang='lat' dir='ltr'><strong>si</strong></span> <span class='ocrx_word' id='word_1_134' title='bbox 1494 1211 1620 1268; x_wconf 76' lang='lat' dir='ltr'><strong>damaeta</strong></span> <span class='ocrx_word' id='word_1_135' title='bbox 1636 1211 1696 1266; x_wconf 77' lang='lat' dir='ltr'><strong>luds</strong></span> <span class='ocrx_word' id='word_1_136' title='bbox 1710 1221 1730 1262; x_wconf 86' lang='lat' dir='ltr'><strong>re</strong></span> 
     </span>
     <span class='ocr_line' id='line_1_13' title="bbox 270 1297 1695 1372; baseline 0 -16"><span class='ocrx_word' id='word_1_137' title='bbox 270 1315 387 1372; x_wconf 88' lang='lat' dir='ltr'><strong>persona</strong></span> <span class='ocrx_word' id='word_1_138' title='bbox 409 1300 556 1370; x_wconf 89' lang='lat' dir='ltr'><strong>stipulatus</strong></span> <span class='ocrx_word' id='word_1_139' title='bbox 574 1305 630 1369; x_wconf 89' lang='lat' dir='ltr'><strong>ost,</strong></span> <span class='ocrx_word' id='word_1_140' title='bbox 654 1298 720 1354; x_wconf 91' lang='lat' dir='ltr'><strong>mihi</strong></span> <span class='ocrx_word' id='word_1_141' title='bbox 737 1298 848 1368; x_wconf 88' lang='lat' dir='ltr'><strong>quidem</strong></span> <span class='ocrx_word' id='word_1_142' title='bbox 867 1297 1019 1368; x_wconf 86' lang='lat' dir='ltr'><strong>adquiritur</strong></span> <span class='ocrx_word' id='word_1_143' title='bbox 1037 1299 1121 1368; x_wconf 89' lang='lat' dir='ltr'><strong>actio,</strong></span> <span class='ocrx_word' id='word_1_144' title='bbox 1143 1300 1193 1355; x_wconf 90' lang='lat' dir='ltr'><strong>sed</strong></span> <span class='ocrx_word' id='word_1_145' title='bbox 1211 1298 1264 1356; x_wconf 79' lang='lat' dir='ltr'><strong>huri</strong></span> <span class='ocrx_word' id='word_1_146' title='bbox 1281 1315 1332 1356; x_wconf 90' lang='lat' dir='ltr'><strong>neo</strong></span> <span class='ocrx_word' id='word_1_147' title='bbox 1350 1300 1473 1355; x_wconf 89' lang='lat' dir='ltr'><strong>mandati</strong></span> <span class='ocrx_word' id='word_1_148' title='bbox 1491 1315 1544 1356; x_wconf 91' lang='lat' dir='ltr'><strong>nec</strong></span> <span class='ocrx_word' id='word_1_149' title='bbox 1561 1302 1615 1356; x_wconf 88' lang='lat' dir='ltr'><strong>alia</strong></span> <span class='ocrx_word' id='word_1_150' title='bbox 1631 1301 1695 1356; x_wconf 86' lang='lat' dir='ltr'><strong>aetio</strong></span> 
     </span>
     <span class='ocr_line' id='line_1_14' title="bbox 271 1387 652 1445; baseline -0.003 0"><span class='ocrx_word' id='word_1_151' title='bbox 271 1389 404 1445; x_wconf 90' lang='lat' dir='ltr'><strong>aduersus</strong></span> <span class='ocrx_word' id='word_1_152' title='bbox 422 1403 465 1444; x_wconf 90' lang='lat' dir='ltr'><strong>me</strong></span> <span class='ocrx_word' id='word_1_153' title='bbox 484 1387 543 1444; x_wconf 87' lang='lat' dir='ltr'><strong>dari</strong></span> <span class='ocrx_word' id='word_1_154' title='bbox 561 1387 652 1444; x_wconf 91' lang='lat' dir='ltr'><strong>debet.</strong></span> 
     </span>
    </p>

    <p class='ocr_par' dir='ltr' id='par_1_7' title="bbox 214 1473 1732 1637">
     <span class='ocr_line' id='line_1_15' title="bbox 214 1473 1732 1560; baseline 0.003 -27"><span class='ocrx_word' id='word_1_155' title='bbox 214 1481 252 1540; x_wconf 79' lang='lat'><strong>15</strong></span> <span class='ocrx_word' id='word_1_156' title='bbox 323 1479 532 1536; x_wconf 79' lang='lat' dir='ltr'><strong>Fnoannnmus</strong></span> <span class='ocrx_word' id='word_1_157' title='bbox 550 1476 619 1533; x_wconf 90' lang='lat' dir='ltr'><strong>libro</strong></span> <span class='ocrx_word' id='word_1_158' title='bbox 637 1483 736 1533; x_wconf 72' lang='lat' dir='ltr'><strong>neuun</strong></span> <span class='ocrx_word' id='word_1_159' title='bbox 754 1476 964 1532; x_wconf 89' lang='lat' dir='ltr'><strong>institutionum.</strong></span> <span class='ocrx_word' id='word_1_160' title='bbox 995 1473 1060 1532; x_wconf 86' lang='lat' dir='ltr'><strong>Siue</strong></span> <span class='ocrx_word' id='word_1_161' title='bbox 1079 1475 1143 1532; x_wconf 90' lang='lat' dir='ltr'><strong>mihi</strong></span> <span class='ocrx_word' id='word_1_162' title='bbox 1161 1475 1221 1532; x_wconf 90' lang='lat' dir='ltr'><strong>siue</strong></span> <span class='ocrx_word' id='word_1_163' title='bbox 1239 1475 1291 1532; x_wconf 89' lang='lat' dir='ltr'><strong>sibi</strong></span> <span class='ocrx_word' id='word_1_164' title='bbox 1309 1479 1368 1534; x_wconf 88' lang='lat' dir='ltr'><strong>siue</strong></span> <span class='ocrx_word' id='word_1_165' title='bbox 1387 1473 1449 1560; x_wconf 68' lang='lat' dir='ltr'><strong>lte,</strong></span> <span class='ocrx_word' id='word_1_166' title='bbox 1463 1490 1492 1535; x_wconf 77' lang='grc' dir='ltr'><strong>ιι</strong></span> <span class='ocrx_word' id='word_1_167' title='bbox 1504 1503 1540 1549; x_wconf 87' lang='lat' dir='ltr'><strong>pr.</strong></span> <span class='ocrx_word' id='word_1_168' title='bbox 1561 1490 1693 1546; x_wconf 75' lang='lat' dir='ltr'><strong>B.ea,e,14</strong></span> <span class='ocrx_word' id='word_1_169' title='bbox 1716 1482 1732 1536; x_wconf 83' lang='lat' dir='ltr'><strong><em>S</em></strong></span> 
     </span>
     <span class='ocr_line' id='line_1_16' title="bbox 270 1565 1726 1637; baseline -0.005 -14"><span class='ocrx_word' id='word_1_170' title='bbox 270 1581 403 1624; x_wconf 89' lang='lat' dir='ltr'><strong>conseruo</strong></span> <span class='ocrx_word' id='word_1_171' title='bbox 421 1582 472 1622; x_wconf 92' lang='lat' dir='ltr'><strong>suo</strong></span> <span class='ocrx_word' id='word_1_172' title='bbox 490 1567 549 1622; x_wconf 91' lang='lat' dir='ltr'><strong>siue</strong></span> <span class='ocrx_word' id='word_1_173' title='bbox 567 1567 774 1637; x_wconf 75' lang='lat' dir='ltr'><strong>impersonaliter</strong></span> <span class='ocrx_word' id='word_1_174' title='bbox 792 1565 851 1620; x_wconf 88' lang='lat' dir='ltr'><strong>dari</strong></span> <span class='ocrx_word' id='word_1_175' title='bbox 869 1579 966 1620; x_wconf 89' lang='lat' dir='ltr'><strong>seruus</strong></span> <span class='ocrx_word' id='word_1_176' title='bbox 984 1579 1062 1620; x_wconf 92' lang='lat' dir='ltr'><strong>meus</strong></span> <span class='ocrx_word' id='word_1_177' title='bbox 1080 1565 1234 1636; x_wconf 88' lang='lat' dir='ltr'><strong>stipuletur,</strong></span> <span class='ocrx_word' id='word_1_178' title='bbox 1253 1565 1318 1622; x_wconf 87' lang='lat' dir='ltr'><strong>mihi</strong></span> <span class='ocrx_word' id='word_1_179' title='bbox 1336 1567 1471 1637; x_wconf 84' lang='lat' dir='ltr'><strong>adquiret.</strong></span> <span class='ocrx_word' id='word_1_180' title='bbox 1707 1578 1726 1616; x_wconf 90' lang='grc' dir='ltr'><strong>ιι</strong></span> 
     </span>
    </p>

    <p class='ocr_par' dir='ltr' id='par_1_8' title="bbox 214 1651 1730 1815">
     <span class='ocr_line' id='line_1_17' title="bbox 214 1651 1730 1741; baseline 0.001 -29"><span class='ocrx_word' id='word_1_181' title='bbox 214 1660 252 1718; x_wconf 87' lang='lat'><strong>16</strong></span> <span class='ocrx_word' id='word_1_182' title='bbox 323 1657 442 1712; x_wconf 78' lang='lat' dir='ltr'><strong>Prosus</strong></span> <span class='ocrx_word' id='word_1_183' title='bbox 463 1655 531 1712; x_wconf 90' lang='lat' dir='ltr'><strong>libro</strong></span> <span class='ocrx_word' id='word_1_184' title='bbox 549 1661 647 1727; x_wconf 88' lang='lat' dir='ltr'><strong>quarto</strong></span> <span class='ocrx_word' id='word_1_185' title='bbox 665 1655 830 1725; x_wconf 88' lang='lat' dir='ltr'><strong>regularum.</strong></span> <span class='ocrx_word' id='word_1_186' title='bbox 867 1651 970 1710; x_wconf 86' lang='lat' dir='ltr'><strong>Seruus</strong></span> <span class='ocrx_word' id='word_1_187' title='bbox 987 1653 1168 1710; x_wconf 86' lang='lat' dir='ltr'><strong>hereditarius</strong></span> <span class='ocrx_word' id='word_1_188' title='bbox 1186 1653 1278 1711; x_wconf 88' lang='lat' dir='ltr'><strong>futuro</strong></span> <span class='ocrx_word' id='word_1_189' title='bbox 1296 1655 1389 1712; x_wconf 89' lang='lat' dir='ltr'><strong>heredi</strong></span> <span class='ocrx_word' id='word_1_190' title='bbox 1405 1657 1528 1711; x_wconf 89' lang='lat' dir='ltr'><strong>nomina·</strong></span> <span class='ocrx_word' id='word_1_191' title='bbox 1547 1651 1692 1741; x_wconf 57' lang='lat' dir='ltr'><strong>[affl</strong></span> <span class='ocrx_word' id='word_1_192' title='bbox 1716 1661 1730 1713; x_wconf 83' lang='lat' dir='ltr'><em>S</em></span> 
     </span>
     <span class='ocr_line' id='line_1_18' title="bbox 270 1743 1626 1815; baseline -0.001 -14"><span class='ocrx_word' id='word_1_193' title='bbox 270 1745 320 1802; x_wconf 79' lang='lat' dir='ltr'><strong>dm</strong></span> <span class='ocrx_word' id='word_1_194' title='bbox 338 1745 397 1800; x_wconf 90' lang='lat' dir='ltr'><strong>dari</strong></span> <span class='ocrx_word' id='word_1_195' title='bbox 416 1746 562 1815; x_wconf 88' lang='lat' dir='ltr'><strong>stipulatus</strong></span> <span class='ocrx_word' id='word_1_196' title='bbox 580 1745 645 1800; x_wconf 91' lang='lat' dir='ltr'><strong>nihil</strong></span> <span class='ocrx_word' id='word_1_197' title='bbox 664 1745 729 1814; x_wconf 85' lang='lat' dir='ltr'><strong>agit,</strong></span> <span class='ocrx_word' id='word_1_198' title='bbox 748 1743 813 1813; x_wconf 91' lang='lat' dir='ltr'><strong>quia</strong></span> <span class='ocrx_word' id='word_1_199' title='bbox 831 1743 1015 1814; x_wconf 87' lang='lat' dir='ltr'><strong>stipulationis</strong></span> <span class='ocrx_word' id='word_1_200' title='bbox 1032 1747 1156 1814; x_wconf 88' lang='lat' dir='ltr'><strong>tempore</strong></span> <span class='ocrx_word' id='word_1_201' title='bbox 1174 1743 1254 1799; x_wconf 89' lang='lat' dir='ltr'><strong>heres</strong></span> <span class='ocrx_word' id='word_1_202' title='bbox 1271 1744 1397 1800; x_wconf 91' lang='lat' dir='ltr'><strong>dominus</strong></span> <span class='ocrx_word' id='word_1_203' title='bbox 1415 1745 1476 1801; x_wconf 88' lang='lat' dir='ltr'><strong>eius</strong></span> <span class='ocrx_word' id='word_1_204' title='bbox 1492 1760 1550 1801; x_wconf 89' lang='lat' dir='ltr'><strong>non</strong></span> <span class='ocrx_word' id='word_1_205' title='bbox 1567 1744 1626 1801; x_wconf 85' lang='lat' dir='ltr'><strong>fnit</strong></span> 
     </span>
    </p>

    <p class='ocr_par' dir='ltr' id='par_1_9' title="bbox 214 1829 1748 2172">
     <span class='ocr_line' id='line_1_19' title="bbox 214 1829 1748 1920; baseline 0.001 -30"><span class='ocrx_word' id='word_1_206' title='bbox 214 1837 252 1897; x_wconf 86' lang='grc'><strong>17</strong></span> <span class='ocrx_word' id='word_1_207' title='bbox 324 1835 495 1890; x_wconf 73' lang='lat' dir='ltr'><strong>ecmonus</strong></span> <span class='ocrx_word' id='word_1_208' title='bbox 512 1834 580 1890; x_wconf 92' lang='lat' dir='ltr'><strong>libro</strong></span> <span class='ocrx_word' id='word_1_209' title='bbox 599 1847 671 1890; x_wconf 91' lang='lat' dir='ltr'><strong>nono</strong></span> <span class='ocrx_word' id='word_1_210' title='bbox 690 1833 725 1888; x_wconf 88' lang='lat' dir='ltr'><strong>ad</strong></span> <span class='ocrx_word' id='word_1_211' title='bbox 743 1831 883 1888; x_wconf 83' lang='lat' dir='ltr'><strong>Sabinum.</strong></span> <span class='ocrx_word' id='word_1_212' title='bbox 912 1831 941 1887; x_wconf 86' lang='lat' dir='ltr'><strong>Si</strong></span> <span class='ocrx_word' id='word_1_213' title='bbox 959 1833 1111 1888; x_wconf 89' lang='lat' dir='ltr'><strong>communis</strong></span> <span class='ocrx_word' id='word_1_214' title='bbox 1129 1848 1227 1888; x_wconf 89' lang='lat' dir='ltr'><strong>seruus</strong></span> <span class='ocrx_word' id='word_1_215' title='bbox 1245 1847 1322 1888; x_wconf 89' lang='lat' dir='ltr'><strong>meus</strong></span> <span class='ocrx_word' id='word_1_216' title='bbox 1336 1839 1364 1889; x_wconf 90' lang='lat' dir='ltr'><strong>et</strong></span> <span class='ocrx_word' id='word_1_217' title='bbox 1376 1839 1441 1890; x_wconf 90' lang='lat' dir='ltr'><strong>tuus</strong></span> <span class='ocrx_word' id='word_1_218' title='bbox 1453 1835 1528 1890; x_wconf 89' lang='lat' dir='ltr'><strong>niam</strong></span> <span class='ocrx_word' id='word_1_219' title='bbox 1548 1829 1692 1920; x_wconf 60' lang='lat' dir='ltr'><em>Q</em></span> <span class='ocrx_word' id='word_1_220' title='bbox 1715 1836 1748 1909; x_wconf 67' lang='lat' dir='ltr'><strong>Sl*</strong></span> 
     </span>
     <span class='ocr_line' id='line_1_20' title="bbox 271 1921 1691 1993; baseline -0.001 -13"><span class='ocrx_word' id='word_1_221' title='bbox 271 1925 315 1980; x_wconf 90' lang='lat' dir='ltr'><strong>uel</strong></span> <span class='ocrx_word' id='word_1_222' title='bbox 338 1923 390 1980; x_wconf 88' lang='lat' dir='ltr'><strong>iter</strong></span> <span class='ocrx_word' id='word_1_223' title='bbox 412 1924 456 1979; x_wconf 91' lang='lat' dir='ltr'><strong>uel</strong></span> <span class='ocrx_word' id='word_1_224' title='bbox 478 1928 569 1979; x_wconf 91' lang='lat' dir='ltr'><strong>actum</strong></span> <span class='ocrx_word' id='word_1_225' title='bbox 588 1923 734 1993; x_wconf 86' lang='lat' dir='ltr'><strong>stipuletur</strong></span> <span class='ocrx_word' id='word_1_226' title='bbox 751 1923 809 1978; x_wconf 90' lang='lat' dir='ltr'><strong>sine</strong></span> <span class='ocrx_word' id='word_1_227' title='bbox 828 1921 983 1978; x_wconf 87' lang='lat' dir='ltr'><strong>adiectione</strong></span> <span class='ocrx_word' id='word_1_228' title='bbox 1000 1923 1118 1977; x_wconf 90' lang='lat' dir='ltr'><strong>nominis</strong></span> <span class='ocrx_word' id='word_1_229' title='bbox 1135 1923 1234 1992; x_wconf 83' lang='lat' dir='ltr'><strong>nostri,</strong></span> <span class='ocrx_word' id='word_1_230' title='bbox 1258 1937 1320 1977; x_wconf 91' lang='lat' dir='ltr'><strong>cum</strong></span> <span class='ocrx_word' id='word_1_231' title='bbox 1339 1938 1391 1992; x_wconf 79' lang='lat' dir='ltr'><strong>ego</strong></span> <span class='ocrx_word' id='word_1_232' title='bbox 1409 1924 1485 1979; x_wconf 89' lang='lat' dir='ltr'><strong>solus</strong></span> <span class='ocrx_word' id='word_1_233' title='bbox 1503 1922 1619 1980; x_wconf 86' lang='lat' dir='ltr'><strong>fundum</strong></span> <span class='ocrx_word' id='word_1_234' title='bbox 1636 1925 1691 1980; x_wconf 86' lang='lat' dir='ltr'><strong>uici·</strong></span> 
     </span>
     <span class='ocr_line' id='line_1_21' title="bbox 270 2010 1691 2084; baseline -0.001 -15"><span class='ocrx_word' id='word_1_235' title='bbox 270 2029 335 2070; x_wconf 90' lang='lat' dir='ltr'><strong>num</strong></span> <span class='ocrx_word' id='word_1_236' title='bbox 354 2012 478 2083; x_wconf 87' lang='lat' dir='ltr'><strong>habeam,</strong></span> <span class='ocrx_word' id='word_1_237' title='bbox 497 2013 547 2068; x_wconf 92' lang='lat' dir='ltr'><strong>soli</strong></span> <span class='ocrx_word' id='word_1_238' title='bbox 566 2011 631 2068; x_wconf 89' lang='lat' dir='ltr'><strong>mihi</strong></span> <span class='ocrx_word' id='word_1_239' title='bbox 649 2027 709 2068; x_wconf 91' lang='lat' dir='ltr'><strong>eam</strong></span> <span class='ocrx_word' id='word_1_240' title='bbox 728 2011 860 2082; x_wconf 89' lang='lat' dir='ltr'><strong>adquirit:</strong></span> <span class='ocrx_word' id='word_1_241' title='bbox 878 2011 953 2082; x_wconf 93' lang='lat' dir='ltr'><strong>quod</strong></span> <span class='ocrx_word' id='word_1_242' title='bbox 971 2017 999 2067; x_wconf 91' lang='lat' dir='ltr'><strong>et</strong></span> <span class='ocrx_word' id='word_1_243' title='bbox 1016 2012 1058 2066; x_wconf 80' lang='lat' dir='ltr'><strong>si²</strong></span> <span class='ocrx_word' id='word_1_244' title='bbox 1072 2017 1102 2068; x_wconf 92' lang='lat' dir='ltr'><strong>tu</strong></span> <span class='ocrx_word' id='word_1_245' title='bbox 1120 2010 1234 2067; x_wconf 71' lang='lat' dir='ltr'><strong>mudum</strong></span> <span class='ocrx_word' id='word_1_246' title='bbox 1253 2011 1362 2082; x_wconf 86' lang='lat' dir='ltr'><strong>habeas,</strong></span> <span class='ocrx_word' id='word_1_247' title='bbox 1382 2012 1448 2068; x_wconf 90' lang='lat' dir='ltr'><strong>mihi</strong></span> <span class='ocrx_word' id='word_1_248' title='bbox 1466 2027 1576 2084; x_wconf 89' lang='lat' dir='ltr'><strong>quoque</strong></span> <span class='ocrx_word' id='word_1_249' title='bbox 1594 2015 1621 2068; x_wconf 92' lang='lat' dir='ltr'><strong>in</strong></span> <span class='ocrx_word' id='word_1_250' title='bbox 1639 2013 1691 2069; x_wconf 91' lang='lat' dir='ltr'><strong>soll·</strong></span> 
     </span>
     <span class='ocr_line' id='line_1_22' title="bbox 270 2101 1724 2172; baseline -0.006 -13"><span class='ocrx_word' id='word_1_251' title='bbox 270 2103 335 2160; x_wconf 90' lang='lat' dir='ltr'><strong>dum</strong></span> <span class='ocrx_word' id='word_1_252' title='bbox 354 2103 472 2158; x_wconf 87' lang='lat' dir='ltr'><strong>seruitus</strong></span> <span class='ocrx_word' id='word_1_253' title='bbox 490 2101 649 2172; x_wconf 83' lang='lat' dir='ltr'><strong>adquiritur.</strong></span> <span class='ocrx_word' id='word_1_254' title='bbox 1704 2111 1724 2152; x_wconf 84' lang='lat' dir='ltr'><strong>so</strong></span> 
     </span>
    </p>

    <p class='ocr_par' dir='ltr' id='par_1_10' title="bbox 213 2187 1730 2711">
     <span class='ocr_line' id='line_1_23' title="bbox 213 2187 1730 2276; baseline 0 -28"><span class='ocrx_word' id='word_1_255' title='bbox 213 2195 251 2256; x_wconf 87' lang='lat'><strong>18</strong></span> <span class='ocrx_word' id='word_1_256' title='bbox 322 2193 502 2248; x_wconf 72' lang='lat' dir='ltr'><strong>Parnassus</strong></span> <span class='ocrx_word' id='word_1_257' title='bbox 514 2190 584 2247; x_wconf 89' lang='lat' dir='ltr'><strong>libro</strong></span> <span class='ocrx_word' id='word_1_258' title='bbox 596 2191 747 2246; x_wconf 89' lang='lat' dir='ltr'><strong>uicensimo</strong></span> <span class='ocrx_word' id='word_1_259' title='bbox 759 2189 875 2260; x_wconf 89' lang='lat' dir='ltr'><strong>septimo</strong></span> <span class='ocrx_word' id='word_1_260' title='bbox 887 2190 1086 2260; x_wconf 83' lang='lat' dir='ltr'><strong>quaestionum.</strong></span> <span class='ocrx_word' id='word_1_261' title='bbox 1113 2189 1143 2245; x_wconf 86' lang='lat' dir='ltr'><strong>Si</strong></span> <span class='ocrx_word' id='word_1_262' title='bbox 1155 2205 1252 2245; x_wconf 88' lang='lat' dir='ltr'><strong>seruus</strong></span> <span class='ocrx_word' id='word_1_263' title='bbox 1264 2190 1415 2246; x_wconf 83' lang='lat' dir='ltr'><strong>comnmnis</strong></span> <span class='ocrx_word' id='word_1_264' title='bbox 1428 2190 1529 2246; x_wconf 81' lang='lat' dir='ltr'><strong>Maeuii</strong></span> <span class='ocrx_word' id='word_1_265' title='bbox 1547 2187 1691 2276; x_wconf 56' lang='lat' dir='ltr'><em>Q</em></span> <span class='ocrx_word' id='word_1_266' title='bbox 1713 2193 1730 2248; x_wconf 87' lang='lat' dir='ltr'><strong><em>P</em></strong></span> 
     </span>
     <span class='ocr_line' id='line_1_24' title="bbox 269 2277 1691 2351; baseline -0.001 -13"><span class='ocrx_word' id='word_1_267' title='bbox 269 2287 299 2338; x_wconf 92' lang='lat' dir='ltr'><strong>et</strong></span> <span class='ocrx_word' id='word_1_268' title='bbox 321 2281 468 2338; x_wconf 88' lang='lat' dir='ltr'><strong>castrensis</strong></span> <span class='ocrx_word' id='word_1_269' title='bbox 490 2280 590 2351; x_wconf 91' lang='lat' dir='ltr'><strong>peculii</strong></span> <span class='ocrx_word' id='word_1_270' title='bbox 610 2277 739 2336; x_wconf 89' lang='lat' dir='ltr'><strong>defuneto</strong></span> <span class='ocrx_word' id='word_1_271' title='bbox 757 2277 813 2334; x_wconf 88' lang='lat' dir='ltr'><strong>filio</strong></span> <span class='ocrx_word' id='word_1_272' title='bbox 831 2277 948 2334; x_wconf 82' lang='lat' dir='ltr'><strong>familias</strong></span> <span class='ocrx_word' id='word_1_273' title='bbox 966 2279 1064 2348; x_wconf 90' lang='lat' dir='ltr'><strong>milite,</strong></span> <span class='ocrx_word' id='word_1_274' title='bbox 1088 2285 1235 2349; x_wconf 89' lang='lat' dir='ltr'><strong>antequam</strong></span> <span class='ocrx_word' id='word_1_275' title='bbox 1254 2279 1337 2334; x_wconf 88' lang='lat' dir='ltr'><strong>adeat</strong></span> <span class='ocrx_word' id='word_1_276' title='bbox 1353 2279 1495 2334; x_wconf 89' lang='lat' dir='ltr'><strong>institutos</strong></span> <span class='ocrx_word' id='word_1_277' title='bbox 1512 2279 1691 2350; x_wconf 86' lang='lat' dir='ltr'><strong>hereditatem,</strong></span> 
     </span>
     <span class='ocr_line' id='line_1_25' title="bbox 269 2367 1691 2442; baseline -0.001 -15"><span class='ocrx_word' id='word_1_278' title='bbox 269 2371 428 2442; x_wconf 88' lang='lat' dir='ltr'><strong>stipuletur,</strong></span> <span class='ocrx_word' id='word_1_279' title='bbox 452 2371 540 2441; x_wconf 89' lang='lat' dir='ltr'><strong>socio,</strong></span> <span class='ocrx_word' id='word_1_280' title='bbox 562 2371 609 2442; x_wconf 91' lang='lat' dir='ltr'><strong>qui</strong></span> <span class='ocrx_word' id='word_1_281' title='bbox 627 2369 702 2424; x_wconf 92' lang='lat' dir='ltr'><strong>solus</strong></span> <span class='ocrx_word' id='word_1_282' title='bbox 720 2368 827 2423; x_wconf 87' lang='lat' dir='ltr'><strong>interim</strong></span> <span class='ocrx_word' id='word_1_283' title='bbox 846 2367 974 2423; x_wconf 92' lang='lat' dir='ltr'><strong>dominus</strong></span> <span class='ocrx_word' id='word_1_284' title='bbox 991 2367 1141 2438; x_wconf 91' lang='lat' dir='ltr'><strong>inuenitur,</strong></span> <span class='ocrx_word' id='word_1_285' title='bbox 1159 2373 1219 2423; x_wconf 88' lang='lat' dir='ltr'><strong>tota</strong></span> <span class='ocrx_word' id='word_1_286' title='bbox 1236 2367 1376 2438; x_wconf 87' lang='lat' dir='ltr'><strong>stipulatio</strong></span> <span class='ocrx_word' id='word_1_287' title='bbox 1393 2374 1555 2440; x_wconf 87' lang='lat' dir='ltr'><strong>quaeretur,</strong></span> <span class='ocrx_word' id='word_1_288' title='bbox 1573 2371 1691 2442; x_wconf 89' lang='lat' dir='ltr'><strong>quoniam</strong></span> 
     </span>
     <span class='ocr_line' id='line_1_26' title="bbox 268 2455 1691 2532; baseline 0 -16"><span class='ocrx_word' id='word_1_289' title='bbox 268 2465 374 2532; x_wconf 87' lang='lat' dir='ltr'><strong>partem</strong></span> <span class='ocrx_word' id='word_1_290' title='bbox 398 2475 453 2516; x_wconf 91' lang='lat' dir='ltr'><strong>non</strong></span> <span class='ocrx_word' id='word_1_291' title='bbox 475 2458 541 2515; x_wconf 90' lang='lat' dir='ltr'><strong>facit</strong></span> <span class='ocrx_word' id='word_1_292' title='bbox 562 2458 700 2515; x_wconf 89' lang='lat' dir='ltr'><strong>hereditas</strong></span> <span class='ocrx_word' id='word_1_293' title='bbox 723 2457 799 2514; x_wconf 80' lang='lat' dir='ltr'><strong>elus³</strong></span> <span class='ocrx_word' id='word_1_294' title='bbox 817 2471 888 2526; x_wconf 90' lang='lat' dir='ltr'><strong>quae</strong></span> <span class='ocrx_word' id='word_1_295' title='bbox 906 2455 1026 2512; x_wconf 90' lang='lat' dir='ltr'><strong>nondum</strong></span> <span class='ocrx_word' id='word_1_296' title='bbox 1045 2462 1096 2512; x_wconf 91' lang='lat' dir='ltr'><strong>est.</strong></span> <span class='ocrx_word' id='word_1_297' title='bbox 1130 2457 1290 2527; x_wconf 91' lang='lat' dir='ltr'><strong>nonenim,</strong></span> <span class='ocrx_word' id='word_1_298' title='bbox 1314 2457 1338 2511; x_wconf 90' lang='lat' dir='ltr'><strong>si</strong></span> <span class='ocrx_word' id='word_1_299' title='bbox 1356 2457 1417 2527; x_wconf 92' lang='lat' dir='ltr'><strong>quis</strong></span> <span class='ocrx_word' id='word_1_300' title='bbox 1435 2457 1566 2515; x_wconf 85' lang='lat' dir='ltr'><strong>heredem</strong></span> <span class='ocrx_word' id='word_1_301' title='bbox 1584 2460 1691 2516; x_wconf 82' lang='lat' dir='ltr'><strong>existere</strong></span> 
     </span>
     <span class='ocr_line' id='line_1_27' title="bbox 269 2546 1725 2618; baseline -0.005 -12"><span class='ocrx_word' id='word_1_302' title='bbox 269 2549 325 2606; x_wconf 86' lang='lat' dir='ltr'><strong>filio</strong></span> <span class='ocrx_word' id='word_1_303' title='bbox 341 2548 458 2605; x_wconf 80' lang='lat' dir='ltr'><strong>familias</strong></span> <span class='ocrx_word' id='word_1_304' title='bbox 477 2549 588 2618; x_wconf 82' lang='lat' dir='ltr'><strong>dixerit,</strong></span> <span class='ocrx_word' id='word_1_305' title='bbox 607 2549 699 2604; x_wconf 90' lang='lat' dir='ltr'><strong>statim</strong></span> <span class='ocrx_word' id='word_1_306' title='bbox 718 2553 747 2604; x_wconf 89' lang='lat' dir='ltr'><strong>et</strong></span> <span class='ocrx_word' id='word_1_307' title='bbox 764 2547 943 2603; x_wconf 88' lang='lat' dir='ltr'><strong>hereditatem</strong></span> <span class='ocrx_word' id='word_1_308' title='bbox 962 2546 1022 2601; x_wconf 89' lang='lat' dir='ltr'><strong>eius</strong></span> <span class='ocrx_word' id='word_1_309' title='bbox 1039 2546 1093 2600; x_wconf 89' lang='lat' dir='ltr'><strong>iarn</strong></span> <span class='ocrx_word' id='word_1_310' title='bbox 1112 2561 1173 2602; x_wconf 90' lang='lat' dir='ltr'><strong>esse</strong></span> <span class='ocrx_word' id='word_1_311' title='bbox 1192 2561 1361 2617; x_wconf 88' lang='lat' dir='ltr'><strong>consequens</strong></span> <span class='ocrx_word' id='word_1_312' title='bbox 1378 2547 1440 2616; x_wconf 83' lang='lat' dir='ltr'><strong>erit,</strong></span> <span class='ocrx_word' id='word_1_313' title='bbox 1457 2562 1520 2603; x_wconf 92' lang='lat' dir='ltr'><strong>cum</strong></span> <span class='ocrx_word' id='word_1_314' title='bbox 1539 2548 1691 2605; x_wconf 59' lang='lat' dir='ltr'><strong>medelum</strong></span> <span class='ocrx_word' id='word_1_315' title='bbox 1706 2556 1725 2600; x_wconf 80' lang='grc' dir='ltr'><strong>ιι</strong></span> 
     </span>
     <span class='ocr_line' id='line_1_28' title="bbox 269 2633 1691 2711; baseline -0.002 -17"><span class='ocrx_word' id='word_1_316' title='bbox 269 2639 457 2711; x_wconf 88' lang='lat' dir='ltr'><strong>principalium</strong></span> <span class='ocrx_word' id='word_1_317' title='bbox 477 2637 700 2694; x_wconf 81' lang='lat' dir='ltr'><strong>constitutionum</strong></span> <span class='ocrx_word' id='word_1_318' title='bbox 720 2638 747 2692; x_wconf 92' lang='lat' dir='ltr'><strong>in</strong></span> <span class='ocrx_word' id='word_1_319' title='bbox 766 2652 800 2693; x_wconf 93' lang='lat' dir='ltr'><strong>eo</strong></span> <span class='ocrx_word' id='word_1_320' title='bbox 817 2639 907 2692; x_wconf 91' lang='lat' dir='ltr'><strong>locum</strong></span> <span class='ocrx_word' id='word_1_321' title='bbox 925 2633 1016 2705; x_wconf 87' lang='lat' dir='ltr'><strong>habet,</strong></span> <span class='ocrx_word' id='word_1_322' title='bbox 1037 2641 1070 2690; x_wconf 89' lang='lat' dir='ltr'><strong>ut</strong></span> <span class='ocrx_word' id='word_1_323' title='bbox 1085 2633 1157 2691; x_wconf 89' lang='lat' dir='ltr'><strong>lilius</strong></span> <span class='ocrx_word' id='word_1_324' title='bbox 1175 2635 1292 2691; x_wconf 79' lang='lat' dir='ltr'><strong>familias</strong></span> <span class='ocrx_word' id='word_1_325' title='bbox 1309 2635 1344 2691; x_wconf 91' lang='lat' dir='ltr'><strong>de</strong></span> <span class='ocrx_word' id='word_1_326' title='bbox 1360 2637 1470 2706; x_wconf 86' lang='lat' dir='ltr'><strong>peculio</strong></span> <span class='ocrx_word' id='word_1_327' title='bbox 1486 2638 1585 2694; x_wconf 84' lang='lat' dir='ltr'><strong>testari</strong></span> <span class='ocrx_word' id='word_1_328' title='bbox 1601 2639 1691 2710; x_wconf 87' lang='lat' dir='ltr'><strong>possit:</strong></span> 
     </span>
    </p>

    <p class='ocr_par' dir='ltr' id='par_1_11' title="bbox 237 2723 1731 3066">
     <span class='ocr_line' id='line_1_29' title="bbox 237 2723 1693 2799; baseline -0.003 -13"><span class='ocrx_word' id='word_1_329' title='bbox 237 2745 249 2789; x_wconf 86' lang='lat'>1</span> <span class='ocrx_word' id='word_1_330' title='bbox 269 2728 343 2799; x_wconf 88' lang='lat' dir='ltr'><strong>quod</strong></span> <span class='ocrx_word' id='word_1_331' title='bbox 360 2728 533 2799; x_wconf 83' lang='lat' dir='ltr'><strong>priuilegium</strong></span> <span class='ocrx_word' id='word_1_332' title='bbox 552 2730 655 2796; x_wconf 89' lang='lat' dir='ltr'><strong>cessat,</strong></span> <span class='ocrx_word' id='word_1_333' title='bbox 678 2727 835 2797; x_wconf 89' lang='lat' dir='ltr'><strong>priusquam</strong></span> <span class='ocrx_word' id='word_1_334' title='bbox 858 2729 1054 2780; x_wconf 88' lang='lat' dir='ltr'><strong>testamentum</strong></span> <span class='ocrx_word' id='word_1_335' title='bbox 1079 2724 1199 2781; x_wconf 87' lang='lat' dir='ltr'><strong>aditione</strong></span> <span class='ocrx_word' id='word_1_336' title='bbox 1222 2724 1304 2781; x_wconf 89' lang='lat' dir='ltr'><strong>fuerit</strong></span> <span class='ocrx_word' id='word_1_337' title='bbox 1321 2723 1520 2781; x_wconf 86' lang='lat' dir='ltr'><strong>confirmatum.</strong></span> <span class='ocrx_word' id='word_1_338' title='bbox 1557 2727 1588 2783; x_wconf 87' lang='lat' dir='ltr'><strong>Si</strong></span> <span class='ocrx_word' id='word_1_339' title='bbox 1604 2741 1693 2784; x_wconf 88' lang='lat' dir='ltr'><strong>seruus</strong></span> 
     </span>
     <span class='ocr_line' id='line_1_30' title="bbox 269 2812 1693 2888; baseline 0 -15"><span class='ocrx_word' id='word_1_340' title='bbox 269 2817 335 2873; x_wconf 77' lang='lat' dir='ltr'><strong>titii</strong></span> <span class='ocrx_word' id='word_1_341' title='bbox 352 2823 381 2878; x_wconf 86' lang='lat' dir='ltr'><strong>et</strong></span> <span class='ocrx_word' id='word_1_342' title='bbox 398 2817 498 2872; x_wconf 85' lang='lat' dir='ltr'><strong>llaeuii</strong></span> <span class='ocrx_word' id='word_1_343' title='bbox 515 2821 634 2887; x_wconf 87' lang='lat' dir='ltr'><strong>partem,</strong></span> <span class='ocrx_word' id='word_1_344' title='bbox 656 2830 727 2886; x_wconf 89' lang='lat' dir='ltr'><strong>quae</strong></span> <span class='ocrx_word' id='word_1_345' title='bbox 745 2815 845 2870; x_wconf 84' lang='lat' dir='ltr'><strong>Maeuii</strong></span> <span class='ocrx_word' id='word_1_346' title='bbox 864 2819 920 2884; x_wconf 93' lang='lat' dir='ltr'><strong>est,</strong></span> <span class='ocrx_word' id='word_1_347' title='bbox 939 2812 992 2870; x_wconf 91' lang='lat' dir='ltr'><strong>sibi</strong></span> <span class='ocrx_word' id='word_1_348' title='bbox 1010 2814 1069 2870; x_wconf 90' lang='lat' dir='ltr'><strong>dari</strong></span> <span class='ocrx_word' id='word_1_349' title='bbox 1087 2815 1244 2886; x_wconf 88' lang='lat' dir='ltr'><strong>stipuletur,</strong></span> <span class='ocrx_word' id='word_1_350' title='bbox 1263 2815 1338 2870; x_wconf 91' lang='lat' dir='ltr'><strong>nulla</strong></span> <span class='ocrx_word' id='word_1_351' title='bbox 1354 2815 1494 2885; x_wconf 88' lang='lat' dir='ltr'><strong>stipulatio</strong></span> <span class='ocrx_word' id='word_1_352' title='bbox 1513 2820 1570 2888; x_wconf 86' lang='lat' dir='ltr'><strong>cst,</strong></span> <span class='ocrx_word' id='word_1_353' title='bbox 1587 2817 1693 2887; x_wconf 90' lang='lat' dir='ltr'><strong>eum,si</strong></span> 
     </span>
     <span class='ocr_line' id='line_1_31' title="bbox 269 2903 1693 2978; baseline 0 -16"><span class='ocrx_word' id='word_1_354' title='bbox 269 2907 343 2962; x_wconf 86' lang='lat' dir='ltr'><strong>Titio</strong></span> <span class='ocrx_word' id='word_1_355' title='bbox 361 2907 421 2962; x_wconf 90' lang='lat' dir='ltr'><strong>dari</strong></span> <span class='ocrx_word' id='word_1_356' title='bbox 439 2907 585 2976; x_wconf 85' lang='lat' dir='ltr'><strong>stipulatus</strong></span> <span class='ocrx_word' id='word_1_357' title='bbox 603 2905 709 2974; x_wconf 87' lang='lat' dir='ltr'><strong>luisset,</strong></span> <span class='ocrx_word' id='word_1_358' title='bbox 727 2903 801 2960; x_wconf 88' lang='lat' dir='ltr'><strong>Titio</strong></span> <span class='ocrx_word' id='word_1_359' title='bbox 820 2903 1017 2975; x_wconf 88' lang='lat' dir='ltr'><strong>adquireretur.</strong></span> <span class='ocrx_word' id='word_1_360' title='bbox 1043 2903 1117 2974; x_wconf 89' lang='lat' dir='ltr'><strong>quod</strong></span> <span class='ocrx_word' id='word_1_361' title='bbox 1136 2905 1159 2959; x_wconf 92' lang='lat' dir='ltr'><strong>si</strong></span> <span class='ocrx_word' id='word_1_362' title='bbox 1177 2904 1336 2974; x_wconf 88' lang='lat' dir='ltr'><strong>simpliciter</strong></span> <span class='ocrx_word' id='word_1_363' title='bbox 1350 2910 1485 2974; x_wconf 75' lang='lat' dir='ltr'><strong>mocepta</strong></span> <span class='ocrx_word' id='word_1_364' title='bbox 1496 2909 1541 2961; x_wconf 89' lang='lat' dir='ltr'><strong>est</strong></span> <span class='ocrx_word' id='word_1_365' title='bbox 1552 2907 1693 2978; x_wconf 87' lang='lat' dir='ltr'><strong>stipulatio,</strong></span> 
     </span>
     <span class='ocr_line' id='line_1_32' title="bbox 269 2991 1731 3066; baseline -0.003 -15"><span class='ocrx_word' id='word_1_366' title='bbox 269 2995 368 3052; x_wconf 88' lang='lat' dir='ltr'><strong>ueluti:</strong></span> <span class='ocrx_word' id='word_1_367' title='bbox 388 2995 500 3066; x_wconf 84' lang='lat' dir='ltr'><strong>&#39;partem</strong></span> <span class='ocrx_word' id='word_1_368' title='bbox 519 3011 586 3066; x_wconf 80' lang='lat' dir='ltr'><strong>eam,</strong></span> <span class='ocrx_word' id='word_1_369' title='bbox 604 3009 675 3064; x_wconf 87' lang='lat' dir='ltr'><strong>quae</strong></span> <span class='ocrx_word' id='word_1_370' title='bbox 693 2992 793 3047; x_wconf 84' lang='lat' dir='ltr'><strong>hloeuii</strong></span> <span class='ocrx_word' id='word_1_371' title='bbox 804 2995 856 3063; x_wconf 90' lang='lat' dir='ltr'><strong>est,</strong></span> <span class='ocrx_word' id='word_1_372' title='bbox 874 2992 941 3048; x_wconf 89' lang='lat' dir='ltr'><strong>dare</strong></span> <span class='ocrx_word' id='word_1_373' title='bbox 953 2991 1099 3064; x_wconf 85' lang='lat' dir='ltr'><strong>spondesf&#39;</strong></span> <span class='ocrx_word' id='word_1_374' title='bbox 1116 3007 1171 3048; x_wconf 93' lang='lat' dir='ltr'><strong>non</strong></span> <span class='ocrx_word' id='word_1_375' title='bbox 1183 2992 1292 3048; x_wconf 88' lang='lat' dir='ltr'><strong>adiecto</strong></span> <span class='ocrx_word' id='word_1_376' title='bbox 1305 2992 1393 3062; x_wconf 89' lang='lat' dir='ltr'><strong>&#39;mihi&#39;,</strong></span> <span class='ocrx_word' id='word_1_377' title='bbox 1410 3008 1496 3064; x_wconf 90' lang='lat' dir='ltr'><strong>prope</strong></span> <span class='ocrx_word' id='word_1_378' title='bbox 1509 2999 1561 3066; x_wconf 91' lang='lat' dir='ltr'><strong>est,</strong></span> <span class='ocrx_word' id='word_1_379' title='bbox 1580 3001 1619 3066; x_wconf 87' lang='lat' dir='ltr'><strong>nt,</strong></span> <span class='ocrx_word' id='word_1_380' title='bbox 1637 2997 1695 3066; x_wconf 89' lang='lat' dir='ltr'><strong>quia</strong></span> <span class='ocrx_word' id='word_1_381' title='bbox 1709 3004 1731 3046; x_wconf 84' lang='lat' dir='ltr'><strong>se</strong></span> 
     </span>
    </p>

    <p class='ocr_par' dir='ltr' id='par_1_12' title="bbox 236 3081 1697 3422">
     <span class='ocr_line' id='line_1_33' title="bbox 236 3081 1695 3155; baseline -0.003 -11"><span class='ocrx_word' id='word_1_382' title='bbox 236 3098 250 3144; x_wconf 79' lang='lat' dir='ltr'><strong>a</strong></span> <span class='ocrx_word' id='word_1_383' title='bbox 268 3085 328 3141; x_wconf 91' lang='lat' dir='ltr'><strong>sine</strong></span> <span class='ocrx_word' id='word_1_384' title='bbox 346 3085 413 3141; x_wconf 90' lang='lat' dir='ltr'><strong>uitio</strong></span> <span class='ocrx_word' id='word_1_385' title='bbox 432 3089 566 3154; x_wconf 70' lang='lat' dir='ltr'><strong>coempta</strong></span> <span class='ocrx_word' id='word_1_386' title='bbox 583 3089 627 3138; x_wconf 92' lang='lat' dir='ltr'><strong>est</strong></span> <span class='ocrx_word' id='word_1_387' title='bbox 644 3082 792 3152; x_wconf 85' lang='lat' dir='ltr'><strong>stipulatio,</strong></span> <span class='ocrx_word' id='word_1_388' title='bbox 811 3085 942 3152; x_wconf 64' lang='lat' dir='ltr'><strong>moratur</strong></span> <span class='ocrx_word' id='word_1_389' title='bbox 959 3082 1018 3137; x_wconf 91' lang='lat' dir='ltr'><strong>eius</strong></span> <span class='ocrx_word' id='word_1_390' title='bbox 1035 3095 1190 3152; x_wconf 89' lang='lat' dir='ltr'><strong>personam,</strong></span> <span class='ocrx_word' id='word_1_391' title='bbox 1209 3082 1287 3138; x_wconf 90' lang='lat' dir='ltr'><strong>euius</strong></span> <span class='ocrx_word' id='word_1_392' title='bbox 1303 3087 1405 3152; x_wconf 86' lang='lat' dir='ltr'><strong>potest</strong></span> <span class='ocrx_word' id='word_1_393' title='bbox 1433 3081 1538 3139; x_wconf 82' lang='lat' dir='ltr'><strong>Seruus</strong></span> <span class='ocrx_word' id='word_1_394' title='bbox 1555 3089 1638 3155; x_wconf 91' lang='lat' dir='ltr'><strong>capto</strong></span> <span class='ocrx_word' id='word_1_395' title='bbox 1653 3085 1695 3140; x_wconf 91' lang='lat' dir='ltr'><strong>do·</strong></span> 
     </span>
     <span class='ocr_line' id='line_1_34' title="bbox 268 3171 1695 3243; baseline -0.001 -13"><span class='ocrx_word' id='word_1_396' title='bbox 268 3175 343 3230; x_wconf 90' lang='lat' dir='ltr'><strong>mino</strong></span> <span class='ocrx_word' id='word_1_397' title='bbox 366 3173 401 3228; x_wconf 93' lang='lat' dir='ltr'><strong>ab</strong></span> <span class='ocrx_word' id='word_1_398' title='bbox 425 3172 549 3230; x_wconf 87' lang='lat' dir='ltr'><strong>hostibus</strong></span> <span class='ocrx_word' id='word_1_399' title='bbox 572 3172 682 3228; x_wconf 90' lang='lat' dir='ltr'><strong>domino</strong></span> <span class='ocrx_word' id='word_1_400' title='bbox 706 3171 765 3226; x_wconf 91' lang='lat' dir='ltr'><strong>dari</strong></span> <span class='ocrx_word' id='word_1_401' title='bbox 783 3171 930 3242; x_wconf 88' lang='lat' dir='ltr'><strong>stipulatus</strong></span> <span class='ocrx_word' id='word_1_402' title='bbox 948 3175 998 3226; x_wconf 90' lang='lat' dir='ltr'><strong>est.</strong></span> <span class='ocrx_word' id='word_1_403' title='bbox 1029 3171 1156 3241; x_wconf 90' lang='lat' dir='ltr'><strong>quamuis</strong></span> <span class='ocrx_word' id='word_1_404' title='bbox 1174 3185 1245 3241; x_wconf 90' lang='lat' dir='ltr'><strong>quae</strong></span> <span class='ocrx_word' id='word_1_405' title='bbox 1263 3171 1422 3242; x_wconf 88' lang='lat' dir='ltr'><strong>simpliciter</strong></span> <span class='ocrx_word' id='word_1_406' title='bbox 1437 3172 1586 3243; x_wconf 88' lang='lat' dir='ltr'><strong>stipulatur</strong></span> <span class='ocrx_word' id='word_1_407' title='bbox 1603 3175 1649 3230; x_wconf 85' lang='lat' dir='ltr'><strong>acl</strong></span> <span class='ocrx_word' id='word_1_408' title='bbox 1665 3172 1695 3229; x_wconf 91' lang='lat' dir='ltr'><strong>ab</strong></span> 
     </span>
     <span class='ocr_line' id='line_1_35' title="bbox 268 3259 1697 3334; baseline 0.001 -16"><span class='ocrx_word' id='word_1_409' title='bbox 268 3263 322 3319; x_wconf 90' lang='lat' dir='ltr'><strong>alio</strong></span> <span class='ocrx_word' id='word_1_410' title='bbox 340 3263 455 3334; x_wconf 90' lang='lat' dir='ltr'><strong>accepit,</strong></span> <span class='ocrx_word' id='word_1_411' title='bbox 474 3263 556 3318; x_wconf 88' lang='lat' dir='ltr'><strong>etiarn</strong></span> <span class='ocrx_word' id='word_1_412' title='bbox 575 3261 611 3316; x_wconf 92' lang='lat' dir='ltr'><strong>ad</strong></span> <span class='ocrx_word' id='word_1_413' title='bbox 628 3259 755 3316; x_wconf 90' lang='lat' dir='ltr'><strong>heredem</strong></span> <span class='ocrx_word' id='word_1_414' title='bbox 774 3261 876 3330; x_wconf 87' lang='lat' dir='ltr'><strong>captiui</strong></span> <span class='ocrx_word' id='word_1_415' title='bbox 894 3261 1032 3330; x_wconf 88' lang='lat' dir='ltr'><strong>pertinent</strong></span> <span class='ocrx_word' id='word_1_416' title='bbox 1050 3260 1178 3331; x_wconf 89' lang='lat' dir='ltr'><strong>aliudque</strong></span> <span class='ocrx_word' id='word_1_417' title='bbox 1196 3261 1232 3316; x_wconf 91' lang='lat' dir='ltr'><strong>sit</strong></span> <span class='ocrx_word' id='word_1_418' title='bbox 1249 3261 1314 3316; x_wconf 89' lang='lat' dir='ltr'><strong>iuris</strong></span> <span class='ocrx_word' id='word_1_419' title='bbox 1327 3262 1355 3316; x_wconf 91' lang='lat' dir='ltr'><strong>in</strong></span> <span class='ocrx_word' id='word_1_420' title='bbox 1367 3261 1556 3332; x_wconf 86' lang='lat' dir='ltr'><strong>personalilli,</strong></span> <span class='ocrx_word' id='word_1_421' title='bbox 1573 3265 1640 3334; x_wconf 86' lang='lat' dir='ltr'><strong>quia</strong></span> <span class='ocrx_word' id='word_1_422' title='bbox 1651 3277 1697 3319; x_wconf 89' lang='lat' dir='ltr'><strong>nee</strong></span> 
     </span>
     <span class='ocr_line' id='line_1_36' title="bbox 267 3348 1696 3422; baseline 0.001 -15"><span class='ocrx_word' id='word_1_423' title='bbox 267 3356 335 3408; x_wconf 90' lang='lat' dir='ltr'><strong>tune</strong></span> <span class='ocrx_word' id='word_1_424' title='bbox 352 3349 405 3408; x_wconf 90' lang='lat' dir='ltr'><strong>fnit</strong></span> <span class='ocrx_word' id='word_1_425' title='bbox 421 3353 449 3407; x_wconf 90' lang='lat' dir='ltr'><strong>ln</strong></span> <span class='ocrx_word' id='word_1_426' title='bbox 466 3353 612 3422; x_wconf 89' lang='lat' dir='ltr'><strong>potestate,</strong></span> <span class='ocrx_word' id='word_1_427' title='bbox 631 3365 693 3406; x_wconf 89' lang='lat' dir='ltr'><strong>oum</strong></span> <span class='ocrx_word' id='word_1_428' title='bbox 712 3349 896 3420; x_wconf 89' lang='lat' dir='ltr'><strong>stipularetnr,</strong></span> <span class='ocrx_word' id='word_1_429' title='bbox 914 3363 965 3405; x_wconf 89' lang='lat' dir='ltr'><strong>neo</strong></span> <span class='ocrx_word' id='word_1_430' title='bbox 983 3355 1081 3420; x_wconf 89' lang='lat' dir='ltr'><strong>postea</strong></span> <span class='ocrx_word' id='word_1_431' title='bbox 1098 3348 1310 3420; x_wconf 90' lang='lat' dir='ltr'><strong>deprehenditur</strong></span> <span class='ocrx_word' id='word_1_432' title='bbox 1327 3352 1370 3417; x_wconf 86' lang='lat' dir='ltr'><strong>(ut</strong></span> <span class='ocrx_word' id='word_1_433' title='bbox 1381 3353 1490 3418; x_wconf 88' lang='lat' dir='ltr'><strong>seruus)</strong></span> <span class='ocrx_word' id='word_1_434' title='bbox 1502 3351 1532 3407; x_wconf 91' lang='lat' dir='ltr'><strong>in</strong></span> <span class='ocrx_word' id='word_1_435' title='bbox 1544 3351 1696 3422; x_wconf 76' lang='lat' dir='ltr'><strong>hereditate,</strong></span> 
     </span>
    </p>

    <p class='ocr_par' dir='ltr' id='par_1_13' title="bbox 237 3437 1739 3780">
     <span class='ocr_line' id='line_1_37' title="bbox 237 3437 1739 3511; baseline -0.002 -14"><span class='ocrx_word' id='word_1_436' title='bbox 237 3479 243 3489; x_wconf 60' lang='grc'><strong><em>,</em></strong></span> <span class='ocrx_word' id='word_1_437' title='bbox 268 3447 359 3500; x_wconf 71' lang='lat' dir='ltr'><strong>umen</strong></span> <span class='ocrx_word' id='word_1_438' title='bbox 378 3441 407 3496; x_wconf 91' lang='lat' dir='ltr'><strong>in</strong></span> <span class='ocrx_word' id='word_1_439' title='bbox 424 3440 564 3511; x_wconf 87' lang='lat' dir='ltr'><strong>proposito</strong></span> <span class='ocrx_word' id='word_1_440' title='bbox 581 3445 674 3510; x_wconf 88' lang='lat' dir='ltr'><strong>potest</strong></span> <span class='ocrx_word' id='word_1_441' title='bbox 690 3440 793 3510; x_wconf 88' lang='lat' dir='ltr'><strong>quaeri,</strong></span> <span class='ocrx_word' id='word_1_442' title='bbox 811 3455 876 3494; x_wconf 91' lang='lat' dir='ltr'><strong>num</strong></span> <span class='ocrx_word' id='word_1_443' title='bbox 895 3453 930 3494; x_wconf 86' lang='lat' dir='ltr'><strong>ex</strong></span> <span class='ocrx_word' id='word_1_444' title='bbox 948 3437 1000 3494; x_wconf 90' lang='lat' dir='ltr'><strong>hao</strong></span> <span class='ocrx_word' id='word_1_445' title='bbox 1017 3439 1193 3509; x_wconf 85' lang='lat' dir='ltr'><strong>stipulatione</strong></span> <span class='ocrx_word' id='word_1_446' title='bbox 1211 3437 1277 3494; x_wconf 74' lang='lat' dir='ltr'><strong>nihil</strong></span> <span class='ocrx_word' id='word_1_447' title='bbox 1295 3439 1462 3511; x_wconf 90' lang='lat' dir='ltr'><strong>adquisitum</strong></span> <span class='ocrx_word' id='word_1_448' title='bbox 1476 3439 1572 3497; x_wconf 86' lang='lat' dir='ltr'><strong>heredi</strong></span> <span class='ocrx_word' id='word_1_449' title='bbox 1582 3441 1698 3511; x_wconf 87' lang='lat' dir='ltr'><strong>uidetur,</strong></span> <span class='ocrx_word' id='word_1_450' title='bbox 1713 3451 1739 3496; x_wconf 79' lang='lat' dir='ltr'><strong>as</strong></span> 
     </span>
     <span class='ocr_line' id='line_1_38' title="bbox 268 3525 1699 3602; baseline 0.001 -16"><span class='ocrx_word' id='word_1_451' title='bbox 268 3529 406 3602; x_wconf 89' lang='lat' dir='ltr'><strong>quomodo</strong></span> <span class='ocrx_word' id='word_1_452' title='bbox 425 3530 449 3585; x_wconf 92' lang='lat' dir='ltr'><strong>si</strong></span> <span class='ocrx_word' id='word_1_453' title='bbox 466 3545 563 3585; x_wconf 89' lang='lat' dir='ltr'><strong>seruus</strong></span> <span class='ocrx_word' id='word_1_454' title='bbox 579 3529 760 3585; x_wconf 87' lang='lat' dir='ltr'><strong>hereditarius</strong></span> <span class='ocrx_word' id='word_1_455' title='bbox 777 3527 907 3584; x_wconf 88' lang='lat' dir='ltr'><strong>defuncto</strong></span> <span class='ocrx_word' id='word_1_456' title='bbox 926 3531 974 3582; x_wconf 87' lang='lat' dir='ltr'><strong>ant</strong></span> <span class='ocrx_word' id='word_1_457' title='bbox 991 3528 1073 3583; x_wconf 87' lang='lat' dir='ltr'><strong>etiam</strong></span> <span class='ocrx_word' id='word_1_458' title='bbox 1093 3527 1186 3584; x_wconf 89' lang='lat' dir='ltr'><strong>heredi</strong></span> <span class='ocrx_word' id='word_1_459' title='bbox 1203 3525 1295 3584; x_wconf 88' lang='lat' dir='ltr'><strong>futuro</strong></span> <span class='ocrx_word' id='word_1_460' title='bbox 1313 3529 1460 3600; x_wconf 90' lang='lat' dir='ltr'><strong>stipulatus</strong></span> <span class='ocrx_word' id='word_1_461' title='bbox 1476 3527 1585 3586; x_wconf 87' lang='lat' dir='ltr'><strong>fuisset.</strong></span> <span class='ocrx_word' id='word_1_462' title='bbox 1612 3531 1699 3587; x_wconf 89' lang='lat' dir='ltr'><strong>sedin</strong></span> 
     </span>
     <span class='ocr_line' id='line_1_39' title="bbox 269 3615 1701 3690; baseline 0 -14"><span class='ocrx_word' id='word_1_463' title='bbox 269 3619 321 3676; x_wconf 89' lang='lat' dir='ltr'><strong>hae</strong></span> <span class='ocrx_word' id='word_1_464' title='bbox 344 3620 435 3690; x_wconf 87' lang='lat' dir='ltr'><strong>specie</strong></span> <span class='ocrx_word' id='word_1_465' title='bbox 458 3633 554 3674; x_wconf 88' lang='lat' dir='ltr'><strong>seruus</strong></span> <span class='ocrx_word' id='word_1_466' title='bbox 576 3617 631 3675; x_wconf 88' lang='lat' dir='ltr'><strong>filio</strong></span> <span class='ocrx_word' id='word_1_467' title='bbox 655 3617 864 3688; x_wconf 85' lang='lat' dir='ltr'><strong>exaequabitur:</strong></span> <span class='ocrx_word' id='word_1_468' title='bbox 889 3631 952 3672; x_wconf 92' lang='lat' dir='ltr'><strong>nam</strong></span> <span class='ocrx_word' id='word_1_469' title='bbox 977 3621 1005 3672; x_wconf 92' lang='lat' dir='ltr'><strong>et</strong></span> <span class='ocrx_word' id='word_1_470' title='bbox 1028 3617 1051 3671; x_wconf 90' lang='lat' dir='ltr'><strong>ai</strong></span> <span class='ocrx_word' id='word_1_471' title='bbox 1074 3615 1146 3672; x_wconf 87' lang='lat' dir='ltr'><strong>filius</strong></span> <span class='ocrx_word' id='word_1_472' title='bbox 1169 3619 1272 3689; x_wconf 90' lang='lat' dir='ltr'><strong>captiui</strong></span> <span class='ocrx_word' id='word_1_473' title='bbox 1293 3619 1365 3689; x_wconf 90' lang='lat' dir='ltr'><strong>patri</strong></span> <span class='ocrx_word' id='word_1_474' title='bbox 1384 3633 1435 3674; x_wconf 91' lang='lat' dir='ltr'><strong>suo</strong></span> <span class='ocrx_word' id='word_1_475' title='bbox 1453 3619 1603 3690; x_wconf 87' lang='lat' dir='ltr'><strong>stipulatus</strong></span> <span class='ocrx_word' id='word_1_476' title='bbox 1621 3619 1701 3676; x_wconf 88' lang='lat' dir='ltr'><strong>fuerit</strong></span> 
     </span>
     <span class='ocr_line' id='line_1_40' title="bbox 268 3705 1702 3780; baseline 0.001 -16"><span class='ocrx_word' id='word_1_477' title='bbox 268 3709 342 3780; x_wconf 89' lang='lat' dir='ltr'><strong>dari,</strong></span> <span class='ocrx_word' id='word_1_478' title='bbox 365 3725 409 3764; x_wconf 90' lang='lat' dir='ltr'><strong>res</strong></span> <span class='ocrx_word' id='word_1_479' title='bbox 432 3709 459 3762; x_wconf 81' lang='lat' dir='ltr'><strong>ia</strong></span> <span class='ocrx_word' id='word_1_480' title='bbox 482 3707 611 3778; x_wconf 87' lang='lat' dir='ltr'><strong>pendenti</strong></span> <span class='ocrx_word' id='word_1_481' title='bbox 635 3708 686 3763; x_wconf 90' lang='lat' dir='ltr'><strong>erit</strong></span> <span class='ocrx_word' id='word_1_482' title='bbox 708 3711 737 3762; x_wconf 88' lang='lat' dir='ltr'><strong>et</strong></span> <span class='ocrx_word' id='word_1_483' title='bbox 760 3708 783 3762; x_wconf 91' lang='lat' dir='ltr'><strong>si</strong></span> <span class='ocrx_word' id='word_1_484' title='bbox 805 3711 884 3776; x_wconf 88' lang='lat' dir='ltr'><strong>pater</strong></span> <span class='ocrx_word' id='word_1_485' title='bbox 908 3705 981 3776; x_wconf 88' lang='lat' dir='ltr'><strong>apud</strong></span> <span class='ocrx_word' id='word_1_486' title='bbox 999 3705 1093 3762; x_wconf 91' lang='lat' dir='ltr'><strong>hostes</strong></span> <span class='ocrx_word' id='word_1_487' title='bbox 1111 3706 1273 3778; x_wconf 90' lang='lat' dir='ltr'><strong>decesserit,</strong></span> <span class='ocrx_word' id='word_1_488' title='bbox 1296 3708 1396 3762; x_wconf 91' lang='lat' dir='ltr'><strong>nullius</strong></span> <span class='ocrx_word' id='word_1_489' title='bbox 1413 3710 1547 3764; x_wconf 88' lang='lat' dir='ltr'><strong>momenti</strong></span> <span class='ocrx_word' id='word_1_490' title='bbox 1565 3709 1702 3766; x_wconf 90' lang='lat' dir='ltr'><strong>uidebitur</strong></span> 
     </span>
    </p>

    <p class='ocr_par' dir='ltr' id='par_1_14' title="bbox 234 3794 1785 4225">
     <span class='ocr_line' id='line_1_41' title="bbox 234 3794 1785 3872; baseline -0.002 -18"><span class='ocrx_word' id='word_1_491' title='bbox 234 3797 352 3855; x_wconf 88' lang='lat' dir='ltr'><strong>afuisse</strong></span> <span class='ocrx_word' id='word_1_492' title='bbox 377 3797 530 3868; x_wconf 86' lang='lat' dir='ltr'><strong>stipulatio,</strong></span> <span class='ocrx_word' id='word_1_493' title='bbox 550 3797 560 3869; x_wconf 82' lang='grc' dir='ltr'><strong>ΙΙ</strong></span> <span class='ocrx_word' id='word_1_494' title='bbox 579 3798 708 3867; x_wconf 88' lang='lat' dir='ltr'><strong>quoniam</strong></span> <span class='ocrx_word' id='word_1_495' title='bbox 731 3798 791 3866; x_wconf 84' lang='lat' dir='ltr'><strong>alii,</strong></span> <span class='ocrx_word' id='word_1_496' title='bbox 815 3811 870 3852; x_wconf 91' lang='lat' dir='ltr'><strong>non</strong></span> <span class='ocrx_word' id='word_1_497' title='bbox 894 3794 945 3850; x_wconf 91' lang='lat' dir='ltr'><strong>sibi</strong></span> <span class='ocrx_word' id='word_1_498' title='bbox 964 3796 1110 3866; x_wconf 90' lang='lat' dir='ltr'><strong>stipulatus</strong></span> <span class='ocrx_word' id='word_1_499' title='bbox 1128 3801 1179 3852; x_wconf 93' lang='lat' dir='ltr'><strong>est.</strong></span> <span class='ocrx_word' id='word_1_500' title='bbox 1216 3797 1284 3853; x_wconf 80' lang='lat' dir='ltr'><strong>(lum</strong></span> <span class='ocrx_word' id='word_1_501' title='bbox 1303 3811 1399 3852; x_wconf 80' lang='lat' dir='ltr'><strong>semus</strong></span> <span class='ocrx_word' id='word_1_502' title='bbox 1416 3795 1586 3855; x_wconf 90' lang='lat' dir='ltr'><strong>fructuarius</strong></span> <span class='ocrx_word' id='word_1_503' title='bbox 1604 3815 1703 3872; x_wconf 85' lang='lat' dir='ltr'><strong>operas</strong></span> <span class='ocrx_word' id='word_1_504' title='bbox 1716 3795 1785 3852; x_wconf 62' lang='lat' dir='ltr'><strong>teet·</strong></span> 
     </span>
     <span class='ocr_line' id='line_1_42' title="bbox 267 3884 1745 3958; baseline -0.001 -16"><span class='ocrx_word' id='word_1_505' title='bbox 267 3903 332 3942; x_wconf 88' lang='lat' dir='ltr'><strong>suas</strong></span> <span class='ocrx_word' id='word_1_506' title='bbox 350 3887 469 3943; x_wconf 90' lang='lat' dir='ltr'><strong>locasset</strong></span> <span class='ocrx_word' id='word_1_507' title='bbox 486 3891 514 3942; x_wconf 93' lang='lat' dir='ltr'><strong>et</strong></span> <span class='ocrx_word' id='word_1_508' title='bbox 531 3901 564 3942; x_wconf 91' lang='lat' dir='ltr'><strong>eo</strong></span> <span class='ocrx_word' id='word_1_509' title='bbox 582 3887 692 3942; x_wconf 89' lang='lat' dir='ltr'><strong>nomine</strong></span> <span class='ocrx_word' id='word_1_510' title='bbox 709 3887 853 3958; x_wconf 90' lang='lat' dir='ltr'><strong>pecuniam</strong></span> <span class='ocrx_word' id='word_1_511' title='bbox 871 3886 900 3940; x_wconf 93' lang='lat' dir='ltr'><strong>in</strong></span> <span class='ocrx_word' id='word_1_512' title='bbox 918 3899 1005 3939; x_wconf 90' lang='lat' dir='ltr'><strong>annos</strong></span> <span class='ocrx_word' id='word_1_513' title='bbox 1023 3884 1144 3954; x_wconf 84' lang='lat' dir='ltr'><strong>singulos</strong></span> <span class='ocrx_word' id='word_1_514' title='bbox 1162 3886 1222 3941; x_wconf 90' lang='lat' dir='ltr'><strong>dari</strong></span> <span class='ocrx_word' id='word_1_515' title='bbox 1238 3887 1385 3957; x_wconf 87' lang='lat' dir='ltr'><strong>stipulatus</strong></span> <span class='ocrx_word' id='word_1_516' title='bbox 1402 3891 1491 3958; x_wconf 89' lang='lat' dir='ltr'><strong>esset,</strong></span> <span class='ocrx_word' id='word_1_517' title='bbox 1514 3887 1595 3944; x_wconf 88' lang='lat' dir='ltr'><strong>linito</strong></span> <span class='ocrx_word' id='word_1_518' title='bbox 1613 3889 1703 3946; x_wconf 87' lang='lat' dir='ltr'><strong>fructu</strong></span> <span class='ocrx_word' id='word_1_519' title='bbox 1719 3899 1745 3940; x_wconf 85' lang='lat' dir='ltr'><strong>aa</strong></span> 
     </span>
     <span class='ocr_line' id='line_1_43' title="bbox 267 3974 1704 4047; baseline 0.003 -15"><span class='ocrx_word' id='word_1_520' title='bbox 267 3977 378 4033; x_wconf 90' lang='lat' dir='ltr'><strong>domino</strong></span> <span class='ocrx_word' id='word_1_521' title='bbox 401 3975 503 4032; x_wconf 90' lang='lat' dir='ltr'><strong>residui</strong></span> <span class='ocrx_word' id='word_1_522' title='bbox 526 3976 657 4046; x_wconf 90' lang='lat' dir='ltr'><strong>temporis</strong></span> <span class='ocrx_word' id='word_1_523' title='bbox 680 3975 787 4046; x_wconf 89' lang='lat' dir='ltr'><strong>adquiri</strong></span> <span class='ocrx_word' id='word_1_524' title='bbox 810 3974 1013 4044; x_wconf 90' lang='lat' dir='ltr'><strong>stipulationem</strong></span> <span class='ocrx_word' id='word_1_525' title='bbox 1036 3974 1156 4029; x_wconf 89' lang='lat' dir='ltr'><strong>lulianus</strong></span> <span class='ocrx_word' id='word_1_526' title='bbox 1176 3975 1306 4045; x_wconf 89' lang='lat' dir='ltr'><strong>seriptum</strong></span> <span class='ocrx_word' id='word_1_527' title='bbox 1325 3975 1443 4046; x_wconf 71' lang='lat' dir='ltr'><strong>reliquit</strong></span> <span class='ocrx_word' id='word_1_528' title='bbox 1474 3992 1547 4047; x_wconf 89' lang='lat' dir='ltr'><strong>quae</strong></span> <span class='ocrx_word' id='word_1_529' title='bbox 1564 3980 1704 4036; x_wconf 62' lang='lat' dir='ltr'><strong>onustis</strong></span> 
     </span>
     <span class='ocr_line' id='line_1_44' title="bbox 267 4062 1702 4138; baseline 0.001 -16"><span class='ocrx_word' id='word_1_530' title='bbox 267 4066 334 4122; x_wconf 90' lang='lat' dir='ltr'><strong>mihi</strong></span> <span class='ocrx_word' id='word_1_531' title='bbox 356 4065 465 4122; x_wconf 89' lang='lat' dir='ltr'><strong>uidetur</strong></span> <span class='ocrx_word' id='word_1_532' title='bbox 487 4063 642 4120; x_wconf 82' lang='lat' dir='ltr'><strong>firmissima</strong></span> <span class='ocrx_word' id='word_1_533' title='bbox 663 4065 768 4121; x_wconf 79' lang='lat' dir='ltr'><strong>mdccc</strong></span> <span class='ocrx_word' id='word_1_534' title='bbox 791 4063 922 4119; x_wconf 85' lang='lat' dir='ltr'><strong>subnixa:</strong></span> <span class='ocrx_word' id='word_1_535' title='bbox 945 4079 1008 4119; x_wconf 87' lang='lat' dir='ltr'><strong>nam</strong></span> <span class='ocrx_word' id='word_1_536' title='bbox 1027 4064 1051 4118; x_wconf 91' lang='lat' dir='ltr'><strong>si</strong></span> <span class='ocrx_word' id='word_1_537' title='bbox 1068 4063 1097 4118; x_wconf 90' lang='lat' dir='ltr'><strong>in</strong></span> <span class='ocrx_word' id='word_1_538' title='bbox 1114 4062 1289 4120; x_wconf 71' lang='lat' dir='ltr'><strong>munsterus</strong></span> <span class='ocrx_word' id='word_1_539' title='bbox 1306 4064 1426 4135; x_wconf 86' lang='lat' dir='ltr'><strong>quinque</strong></span> <span class='ocrx_word' id='word_1_540' title='bbox 1444 4065 1546 4123; x_wconf 88' lang='lat' dir='ltr'><strong>locatio</strong></span> <span class='ocrx_word' id='word_1_541' title='bbox 1563 4065 1642 4124; x_wconf 84' lang='lat' dir='ltr'><strong>facta</strong></span> <span class='ocrx_word' id='word_1_542' title='bbox 1658 4069 1702 4138; x_wconf 87' lang='lat' dir='ltr'><strong>sit,</strong></span> 
     </span>
     <span class='ocr_line' id='line_1_45' title="bbox 267 4152 1704 4225; baseline 0.002 -14"><span class='ocrx_word' id='word_1_543' title='bbox 267 4155 396 4225; x_wconf 88' lang='lat' dir='ltr'><strong>quoniam</strong></span> <span class='ocrx_word' id='word_1_544' title='bbox 413 4155 547 4210; x_wconf 87' lang='lat' dir='ltr'><strong>incertum</strong></span> <span class='ocrx_word' id='word_1_545' title='bbox 565 4159 616 4224; x_wconf 88' lang='lat' dir='ltr'><strong>est,</strong></span> <span class='ocrx_word' id='word_1_546' title='bbox 634 4152 740 4209; x_wconf 81' lang='lat' dir='ltr'><strong>hactus</strong></span> <span class='ocrx_word' id='word_1_547' title='bbox 753 4155 781 4208; x_wconf 93' lang='lat' dir='ltr'><strong>in</strong></span> <span class='ocrx_word' id='word_1_548' title='bbox 793 4168 874 4223; x_wconf 91' lang='lat' dir='ltr'><strong>quem</strong></span> <span class='ocrx_word' id='word_1_549' title='bbox 887 4153 959 4208; x_wconf 91' lang='lat' dir='ltr'><strong>diem</strong></span> <span class='ocrx_word' id='word_1_550' title='bbox 971 4152 1119 4208; x_wconf 90' lang='lat' dir='ltr'><strong>duraturus</strong></span> <span class='ocrx_word' id='word_1_551' title='bbox 1131 4153 1175 4223; x_wconf 91' lang='lat' dir='ltr'><strong>sit,</strong></span> <span class='ocrx_word' id='word_1_552' title='bbox 1194 4154 1361 4224; x_wconf 73' lang='lat' dir='ltr'><strong>singolorum</strong></span> <span class='ocrx_word' id='word_1_553' title='bbox 1375 4169 1508 4212; x_wconf 85' lang='lat' dir='ltr'><strong>annorum</strong></span> <span class='ocrx_word' id='word_1_554' title='bbox 1521 4157 1601 4213; x_wconf 82' lang='lat' dir='ltr'><strong>initio</strong></span> <span class='ocrx_word' id='word_1_555' title='bbox 1613 4157 1704 4214; x_wconf 88' lang='lat' dir='ltr'><strong>enias·</strong></span> 
     </span>
    </p>

    <p class='ocr_par' dir='ltr' id='par_1_15' title="bbox 248 4241 1748 4404">
     <span class='ocr_line' id='line_1_46' title="bbox 248 4241 1703 4319; baseline 0.001 -16"><span class='ocrx_word' id='word_1_556' title='bbox 248 4301 249 4304; x_wconf 73' lang='grc'>,</span> <span class='ocrx_word' id='word_1_557' title='bbox 267 4259 321 4315; x_wconf 88' lang='lat' dir='ltr'><strong>que</strong></span> <span class='ocrx_word' id='word_1_558' title='bbox 339 4245 403 4300; x_wconf 88' lang='lat' dir='ltr'><strong>anni</strong></span> <span class='ocrx_word' id='word_1_559' title='bbox 420 4243 703 4314; x_wconf 82' lang='lat' dir='ltr'><strong>pecunia-fructuario</strong></span> <span class='ocrx_word' id='word_1_560' title='bbox 720 4246 909 4314; x_wconf 88' lang='lat' dir='ltr'><strong>quaereretur:</strong></span> <span class='ocrx_word' id='word_1_561' title='bbox 927 4241 1079 4298; x_wconf 89' lang='lat' dir='ltr'><strong>secundum</strong></span> <span class='ocrx_word' id='word_1_562' title='bbox 1097 4255 1168 4313; x_wconf 90' lang='lat' dir='ltr'><strong>quae</strong></span> <span class='ocrx_word' id='word_1_563' title='bbox 1186 4257 1241 4299; x_wconf 90' lang='lat' dir='ltr'><strong>non</strong></span> <span class='ocrx_word' id='word_1_564' title='bbox 1259 4245 1356 4300; x_wconf 89' lang='lat' dir='ltr'><strong>transit</strong></span> <span class='ocrx_word' id='word_1_565' title='bbox 1373 4245 1409 4300; x_wconf 89' lang='lat' dir='ltr'><strong>ad</strong></span> <span class='ocrx_word' id='word_1_566' title='bbox 1420 4245 1539 4302; x_wconf 72' lang='lat' dir='ltr'><strong>aloerusn</strong></span> <span class='ocrx_word' id='word_1_567' title='bbox 1552 4247 1703 4319; x_wconf 86' lang='lat' dir='ltr'><strong>stipulatio,</strong></span> 
     </span>
     <span class='ocr_line' id='line_1_47' title="bbox 267 4331 1748 4404; baseline 0.003 -14"><span class='ocrx_word' id='word_1_568' title='bbox 267 4333 317 4390; x_wconf 90' lang='lat' dir='ltr'><strong>sed</strong></span> <span class='ocrx_word' id='word_1_569' title='bbox 334 4335 481 4404; x_wconf 87' lang='lat' dir='ltr'><strong>unicuique</strong></span> <span class='ocrx_word' id='word_1_570' title='bbox 498 4337 605 4390; x_wconf 91' lang='lat' dir='ltr'><strong>tantum</strong></span> <span class='ocrx_word' id='word_1_571' title='bbox 624 4333 787 4404; x_wconf 87' lang='lat' dir='ltr'><strong>adquiritur,</strong></span> <span class='ocrx_word' id='word_1_572' title='bbox 809 4337 940 4403; x_wconf 88' lang='lat' dir='ltr'><strong>quantum</strong></span> <span class='ocrx_word' id='word_1_573' title='bbox 958 4331 1028 4388; x_wconf 90' lang='lat' dir='ltr'><strong>ratio</strong></span> <span class='ocrx_word' id='word_1_574' title='bbox 1045 4331 1112 4388; x_wconf 87' lang='lat' dir='ltr'><strong>iuris</strong></span> <span class='ocrx_word' id='word_1_575' title='bbox 1129 4332 1271 4403; x_wconf 88' lang='lat' dir='ltr'><strong>permittit.</strong></span> <span class='ocrx_word' id='word_1_576' title='bbox 1302 4349 1366 4389; x_wconf 88' lang='lat' dir='ltr'><strong>nam</strong></span> <span class='ocrx_word' id='word_1_577' title='bbox 1384 4339 1413 4391; x_wconf 90' lang='lat' dir='ltr'><strong>et</strong></span> <span class='ocrx_word' id='word_1_578' title='bbox 1431 4350 1494 4392; x_wconf 91' lang='lat' dir='ltr'><strong>eum</strong></span> <span class='ocrx_word' id='word_1_579' title='bbox 1512 4336 1586 4393; x_wconf 93' lang='lat' dir='ltr'><strong>idem</strong></span> <span class='ocrx_word' id='word_1_580' title='bbox 1605 4353 1748 4396; x_wconf 78' lang='lat' dir='ltr'><strong>semusta</strong></span> 
     </span>
    </p>
   </div>
   <div class='ocr_carea' id='block_1_4' title="bbox 265 4440 456 4510">
    <p class='ocr_par' dir='ltr' id='par_1_16' title="bbox 265 4440 456 4510">
     <span class='ocr_line' id='line_1_48' title="bbox 265 4440 456 4510; baseline 0 -14"><span class='ocrx_word' id='word_1_581' title='bbox 265 4440 456 4510; x_wconf 59' lang='lat' dir='ltr'><strong>narsico)</strong></span> 
     </span>
    </p>
   </div>
   <div class='ocr_carea' id='block_1_5' title="bbox 267 4599 1225 4674">
    <p class='ocr_par' dir='ltr' id='par_1_17' title="bbox 267 4599 1225 4674">
     <span class='ocr_line' id='line_1_49' title="bbox 267 4599 1225 4674; baseline -0.001 -17"><span class='ocrx_word' id='word_1_582' title='bbox 267 4601 333 4657; x_wconf 86' lang='lat' dir='ltr'><strong>¹sit</strong></span> <span class='ocrx_word' id='word_1_583' title='bbox 350 4601 423 4671; x_wconf 87' lang='lat' dir='ltr'><strong>quia]</strong></span> <span class='ocrx_word' id='word_1_584' title='bbox 444 4600 480 4656; x_wconf 90' lang='lat' dir='ltr'><strong>sit</strong></span> <span class='ocrx_word' id='word_1_585' title='bbox 497 4599 609 4670; x_wconf 84' lang='lat' dir='ltr'><strong>itaque?</strong></span> <span class='ocrx_word' id='word_1_586' title='bbox 680 4599 891 4670; x_wconf 61' lang='grc' dir='ltr'><strong>1ιιιιοιιιίιιιι</strong></span> <span class='ocrx_word' id='word_1_587' title='bbox 961 4599 1049 4655; x_wconf 73' lang='lat' dir='ltr'><strong>³eius</strong></span> <span class='ocrx_word' id='word_1_588' title='bbox 1067 4601 1115 4656; x_wconf 82' lang='lat' dir='ltr'><strong>del.</strong></span> <span class='ocrx_word' id='word_1_589' title='bbox 1222 4665 1225 4674; x_wconf 20' lang='grc' dir='ltr'>λ</span> 
     </span>
    </p>
   </div>
   <div class='ocr_carea' id='block_1_6' title="bbox 266 4757 1705 5123">
    <p class='ocr_par' dir='ltr' id='par_1_18' title="bbox 266 4757 1705 5123">
     <span class='ocr_line' id='line_1_50' title="bbox 268 4757 1705 4838; baseline 0.005 -21"><span class='ocrx_word' id='word_1_590' title='bbox 268 4761 360 4831; x_wconf 87' lang='lat' dir='ltr'><strong>leur]</strong></span> <span class='ocrx_word' id='word_1_591' title='bbox 380 4777 441 4816; x_wconf 90' lang='lat' dir='ltr'><strong>eum</strong></span> <span class='ocrx_word' id='word_1_592' title='bbox 461 4761 495 4814; x_wconf 79' lang='lat' dir='ltr'><strong>F’</strong></span> <span class='ocrx_word' id='word_1_593' title='bbox 512 4761 517 4829; x_wconf 84' lang='grc'>1</span> <span class='ocrx_word' id='word_1_594' title='bbox 533 4758 779 4831; x_wconf 80' lang='lat' dir='ltr'><strong>ergo‘oum&#39;llcum</strong></span> <span class='ocrx_word' id='word_1_595' title='bbox 797 4761 885 4832; x_wconf 88' lang='lat' dir='ltr'><strong>primo</strong></span> <span class='ocrx_word' id='word_1_596' title='bbox 904 4759 954 4816; x_wconf 71' lang='lat'><strong>1⁴³:</strong></span> <span class='ocrx_word' id='word_1_597' title='bbox 1007 4762 1046 4816; x_wconf 92' lang='lat' dir='ltr'><strong>tio</strong></span> <span class='ocrx_word' id='word_1_598' title='bbox 1066 4761 1102 4814; x_wconf 68' lang='lat' dir='ltr'><strong>F‘</strong></span> <span class='ocrx_word' id='word_1_599' title='bbox 1150 4763 1240 4818; x_wconf 72' lang='lat' dir='ltr'><strong>tnon</strong></span> <span class='ocrx_word' id='word_1_600' title='bbox 1249 4759 1311 4832; x_wconf 86' lang='lat' dir='ltr'><strong>‘qui&#39;</strong></span> <span class='ocrx_word' id='word_1_601' title='bbox 1320 4757 1331 4832; x_wconf 93' lang='grc' dir='ltr'><strong>ΙΙ</strong></span> <span class='ocrx_word' id='word_1_602' title='bbox 1342 4761 1498 4819; x_wconf 89' lang='lat' dir='ltr'><strong>inuenlmns</strong></span> <span class='ocrx_word' id='word_1_603' title='bbox 1512 4765 1549 4820; x_wconf 66' lang='lat' dir='ltr'><strong>F*</strong></span> <span class='ocrx_word' id='word_1_604' title='bbox 1564 4769 1569 4836; x_wconf 89' lang='grc' dir='ltr'>Ι</span> <span class='ocrx_word' id='word_1_605' title='bbox 1584 4781 1705 4838; x_wconf 87' lang='lat' dir='ltr'><strong>persona</strong></span> 
     </span>
     <span class='ocr_line' id='line_1_51' title="bbox 266 4831 1632 4905; baseline 0.004 -17"><span class='ocrx_word' id='word_1_606' title='bbox 266 4837 362 4888; x_wconf 74' lang='lat' dir='ltr'><strong>sedicet</strong></span> <span class='ocrx_word' id='word_1_607' title='bbox 372 4851 461 4888; x_wconf 73' lang='lat' dir='ltr'><strong>masur</strong></span> <span class='ocrx_word' id='word_1_608' title='bbox 473 4833 548 4887; x_wconf 84' lang='lat' dir='ltr'><strong>huius</strong></span> <span class='ocrx_word' id='word_1_609' title='bbox 564 4841 676 4904; x_wconf 72' lang='lat' dir='ltr'><strong>papinus</strong></span> <span class='ocrx_word' id='word_1_610' title='bbox 689 4841 797 4905; x_wconf 80' lang='lat' dir='ltr'><strong>quinque</strong></span> <span class='ocrx_word' id='word_1_611' title='bbox 807 4841 954 4903; x_wconf 78' lang='lat' dir='ltr'><strong>primirum</strong></span> <span class='ocrx_word' id='word_1_612' title='bbox 1008 4831 1300 4904; x_wconf 72' lang='lat' dir='ltr'><strong>&#39;stipu&#39;llstipulstioF‘</strong></span> <span class='ocrx_word' id='word_1_613' title='bbox 1346 4835 1556 4892; x_wconf 69' lang='lat' dir='ltr'><strong>scansurus</strong></span> <span class='ocrx_word' id='word_1_614' title='bbox 1594 4841 1632 4894; x_wconf 87' lang='grc'><strong>30</strong></span> 
     </span>
     <span class='ocr_line' id='line_1_52' title="bbox 267 4905 1702 4976; baseline 0.006 -17"><span class='ocrx_word' id='word_1_615' title='bbox 267 4913 333 4959; x_wconf 82' lang='lat' dir='ltr'><strong>iusto</strong></span> <span class='ocrx_word' id='word_1_616' title='bbox 353 4905 482 4959; x_wconf 64' lang='lat' dir='ltr'><strong>aaran</strong></span> <span class='ocrx_word' id='word_1_617' title='bbox 500 4911 646 4969; x_wconf 58' lang='lat' dir='ltr'><strong>ausissent,</strong></span> <span class='ocrx_word' id='word_1_618' title='bbox 663 4912 788 4976; x_wconf 78' lang='lat' dir='ltr'><strong>spatiata</strong></span> <span class='ocrx_word' id='word_1_619' title='bbox 798 4906 955 4974; x_wconf 82' lang='lat' dir='ltr'><strong>finerelr&#39;cto</strong></span> <span class='ocrx_word' id='word_1_620' title='bbox 1008 4910 1063 4960; x_wconf 81' lang='lat' dir='ltr'><strong>tem</strong></span> <span class='ocrx_word' id='word_1_621' title='bbox 1075 4905 1204 4960; x_wconf 80' lang='lat' dir='ltr'><strong>meamF</strong></span> <span class='ocrx_word' id='word_1_622' title='bbox 1241 4905 1276 4962; x_wconf 76' lang='grc'><strong>34</strong></span> <span class='ocrx_word' id='word_1_623' title='bbox 1289 4905 1470 4962; x_wconf 78' lang='lat' dir='ltr'><strong>hereditatem</strong></span> <span class='ocrx_word' id='word_1_624' title='bbox 1484 4909 1510 4962; x_wconf 74' lang='lat' dir='ltr'><em>F</em></span> <span class='ocrx_word' id='word_1_625' title='bbox 1546 4911 1622 4967; x_wconf 76' lang='lat' dir='ltr'><strong>seni</strong></span> <span class='ocrx_word' id='word_1_626' title='bbox 1664 4913 1702 4974; x_wconf 74' lang='lat' dir='ltr'><strong>Pl</strong></span> 
     </span>
     <span class='ocr_line' id='line_1_53' title="bbox 266 4976 1704 5052; baseline 0.006 -22"><span class='ocrx_word' id='word_1_627' title='bbox 266 4979 357 5030; x_wconf 82' lang='lat' dir='ltr'><strong>litteris</strong></span> <span class='ocrx_word' id='word_1_628' title='bbox 409 4976 596 5048; x_wconf 82' lang='lat' dir='ltr'><strong>olibuecumqne</strong></span> <span class='ocrx_word' id='word_1_629' title='bbox 613 4977 880 5046; x_wconf 74' lang='lat' dir='ltr'><strong>expleulteusdemque</strong></span> <span class='ocrx_word' id='word_1_630' title='bbox 897 4994 956 5029; x_wconf 82' lang='lat' dir='ltr'><strong>moa</strong></span> <span class='ocrx_word' id='word_1_631' title='bbox 1008 4976 1203 5032; x_wconf 52' lang='lat' dir='ltr'><strong>uidetauurF’</strong></span> <span class='ocrx_word' id='word_1_632' title='bbox 1255 4977 1290 5032; x_wconf 75' lang='lat'><strong>3⁷</strong></span> <span class='ocrx_word' id='word_1_633' title='bbox 1305 4979 1515 5048; x_wconf 73' lang='lat' dir='ltr'><strong>exaequiebiius</strong></span> <span class='ocrx_word' id='word_1_634' title='bbox 1529 4981 1704 5052; x_wconf 46' lang='lat' dir='ltr'><strong>Memfim)</strong></span> 
     </span>
     <span class='ocr_line' id='line_1_54' title="bbox 268 5044 1473 5123; baseline 0.002 -19"><span class='ocrx_word' id='word_1_635' title='bbox 268 5049 360 5105; x_wconf 80' lang='lat' dir='ltr'><strong>deleuit</strong></span> <span class='ocrx_word' id='word_1_636' title='bbox 396 5045 697 5120; x_wconf 60' lang='lat' dir='ltr'><strong>‘ldomi&#39;num&#39;llnisffl</strong></span> <span class='ocrx_word' id='word_1_637' title='bbox 714 5048 719 5116; x_wconf 88' lang='grc' dir='ltr'>Ι</span> <span class='ocrx_word' id='word_1_638' title='bbox 735 5044 955 5117; x_wconf 76' lang='lat' dir='ltr'><strong>nec‘aut&#39;lsolu·</strong></span> <span class='ocrx_word' id='word_1_639' title='bbox 1008 5049 1044 5104; x_wconf 85' lang='lat'><strong>38</strong></span> <span class='ocrx_word' id='word_1_640' title='bbox 1061 5047 1098 5118; x_wconf 89' lang='lat' dir='ltr'><strong>in]</strong></span> <span class='ocrx_word' id='word_1_641' title='bbox 1117 5049 1154 5105; x_wconf 91' lang='lat' dir='ltr'><strong>im</strong></span> <span class='ocrx_word' id='word_1_642' title='bbox 1173 5050 1199 5104; x_wconf 84' lang='lat' dir='ltr'><em>F</em></span> <span class='ocrx_word' id='word_1_643' title='bbox 1245 5049 1281 5105; x_wconf 83' lang='lat'><strong>41</strong></span> <span class='ocrx_word' id='word_1_644' title='bbox 1298 5050 1429 5123; x_wconf 85' lang='lat' dir='ltr'><strong>relinquit</strong></span> <span class='ocrx_word' id='word_1_645' title='bbox 1447 5053 1473 5106; x_wconf 76' lang='lat' dir='ltr'><em>F</em></span> 
     </span>
    </p>
   </div>
   <div class='ocr_carea' id='block_1_7' title="bbox 0 0 1811 5460">
    <p class='ocr_par' dir='ltr' id='par_1_19' title="bbox 0 0 1811 5460">
     <span class='ocr_line' id='line_1_55' title="bbox 0 0 1811 5460; baseline 0 0"><span class='ocrx_word' id='word_1_646' title='bbox 0 0 1811 5460; x_wconf 95' lang='lat' dir='ltr'><strong> </strong></span> 
     </span>
    </p>
   </div>
  </div>
 </body>
</html>
