3518 5452
95 257 226 312 smmum
246 258 443 322 nanaoraos
530 285 584 324 ο,
723 235 810 316 367
1112 241 1487 320 ,milhma-s

73 398 176 456 adlatam
190 394 352 453 admittetur.
378 397 407 452 Is
425 397 515 468 plane,
533 409 614 466 quem
633 394 686 452 hro
696 396 758 466 lege
770 396 833 466 emi,
851 401 883 452 nt
895 398 1096 468 manumittam,
1115 399 1167 454 etsi
1179 413 1214 454 ex
1226 398 1420 472 constitutione¹
1432 398 1489 454 dini

93 485 152 542 linei
165 485 309 555 peruenerit
325 484 361 540 ad
379 484 544 554 libertatem,
562 489 664 554 umen,
683 489 714 539 ut
725 484 822 540 eadam
836 486 1030 544 constitutione
1042 501 1202 558 expressum
1215 491 1267 556 est,
1285 501 1363 542 meus
1375 485 1489 542 libertus

71 572 279 641 lutstlegitima
296 573 358 630 eius
375 571 513 630 hereditas
531 571 595 628 mihi
614 570 757 628 deferetur.
789 573 860 640 Quid
878 575 902 632 ai
921 589 1015 630 necem
1034 575 1136 630 domini
1154 575 1260 642 detexit
1278 581 1306 630 et
1323 591 1358 630 ex
1376 581 1489 630 senatus
1599 642 1603 652 ι

91 662 182 718 emus
196 659 348 718 libertatem
366 661 517 717 meruerit?
544 661 570 716 si
586 660 696 731 quidem
716 661 875 732 adsignauit
891 668 1015 733 praeter,
1034 664 1112 718 ouius
1130 663 1244 720 libertus
1262 664 1310 734 sit,
1328 663 1387 718 sine
1404 661 1489 718 dubio

91 751 132 806 eius
149 750 190 804 erit
209 753 238 804 et
260 750 286 804 ei
312 750 435 819 legitima
458 749 596 804 hereditas
614 747 765 804 deferetur:
791 750 906 818 quodsi
925 766 979 806 non
998 751 1116 820 addidit,
1140 745 1275 806 efficietur
1292 751 1401 822 quidem
1420 751 1520 808 ciniso

90 838 204 908 mutnus,
224 837 274 892 sed
292 838 354 892 eiua
371 837 424 892 erit
441 837 569 907 libertus,
588 838 670 894 euius
684 837 807 908 proxime
825 835 909 894 inerit
926 854 1023 894 seruus
1042 839 1124 902 etad
1141 841 1291 914 legitimam
1309 839 1487 894 hereditatem
1508 877 1510 882 x

69 928 131 997 tipus
143 926 294 995 admittetur,
313 925 367 981 nisi
385 925 473 982 sicubi
490 926 569 995 quasi
587 926 700 995 indigno
718 926 882 996 deneganda
900 925 983 982 inerit
1000 927 1147 982 hereditas.
1177 927 1207 982 Si
1225 928 1286 996 quis
1305 927 1429 988 libertam
1448 927 1489 982 sie

89 1014 222 1070 iureiurando
245 1013 341 1084 adegit
358 1013 401 1070 'ne
424 1014 516 1070 illicite
537 1013 639 1083 nubat',
664 1030 719 1072 non
738 1013 838 1072 dehere
857 1015 1024 1086 incidere-in
1041 1016 1131 1086 legem
1149 1014 1256 1070 Aeliam
1275 1015 1407 1070 Sentium.
1439 1015 1487 1070 sed

88 1102 176 1158 si'intra
190 1107 291 1158 eertum
311 1108 420 1172 tempus
439 1118 474 1158 ne
492 1102 583 1158 dueat'
602 1103 679 1158 ‘nene
698 1104 787 1173 aliam,
806 1119 888 1174 quarn
908 1103 943 1158 dc
961 1119 1017 1174 qua
1034 1108 1166 1174 patronus
1180 1104 1355 1160 consenserit
1369 1105 1413 1160 uel
1426 1103 1488 1160 ‘non

88 1190 129 1246 'nisi
142 1190 311 1248 eribertam'
331 1195 380 1246 aut
398 1191 514 1261 'patroni
532 1190 695 1262 cognatam',
715 1191 860 1248 dicendum
880 1195 923 1246 est
940 1192 1059 1247 incidere
1078 1207 1140 1246 eum
1159 1193 1187 1248 in
1199 1193 1288 1262 legem
1301 1192 1407 1246 Aeliam
1421 1191 1487 1246 Sen-
1506 1201 1535 1241 ¹0

67 1279 133 1334 ttian
149 1295 191 1334 nee
211 1279 247 1334 ad
269 1281 421 1350 legitimam
445 1279 624 1334 hereditatem
650 1279 767 1334 admitti.
804 1279 833 1334 Si
852 1279 1003 1348 municipes
1022 1295 1132 1336 sernum
1151 1281 1369 1349 manumiseriut,
1390 1280 1487 1334 admit·

67 1367 200 1424 itermod
220 1368 371 1437 legitimam
396 1367 575 1423 hereditatem
598 1368 626 1422 in
649 1366 728 1424 bonis
752 1367 842 1422 liberti
864 1369 909 1424 uel
927 1368 1042 1424 libertae
1059 1370 1261 1424 intestatorum.
1297 1369 1374 1424 Miles
1393 1384 1487 1424 manu·

30 1493 36 1520 .
88 1456 185 1512 nitendo
204 1472 313 1514 seruum
338 1458 504 1526 peculiarem
530 1472 608 1512 snum
634 1455 718 1518 iaeiet
740 1456 867 1512 libertum
891 1461 920 1512 et
941 1457 976 1512 ad
995 1457 1145 1526 legitimam
1164 1457 1343 1512 hereditatem
1362 1457 1421 1512 eius
1440 1456 1487 1512 sd·

49 1549 77 1598 tt
88 1544 176 1598 aititur.
199 1546 352 1616 Principem
371 1545 407 1600 ud
425 1544 498 1600 hona
515 1543 673 1600 libertorum
692 1560 803 1600 suorum
823 1545 929 1600 admitti
948 1547 1009 1615 plus
1024 1561 1106 1615 quum
1119 1544 1295 1600 manifestum
1308 1550 1359 1600 est.
1387 1544 1487 1614 Utique

87 1635 147 1687 ater
162 1635 218 1704 lege
240 1634 387 1692 duodecim
410 1632 565 1690 tabularum
584 1633 621 1688 ad
638 1633 789 1704 legitimam
808 1633 988 1690 hereditatem
1007 1635 1031 1690 is
1049 1635 1097 1706 qui
1114 1635 1143 1688 in
1160 1638 1238 1688 utero
1256 1631 1309 1688 fuit
1326 1632 1486 1701 admittitur,
1506 1643 1534 1684 re

88 1719 176 1782 siluerit
191 1723 289 1778 editus.
317 1722 381 1778 inde
399 1723 472 1778 solet
488 1722 619 1778 remorari
637 1724 813 1792 insequentes
832 1722 884 1778 sibi
902 1722 1047 1792 mgnamq
1066 1721 1166 1792 quibus
1183 1719 1345 1792 praefertur,
1363 1721 1387 1776 ai
1405 1720 1487 1776 inerit

87 1807 160 1864 editus:
176 1811 235 1868 inde
253 1815 283 1866 et
299 1815 406 1880 partem
425 1809 493 1866 saeit
509 1809 552 1865 hia
570 1809 617 1879 qni
634 1811 695 1880 pari
712 1811 801 1880 gradu
819 1816 892 1882 sunt,
911 1817 942 1882 ut
959 1815 1028 1880 puta
1046 1809 1130 1882 irater
1142 1826 1213 1866 unus
1225 1814 1270 1866 cst
1280 1815 1309 1865 et
1320 1814 1423 1878 luterus,
1441 1809 1486 1864 uel

58 1901 76 1946 ¹⁰
87 1898 150 1965 patrui
163 1897 227 1954 lilius
245 1916 317 1956 unus
336 1903 418 1954 natus
437 1903 465 1954 et
483 1899 530 1968 qui
548 1899 577 1954 in
594 1903 672 1954 utero
691 1904 742 1954 est.
770 1900 822 1954 Est
840 1905 930 1956 autom
950 1905 1107 1969 mactatum,
1125 1914 1176 1970 pro
1191 1902 1260 1968 qua¹
1275 1903 1381 1968 partem
1393 1895 1485 1970 iaciat,

87 1985 175 2054 quiam
193 2003 254 2046 uno.
270 1993 350 2052 utero
367 1989 460 2056 plures
478 1987 554 2044 nasei
571 1989 697 2056 possunt.
728 1991 764 2052 et¹
774 1988 891 2057 placuit,
916 1989 939 2043 si
957 1989 985 2044 in
1004 2003 1094 2044 rerum
1113 1993 1212 2044 natura
1229 1991 1333 2060 eertum
1351 1986 1389 2042 ait
1405 1985 1484 2054 hane,
1521 2061 1522 2064 Ἴ

87 2085 135 2142 qnae
148 2089 173 2130 se
187 2075 250 2132 dicit
267 2081 460 2147 praegnatem,
477 2083 643 2148 praegnatem
662 2090 717 2130 non
735 2090 810 2144 ease,
829 2090 864 2130 ox
882 2091 945 2130 asso
963 2077 1018 2132 iam
1037 2091 1098 2144 esse
1117 2075 1245 2150 heredem
1265 2074 1345 2148 hune,
1364 2074 1417 2144 qni,
1430 2073 1484 2128 iam
1495 2083 1533 2154 οο

86 2167 143 2218 naus
156 2169 199 2234 sat,
216 2165 345 2235 quonism
364 2169 393 2220 et
409 2163 540 2233 morans
558 2163 638 2218 heres
656 2161 696 2218 fit.
724 2179 809 2233 qnare
827 2164 850 2218 si
869 2165 959 2219 medie
972 2169 1101 2235 ¹ternpore
1115 2164 1273 2232 decesserit,
1292 2163 1425 2232 integram
1438 2161 1484 2232 he-

58 2253 75 2298 ll
86 2249 192 2308 eduen
209 2253 243 2310 ad
262 2253 391 2309 heredem
410 2268 491 2308 auum
508 2251 679 2308 transmittit
714 2237 782 2306 Post
799 2251 894 2308 decem
913 2267 1022 2308 menses
1041 2254 1135 2310 mertis
1153 2257 1235 2308 natus
1253 2266 1308 2308 non
1326 2250 1501 2330 admittetur⁸

58 2336 111 2391 uad
126 2339 253 2408 legitimam
271 2341 461 2396 hereditatem.
497 2341 541 2396 Du
559 2354 593 2394 eo
611 2345 717 2409 autem,
742 2339 788 2408 qui
808 2341 976 2396 centensimo
995 2341 1183 2410 octogensimo
1201 2338 1322 2406 seeundo
1340 2339 1385 2394 die
1403 2343 1485 2394 natus

86 2429 122 2494 tsi,
134 2427 445 2500 hippocratem-scripsit
462 2433 492 2484 et
509 2428 590 2483 diuus
607 2429 673 2484 Pius
691 2427 866 2498 pontificibus
885 2429 1026 2500 rescripsit
1043 2429 1115 2486 iusto
1133 2434 1257 2499 temporo
1275 2425 1363 2482 uideri
1381 2431 1484 2496 natum,

86 2527 122 2568 nee
137 2517 210 2574 uideri
232 2519 261 2573 in
283 2517 445 2574 seruitutem
468 2521 646 2588 conceptum,
670 2531 733 2572 euru
756 2521 844 2574 mater
863 2517 950 2588 ipsius
969 2523 1033 2572 ante
1051 2518 1249 2574 centensimum
1267 2507 1484 2586 octogensimum
1505 2525 1533 2567 rs

86 2604 201 2662 reundum
217 2606 289 2662 diem
308 2611 384 2662 esset
400 2606 577 2661 manumissa.

63 2683 75 2739 4
122 2692 272 2751 Poaronms
289 2693 358 2750 libro
377 2699 475 2763 quarto
493 2694 530 2749 ad
548 2693 688 2750 Sabinum.
717 2691 761 2763 Hi,
779 2709 894 2764 quornm
907 2708 1007 2764 parens
1020 2677 1110 2764 eapite
1123 2694 1308 2768 minutusyest,
1327 2685 1484 2776 [ffiE
1518 2698 1539 2752 S

86 2775 189 2848 hednae
205 2783 363 2839 hereditatis
380 2783 425 2838 ius
441 2787 470 2838 et
487 2783 515 2837 in
534 2783 632 2838 ceteris
650 2782 774 2852 personis
793 2787 821 2838 et
839 2782 909 2838 iuter
928 2796 959 2835 se
977 2782 1096 2856 retinent
1113 2787 1142 2838 et
1159 2783 1204 2838 alii
1222 2769 1430 2850 aduersus—eos.

64 2857 76 2914 5
123 2867 251 2928 Umerus
268 2870 337 2928 libre
356 2871 588 2940 quadragensimo
604 2874 684 2926 serto
703 2869 738 2926 ad
757 2870 886 2934 edietum.
914 2869 1031 2940 Siquis,
1051 2868 1308 2926 oumhaberetira·
1327 2863 1483 2952 [Q
1517 2873 1539 2928 S

86 2955 133 3009 tran
146 2964 169 3013 at
183 2947 316 3029 patruum,
335 2959 487 3014 decesserit
503 2963 669 3014 testamento
687 2956 769 3028 iacto,
789 2957 888 3013 deinde
906 2958 1042 3027 pendente
1055 2958 1215 3014 condicione
1227 2957 1357 3034 heredum
1371 2961 1484 3030 scripto-
1503 2967 1532 3008 so

86 3053 127 3096 lun
139 3043 210 3102 frater
226 3048 358 3104 intestato
376 3047 535 3117 decesserit,
553 3063 618 3104 mox
636 3047 760 3104 condicio
779 3045 922 3102 deiecerit:
941 3052 1068 3118 patruum
1080 3063 1164 3119 posse
1176 3047 1318 3118 utriusque
1330 3047 1405 3102 adire
1416 3047 1483 3116 legi·

86 3126 152 3186 finam
167 3133 338 3192 hereditatem
358 3142 474 3194 eoustat.
661 3197 662 3200 Ἴ
710 3125 715 3138 ’

64 3209 76 3267 6
121 3219 240 3280 immarus
262 3224 332 3282 libro
354 3225 600 3296 quinquagensimo
623 3239 695 3280 nono
716 3225 895 3296 digestorum.
932 3224 1022 3280 Titius
1045 3217 1484 3307 mm
1517 3227 1539 3282 S

86 3303 212 3368 adcedam
229 3311 286 3370 lilio
303 3319 463 3369 extraneum
482 3312 610 3369 heredem
629 3313 681 3368 sub
700 3313 860 3368 condicione
871 3313 1003 3368 institnit:
1022 3313 1175 3381 quaesitum
1188 3318 1238 3382 est,
1257 3314 1281 3367 si
1293 3317 1356 3382 post
1368 3316 1483 3366 mortem

85 3397 144 3458 hilis
157 3399 286 3468 pendente
304 3403 464 3458 condicione
482 3400 555 3456 filius
566 3417 680 3457 uxorem
694 3402 819 3470 duxisset
830 3407 858 3455 et
869 3399 954 3455 filium
967 3405 1140 3471 procreasset
1152 3405 1180 3455 et
1192 3401 1365 3469 deeessisset,
1384 3398 1484 3454 deinde
1503 3408 1531 3450 se

86 3484 175 3544 condicio
189 3491 306 3547 instituti
323 3491 432 3547 heredis
450 3488 605 3561 deiecisset,
624 3507 659 3546 an
677 3489 713 3546 ud
726 3490 804 3545 huno
821 3494 979 3558 postumum
997 3495 1125 3558 nepotem
1143 3489 1266 3559 legitima
1284 3487 1421 3542 hereditas
1437 3488 1484 3542 ani
1572 3553 1575 3558 ,

86 3573 204 3635 adurat
230 3579 388 3650 respondit:
405 3581 452 3650 qul
469 3583 534 3652 post
552 3583 666 3650 mortem
686 3580 731 3634 uui
744 3579 793 3642 aui
812 3577 973 3650 coneipitur,
990 3578 1015 3632 is
1034 3578 1289 3650 nequo'legitimam
1302 3575 1482 3648 hereditatem

87 3655 126 3714 till
138 3669 262 3737 umquam
281 3684 349 3723 auus
367 3667 446 3724 heres
464 3684 553 3738 neque
571 3667 705 3724 bonorum
723 3667 925 3738 possessiouem
945 3671 1084 3734 tamquam
1098 3671 1232 3736 cognatus
1245 3664 1369 3734 accipere
1382 3667 1483 3733 potest,

87 3745 130 3810 llil
141 3752 176 3808 ler
192 3755 336 3812 duodecim
354 3755 508 3811 tabularum
528 3771 591 3812 eum
610 3761 692 3812 auocat
709 3755 745 3812 'ad
762 3743 959 3826 hereditatem,
978 3756 1025 3826 qui
1043 3756 1175 3810 moriente
1193 3770 1235 3825 eo,
1254 3753 1289 3808 de
1307 3753 1385 3808 onina
1403 3751 1483 3807 honis

86 3840 196 3914 Μίαν,
213 3845 240 3900 in
254 3859 349 3904 rerum
367 3848 472 3902 natura,
484 3843 574 3913 thenit,
1496 3850 1530 3918 7⁴⁰

64 3911 76 3968 7
121 3925 213 3988 Cursus
233 3932 303 3992 libro
327 3933 478 3990 nieenrlrno
500 3936 602 3988 octauo
625 3931 803 4001 digestorum.
837 3932 881 3988 uel
905 3933 928 3988 si
953 3932 1019 3990 uino
1037 3947 1070 3988 eo
1089 3937 1237 4002 conceptus
1254 3935 1305 4000 eat,
1324 3924 1482 4013 [fflje
1501 3932 1543 3988 'Ii

86 4009 130 4074 ll't
141 4026 279 4091 conceptus
296 4021 498 4093 quodammodo
517 4023 545 4078 in
562 4036 652 4078 rerum
670 4025 770 4078 natura
786 4035 848 4076 ease
867 4021 1048 4080 existimatur.
1270 4079 1273 4088 Ι
1298 4077 1299 4082 ,

62 4087 75 4145 ⁸
119 4100 239 4166 lulianus
255 4107 590 4181 libruqulnquagensimo
610 4125 681 4166 nono
700 4109 877 4179 digestorum.
914 4109 982 4164 Item
1002 4113 1112 4190 praetor
1129 4109 1289 4172 edictosuo
1307 4102 1481 4190 [ruffi
1514 4110 1537 4164 S

84 4191 226 4253 scriniaria
252 4199 362 4255 nomine
386 4198 518 4255 honorum
541 4199 743 4269 possessionem
766 4198 910 4268 pollicetur
933 4197 989 4267 his,
1017 4197 1064 4268 qui
1089 4195 1218 4251 defuneto
1240 4196 1336 4250 mortis
1359 4199 1482 4266 tempore
1500 4205 1531 4245 u

84 4281 162 4342 ΨΜ
176 4285 281 4344 fuerint
311 4287 321 4356 ΙΙ
339 4303 402 4343 nam
421 4287 495 4358 qued
513 4288 541 4343 in
559 4287 757 4344 consuetudine
769 4293 885 4358 nepotes
897 4287 1007 4357 cognati
1019 4285 1190 4357 appellantur
1202 4285 1285 4340 etiam
1298 4289 1401 4355 eorum,
1419 4287 1483 4354 post
1498 4289 1515 4336 l.
1528 4285 1580 4337 lle'

83 4363 247 4454 Pissaion)
963 4423 967 4430 .
1359 4405 1362 4412 «

83 4451 1482 4490 W

84 4487 389 4576 mereamim)
460 4510 784 4583 malesanae

84 4576 471 4610 &ss-—u—-a

84 4619 178 4706 {lituu
195 4639 230 4694 Ε*
284 4637 510 4694 declaratura:
530 4639 736 4726 ri...aaap0ao·
791 4643 846 4710 tem
864 4643 1042 4709 praegnatem
1061 4655 1117 4694 uon
1134 4639 1204 4708 esso}
1224 4641 1407 4696 stercorandum
1420 4635 1481 4694 BS:

84 4708 113 4779 ⁰¹?
131 4703 197 4787 filo?
217 4709 274 4766 teat
298 4709 415 4780 Διαφέρει
441 4711 490 4766 Bs
510 4711 517 4796 Ι
536 4707 622 4780 quid*
640 4727 663 4766 st
687 4713 736 4764 F2:
791 4710 829 4778 ὅτι
850 4711 865 4764 s'r
885 4709 947 4776 runai
971 4709 1140 4774 ἡφᾶοκογοο
1162 4707 1314 4775 ἐΓκγΜοκεῖκ
1338 4707 1386 4772 oia
1408 4701 1481 4776 ‘erap-

85 4777 163 4852 ”flota
252 4779 357 4836 nichae
384 4779 481 4836 s'rlrdrds
509 4782 658 4852 ελεγθερίοε
679 4781 737 4836 Be
790 4783 872 4848 aeusi,
891 4786 1229 4852 praegnatem*non*esse
1249 4783 1286 4834 F'
1340 4781 1374 4836 36
1392 4777 1481 4850 legiti-

84 4829 162 4950 {ques
178 4852 211 4904 ll·
254 4853 288 4908 18
307 4853 345 4921 et]
361 4853 454 4908 estF'
469 4853 474 4920 i
489 4868 539 4922 pro
558 4866 614 4922 qna
630 4855 736 4922 partem
790 4855 899 4908 mamF
939 4853 973 4908 38
991 4857 1131 4919 tamquam
1145 4851 1288 4926 cognatus]
1303 4851 1482 4918 deteriorare

92 4915 148 4984 witi]
164 4921 241 4976 nerea
266 4923 347 4992 espec
365 4922 519 4987 horizontes
536 4923 575 4990 τῷ
594 4925 736 4992 noeroipqs
791 4924 865 4976 ἶοὼο
883 4924 1010 4990 aosudroe
1027 4923 1076 4977 RS
1094 4926 1160 4986 mole
1203 4923 1237 4978 39
1256 4921 1430 4978 morienie'm'
1444 4919 1481 4996 Β*

85 4969 118 5031 3⁸
156 4993 183 5046 lu
200 4994 330 5064 quiue*
383 4996 419 5050 20
436 4995 512 5050 decit
528 4995 565 5049 Ρ
582 4995 586 5062 Ι
602 5010 736 5064 praegnu-
788 4993 824 5050 43
840 4993 911 5050 libra
928 4995 966 5048 F1
1019 4994 1055 5050 44
1073 4991 1206 5068 doinputu
1222 4993 1260 5068 ,Fa
1333 5023 1345 5050 '.
1367 5047 1372 5070 ,ι
1417 5039 1419 5046 .
1453 5057 1464 5068 Ἰ,
