3614 5460
59 283 106 332 au
128 284 175 331 nu
197 281 419 332 rosnnnrruro
731 259 815 341 891
1080 262 1288 331 XXXXVIIII
1311 263 1353 330 15
1374 270 1490 327 tl-at

60 423 194 480 naturalis
212 421 260 478 filii
278 437 340 478 cum
360 428 447 478 matre
470 423 671 480 manumissi-lt:
695 423 851 492 ignorantia
873 423 963 480 mariti
985 422 1163 492 eiusdemque
1185 424 1271 493 patris
1294 435 1384 492 neque
1407 421 1492 477 statui

61 527 170 582 eorum,
193 527 262 582 qnos
279 513 472 568 manumisisse
491 513 567 568 uisus
585 517 643 583 est,
666 510 777 568 officere
795 511 892 582 debet,
915 517 944 568 et
966 513 1065 568 exinde
1082 512 1203 582 intellegi
1221 516 1330 582 oportet
1346 512 1491 567 remissum

62 602 143 656 matri
160 601 284 672 pignoris
301 601 454 668 uinculum,
479 617 513 657 ex
531 615 587 670 quo
609 601 643 656 de
662 616 697 657 ea
719 601 859 672 suscipere
881 600 982 658 liberos
1005 607 1163 671 optauerat:
1186 601 1303 672 ideoque
1325 616 1399 672 eam,
1421 617 1492 671 quae

61 690 228 760 postliminio
247 705 358 746 reuersa
376 696 435 748 erat
453 689 539 746 libera
557 695 585 745 et
603 691 736 759 ingenua,
761 692 909 760 ingenuum
932 691 1073 762 peperisse
1096 695 1213 746 constat.
1241 689 1315 761 quod
1338 691 1362 746 si
1383 689 1492 761 publice

60 777 167 849 praeda
183 779 286 834 uimute
304 779 418 838 militum
437 779 591 849 reciperata
608 780 674 834 nulii
692 780 810 848 pretium
829 780 924 834 matris
947 785 1026 850 pater
1048 781 1246 850 numerauerit,
1269 781 1394 850 protinus
1416 784 1523 850 post-⁶

28 879 40 924 1
60 867 164 923 liminio
182 882 294 923 reuersa
311 883 365 924 non
383 883 446 923 cum
464 868 589 938 domino,
614 867 664 923 se'd
687 883 750 924 cum
774 869 872 924 marito
894 867 979 924 foisse
1004 869 1166 925 declaratur.
1194 869 1226 924 ln
1244 869 1370 925 ciuilibus
1388 868 1492 924 dissen-

60 956 200 1013 sionibus¹
219 958 345 1026 quamuis
363 972 447 1027 saepe
466 972 516 1028 per
534 972 582 1012 eas
600 972 645 1012 res
663 956 774 1027 publica
791 957 928 1028 laedatur,
950 972 1004 1014 non
1023 964 1114 1013 umen
1132 959 1160 1016 in
1180 959 1292 1026 cnidum
1310 957 1493 1028 reipublicae

61 1045 250 1102 portenditur:
273 1047 320 1116 qni
338 1047 366 1102 in
385 1047 529 1102 alterutras
547 1052 640 1117 partes
658 1045 813 1117 discedent,
837 1047 899 1102 uice
916 1046 1036 1102 hostium
1054 1061 1109 1102 non
1127 1051 1192 1102 sunt
1209 1062 1317 1116 eorum,
1335 1048 1493 1117 intorques

61 1135 123 1190 iura
145 1135 346 1205 captiuitatium
370 1141 419 1190 aut
441 1137 667 1206 postliminiorum
691 1134 801 1191 inerint
829 1141 858 1190 et
880 1135 943 1191 idco
967 1141 1063 1207 captos
1087 1139 1116 1191 et
1138 1135 1321 1192 uenumdatos
1341 1141 1493 1207 posteaque

61 1224 245 1280 manumissos
262 1225 367 1296 placuit
384 1239 555 1295 superuacuo
573 1229 697 1295 repetere
715 1241 732 1280 a
748 1224 872 1295 principe
893 1225 1105 1294 ingenuitatem,
1128 1240 1211 1295 quarn
1235 1226 1310 1281 nulla
1332 1225 1493 1296 captiuitate
1512 1235 1540 1276 1⁰

61 1313 219 1370 amiserant

2 1401 43 1462 22
115 1402 257 1458 inmanes
274 1401 344 1458 libro
361 1401 554 1472 sexagensimo
578 1401 700 1458 seeundo
717 1401 896 1471 digestorum.
931 1401 1011 1457 Bona
1028 1415 1137 1472 eorum,
1160 1402 1252 1472 quiin
1270 1401 1317 1458 ho·
1335 1397 1491 1486 [fflffl
1509 1405 1531 1462 S

62 1490 147 1546 stium
165 1495 330 1561 potestatem
349 1492 523 1562 peruenerint
540 1495 623 1561 atque
646 1490 684 1547 ibi
708 1490 890 1562 decesserint,
914 1490 973 1546 sine
995 1491 1153 1546 testamenti
1176 1489 1324 1547 factionem
1347 1491 1493 1548 habuerint

62 1580 123 1634 siue
141 1595 196 1634 uon
213 1579 371 1650 habuerint,
390 1580 426 1636 ad
444 1595 492 1636 eos
509 1581 659 1650 pertinent,
683 1579 719 1634 ad
737 1593 806 1649 quos
823 1580 1006 1650 pertinerent,
1030 1579 1054 1634 si
1073 1580 1101 1634 in
1117 1583 1283 1650 potestatem
1302 1580 1420 1637 hostium
1439 1595 1494 1638 non

62 1668 268 1739 peruenissent:
291 1669 420 1739 idemque
442 1669 486 1724 ius
509 1669 556 1724 in¹
573 1669 670 1724 eadem
695 1683 780 1724 causa
803 1669 924 1724 omnium
947 1683 1038 1723 rerum
1063 1667 1173 1724 iubetur
1195 1683 1258 1724 esse
1280 1669 1542 1741 legeOornelia,1s

63 1771 135 1827 quas
152 1755 244 1813 sutura
261 1763 349 1828 esset,
374 1759 398 1812 si
421 1757 463 1826 hi,
486 1758 522 1812 de
544 1773 660 1828 quorum
683 1755 881 1812 hereditatibus
904 1761 933 1812 et
955 1757 1050 1812 tutelis
1073 1757 1303 1828 constituebatur,
1326 1759 1355 1814 in
1375 1758 1495 1816 hostium

30 1861 43 1905 1
63 1851 226 1917 potestatem
244 1862 299 1902 non
317 1847 516 1916 peruenissent.
547 1846 672 1918 Apparet
684 1861 750 1916 ergo
763 1845 860 1901 eadem
873 1846 966 1901 omnia
983 1846 1119 1916 pertinere
1138 1846 1173 1900 ad
1192 1845 1320 1902 heredem
1338 1848 1406 1918 sius,
1424 1863 1496 1919 quas

62 1935 133 2006 ipse,
150 1937 198 2006 qui
216 1935 334 1992 hostium
352 1937 456 2006 potitus
474 1939 525 2005 est,
543 1934 687 1990 habiturus
701 1940 783 2005 esset,
803 1935 827 1990 si
839 1935 1007 2004 postliminio
1019 1935 1186 1990 reuertisset
1213 1951 1294 2006 porro
1306 1951 1495 2008 quaecumque

62 2025 137 2079 serui
155 2027 325 2095 captiuorum
344 2026 509 2096 stipulantur
526 2025 571 2080 uel
590 2025 738 2094 accipient,
757 2024 864 2094 adquiri
882 2023 1000 2079 dominis
1017 2024 1225 2095 intelleguntur,
1249 2039 1312 2081 cum
1330 2027 1495 2096 postliminio

63 2111 208 2169 redierint:
232 2129 318 2184 quara
335 2129 449 2170 neeesse
471 2119 515 2169 cst
536 2113 619 2170 etlam
644 2113 680 2168 ad
698 2128 746 2169 eos
763 2113 932 2184 pertineant,
956 2113 1003 2182 qui
1028 2127 1062 2168 ex
1085 2113 1148 2183 iege
1166 2113 1292 2170 Cornelia
1315 2115 1494 2172 hereditatem
1514 2125 1543 2166 ao

64 2201 191 2258 adierint.
217 2202 291 2273 quod
310 2203 334 2258 si
351 2217 433 2258 nemo
451 2218 486 2258 ex
504 2204 565 2272 lege
578 2201 704 2258 Ooruelia
721 2200 801 2258 heres
818 2203 948 2271 extiterit,
967 2201 1040 2257 hona
1051 2201 1162 2272 publiea
1175 2201 1251 2259 dent.
1277 2204 1369 2274 legata
1386 2221 1495 2276 quoque

64 2292 153 2347 seruis
171 2305 264 2348 eorum
282 2291 420 2362 praesenti
438 2292 483 2347 die
501 2292 545 2348 uel
563 2290 615 2347 suh
634 2291 804 2347 condicione
819 2290 855 2346 ad
875 2289 991 2346 heredes
1009 2289 1192 2360 pertinebunt.
1219 2291 1286 2348 item
1304 2293 1328 2348 si
1345 2308 1442 2350 seruus
1460 2293 1496 2351 ah

30 2387 160 2437 sextero
178 2381 257 2437 heres
274 2381 418 2438 institutus
436 2379 527 2450 inerit,
544 2381 622 2436 iussu
639 2379 748 2436 heredis
767 2380 869 2450 captiui
888 2379 963 2435 adire
981 2379 1091 2450 poterit.
1127 2379 1206 2446 Quod
1224 2381 1248 2436 si
1265 2379 1338 2437 filius
1356 2383 1430 2454 eius,
1448 2383 1496 2453 qul

64 2471 93 2528 ln
111 2469 230 2527 hosdem
253 2473 391 2542 potestate
414 2476 470 2540 est,
494 2471 594 2541 accipit
616 2475 664 2524 aut
687 2469 848 2539 stipulatur,
871 2469 899 2524 id
922 2473 1001 2539 patre
1024 2469 1184 2539 priusquam
1206 2470 1371 2539 postliminio
1394 2471 1497 2527 rediret

65 2566 174 2616 mortuo
191 2560 244 2631 ipsi
262 2559 428 2630 adquisitum
447 2559 628 2629 intellegitur,
650 2559 722 2614 ⁸etsi
738 2558 805 2614 uiuo
822 2562 901 2628 patre
919 2557 1082 2628 decesserit,
1105 2557 1142 2614 ad
1164 2557 1292 2614 heredem
1311 2561 1397 2630 pateis
1413 2561 1496 2632 perti·
1513 2570 1543 2613 ss

65 2649 150 2706 uehit
178 2665 242 2705 nam
260 2655 349 2705 statos
367 2649 521 2717 hominum,
544 2663 660 2718 quornm
683 2653 777 2718 patres
800 2648 828 2702 in
852 2646 970 2702 hostium
993 2651 1133 2718 potestate
1151 2653 1229 2717 sunt,
1252 2649 1281 2704 in
1298 2649 1429 2719 pendenti
1446 2659 1495 2722 est,

65 2745 94 2796 et
110 2753 222 2795 reuerso
239 2737 349 2808 quidem
368 2741 447 2808 patre
465 2738 638 2793 existimatur
659 2751 798 2806 nonquam
821 2751 888 2791 snae
910 2736 1056 2806 potestatis
1079 2734 1179 2806 luisse,
1203 2742 1310 2794 mortuo
1331 2743 1398 2794 tune
1418 2744 1497 2810 pater

12 2837 48 2882 aa
65 2827 183 2885 familias
200 2826 294 2898 tuisse,
313 2844 374 2884 eum
393 2833 472 2900 pater
490 2826 550 2882 eius
567 2827 595 2881 in
613 2825 732 2881 hostium
749 2829 887 2895 potestate
904 2827 1069 2894 perueniret
1100 2825 1312 2902 Paterfamilias
1330 2837 1375 2900 qni
1388 2829 1498 2886 taletas

56 2921 133 2993 filios
151 2927 178 2972 irs
193 2925 318 2988 potestate
335 2919 400 2972 duos
418 2925 443 2973 et
459 2923 553 2988 cipisli
570 2918 655 2979 milio,
679 2915 711 2968 oh
735 2915 850 2970 hostibus
872 2922 962 2986 cuplae
985 2923 1036 2970 est:
1058 2917 1124 2970 ulter·
1147 2935 1177 2969 es
1191 2918 1261 2987 filiis
1283 2924 1395 2988 acceptia
1412 2919 1495 2975 &cem

65 3008 168 3063 mitibus
186 3010 239 3062 utic
257 3007 341 3061 decem
359 3009 432 3061 milia
454 3007 610 3078 adquisierit:
635 3011 768 3075 quaeritas·
788 3011 865 3075 putre
888 3005 959 3076 opud
979 3005 1063 3060 hostes
1086 3005 1204 3080 defuneto
1228 3006 1292 3078 rpsid
1304 3009 1362 3078 filii
1383 3007 1498 3064 habituri
1515 3015 1544 3058 tt

65 3103 125 3152 siat.
152 3097 297 3167 rsepondit,
318 3104 344 3151 et
360 3113 478 3151 recusus
495 3100 559 3149 emet
574 3100 657 3164 poter,
675 3100 753 3147 etium
768 3099 859 3164 postea
877 3093 1009 3166 adquisita
1026 3093 1110 3148 &cem
1127 3096 1199 3149 mitia
1217 3102 1272 3149 eius
1283 3097 1382 3166 saturo
1393 3098 1497 3167 sauss:

67 3193 95 3241 at
112 3205 169 3241 mess
187 3193 215 3239 ira
232 3177 382 3256 captoriae
399 3191 513 3238 mortuus
529 3188 577 3246 eit,
600 3189 743 3236 eommunia
760 3201 812 3235 noa
820 3185 898 3254 sore,
919 3183 966 3236 sed
982 3189 1037 3236 eiua
1054 3190 1099 3254 qut
1119 3182 1268 3253 adquisiedl.
1297 3190 1391 3255 eripienti
1413 3191 1497 3239 omens

35 3277 140 3330 emilia
159 3275 299 3346 aequaliter
316 3273 463 3327 decidendo.
499 3270 575 3337 Quae
598 3270 729 3340 pecchari
751 3271 861 3326 nomine
882 3270 955 3326 serui
973 3271 1058 3340 capti·
1090 3265 1498 3353 fflrueahssttrssssspfi

67 3377 165 3420 uorum
183 3361 341 3433 possident,
358 3361 387 3416 in
405 3375 539 3431 suspenso
557 3365 635 3416 sunt:
659 3375 722 3414 nam
740 3360 764 3414 si
783 3359 886 3416 domini
903 3360 1070 3430 postliminio
1088 3361 1232 3432 redierint,
1254 3377 1349 3418 eorum
1367 3349 1498 3418 iacta-in*-

35 3453 243 3522 4tellcgnntur,
262 3451 286 3506 si
304 3449 342 3506 ibi
360 3449 536 3518 decesserint,
554 3464 603 3519 per
619 3450 708 3519 legen
723 3449 876 3505 Corneliam
888 3448 924 3504 ad
936 3448 1051 3506 heredes
1063 3465 1156 3507 eorum
1174 3450 1358 3521 pertinebunt
1385 3449 1415 3506 Si
1427 3452 1498 3523 quis,
1516 3461 1545 3504 se

68 3557 131 3598 cnm
149 3543 327 3612 praegnatem
346 3554 458 3596 uxorem
477 3537 604 3608 haberet,
627 3539 656 3593 in
673 3538 792 3594 hostium
810 3543 975 3609 potestatem
999 3539 1168 3610 peruenerit,
1191 3543 1256 3596 nato
1279 3540 1378 3596 deinde
1395 3539 1452 3596 tilio
1469 3546 1499 3596 et

68 3637 185 3700 mortuo,
203 3629 242 3684 ibi
259 3628 418 3699 deeemerit,
437 3628 496 3684 eius
512 3632 707 3683 testamentum
726 3628 829 3684 nullum
848 3632 904 3698 cst,
922 3628 988 3699 quia
1005 3632 1034 3684 et
1051 3643 1160 3700 eorum,
1181 3629 1228 3699 qui
1246 3630 1274 3685 in
1292 3630 1405 3686 ciuitate
1422 3643 1497 3687 man·

67 3725 171 3786 serunt,
189 3717 241 3774 hoc
259 3733 326 3774 casu
343 3722 509 3774 wstamenta
526 3722 696 3788 rumpuntur.

67 3807 260 3878 HXYMOO)

69 3936 79 3971 ¹
96 3933 226 4003 quoniam
246 3942 293 3988 lna.
363 3931 376 3967 ¹
393 3931 432 4000 in]
450 3937 478 3986 et
495 3931 577 3998 (edd.:
595 3933 628 4006 es.
641 3933 657 3984 1.
669 3929 769 3984 Rubris
781 3932 806 3995 2,
820 3933 868 3985 10.-
886 3931 1001 4001 siremps
1016 3945 1060 3986 rcs
1072 3931 1117 3986 lex
1129 3932 1172 3987 ius
1185 3947 1337 4002 causaeque
1350 3931 1498 4005 o[mnibus]

68 4005 210 4076 o[mnium]
228 4003 340 4074 r[erum]
357 4001 449 4070 estol?
519 4003 531 4038 ¹
549 4016 600 4056 nec
619 4009 666 4056 ine.
683 4003 811 4067 (semiliter
830 4003 962 4070 dusmiso)

69 4129 86 4184 3
104 4125 215 4182 matri's'
233 4127 309 4196 pigu.
329 4127 353 4180 F
354 4125 366 4160 ³
425 4128 459 4180 16
481 4125 717 4182 constituebantur
738 4126 764 4178 F
811 4125 942 4182 deuduroc
959 4125 988 4181 ὲκ
1001 4127 1032 4198 τῷ
1046 4127 1209 4198 aixuellmciq,
1228 4126 1286 4182 πῶε
1299 4128 1337 4182 sai
1350 4126 1382 4182 ra
1394 4125 1498 4183 ἐπικτη-

70 4199 291 4269 ltpotcstetcd
302 4201 307 4265 Ι
322 4204 407 4266 drgo
421 4197 457 4250 F'
505 4199 539 4254 18
552 4197 756 4252 rceesrtissetF¹
811 4197 902 4262 litura,
922 4198 944 4252 εἰ
962 4198 1130 4270 Ῠποοτρὲφει,
1149 4199 1197 4261 roi
1214 4197 1313 4270 πατρὸς
1331 4200 1406 4255 eicis·
1426 4201 1449 4256 ei
1467 4200 1498 4254 Δὲ

70 4272 104 4326 19
122 4285 203 4326 seruo
221 4271 257 4324 d¹
317 4269 352 4324 22
370 4269 490 4338 presenti
508 4270 552 4337 Fi
574 4269 610 4324 ad
632 4267 757 4338 heredes]
811 4268 845 4322 ar'r
868 4269 1036 4341 iuocrpeqsr,
1061 4267 1093 4332 oi
1117 4269 1189 4324 solui
1212 4270 1337 4335 placarer,
1363 4269 1427 4326 itt&
1449 4271 1498 4334 τοῨ

68 4340 220 4398 haberedes
248 4342 282 4396 pr
345 4341 381 4395 26
407 4345 451 4395 est
473 4340 511 4410 et]
539 4342 609 4405 edd,
636 4345 711 4396 esset
737 4339 764 4392 F
810 4340 1015 4406 inraraesataor
1033 4341 1117 4406 abaci
1136 4341 1181 4398 eici
1200 4340 1315 4413 rlxlara,
1333 4341 1498 4414 risisrcxl·

69 4414 105 4470 28
123 4420 188 4468 inter
205 4420 328 4482 epitomas
348 4411 361 4480 §
375 4411 455 4480 2(sei
468 4413 524 4497 nepi
539 4412 596 4466 τῶκ
608 4409 757 4466 tuleratis·
811 4423 851 4467 λιι
864 4411 952 4468 tulere
963 4413 1136 4485 uosptzourar.
1163 4433 1227 4485 qaae
1240 4421 1284 4486 qul
1295 4415 1429 4487 Anonymi
1441 4416 1498 4470 hre-

69 4503 125 4539 ruru
144 4483 183 4551 τῷ
202 4483 251 4551 riq>
275 4481 365 4546 ΑῨτοῨ,
391 4485 429 4538 ssi
454 4484 477 4538 ei
499 4483 653 4554 rnocrpteer
678 4481 758 4545 uiroc
810 4492 967 4558 uictorisque
985 4494 1039 4540 eice
1056 4485 1258 4540 cmmodinem
1279 4493 1363 4551 uouit,
1387 4505 1417 4541 ee
1435 4493 1499 4558 ipsis

69 4554 99 4610 ὲκ
116 4555 165 4610 rsic
183 4555 355 4624 aixaallcrciec
367 4553 382 4607 ἢ
396 4555 443 4618 ur's,
463 4556 501 4610 usi
520 4555 584 4610 ubre
602 4555 650 4616 τοῨ
669 4554 756 4624 siqua·
811 4556 917 4626 clipeatis
934 4558 1066 4628 desumpta
1083 4575 1136 4611 esee
1155 4563 1178 4611 et
1189 4555 1237 4610 hoe
1249 4563 1305 4628 ipso
1317 4559 1372 4612 loeo
1384 4577 1402 4614 a
1415 4555 1499 4613 Grae·

69 4626 245 4682 adsecuturos
257 4625 273 4680 ὁ
283 4626 342 4689 uide
354 4625 445 4690 fluerat
463 4625 628 4688 airstoieroc
641 4626 679 4680 asi
692 4625 757 4680 ubre
810 4635 847 4681 eis
864 4629 928 4682 tecta
945 4647 996 4680 saon
1013 4628 1130 4698 sepchet:
1148 4627 1246 4682 accedit
1263 4629 1332 4699 quod
1347 4647 1422 4702 quom
1474 4648 1500 4682 m

69 4699 234 4767 iueioieroc)
251 4704 275 4752 et
294 4697 339 4768 §4
357 4695 408 4766 (ssi
427 4699 483 4770 περὶ
496 4698 544 4760 roi
556 4696 602 4751 'eda
615 4699 655 4766 τῷ
667 4698 757 4767 cipue·
809 4698 1295 4768 reidsmdietlart.12§1h.t.et
1311 4699 1355 4763 49,
1368 4648 1499 4771 17,qu

70 4769 149 4836 adro
177 4771 395 4838 sroeopoiaeuoe
424 4767 453 4824 iu
480 4769 511 4841 τῇ
538 4770 652 4840 nolrrsiq
680 4767 757 4838 τεχθῇ
812 4776 837 4823 et
853 4769 928 4834 clete,
952 4777 1033 4824 tameo
1056 4778 1111 4841 ipae
1132 4787 1207 4824 saeue
1225 4778 1264 4825 sic
1285 4789 1409 4843 nusquam
1433 4774 1500 4825 aliua

70 4861 92 4896 κ.
103 4861 125 4896 r.
136 4840 172 4910 t.)
189 4849 284 4895 omissa
303 4840 317 4909 ξ
330 4841 348 4894 3
365 4841 427 4894 duee
445 4848 535 4896 inserit
552 4841 698 4912 dipesele.-
719 4841 758 4893 ssi
813 4847 947 4906 inuenitur,
964 4847 993 4895 ut
1005 4841 1036 4894 ds
1047 4847 1244 4912 transpositione
1255 4849 1366 4912 ospitari
1377 4860 1427 4894 aaa
1437 4860 1500 4912 pee-

69 4914 126 4974 usui
139 4911 389 4982 eixualmrtceturoc
401 4911 440 4965 asi
453 4912 613 4975 κεκτκκὲκογ
625 4911 674 4973 hio
686 4909 760 4974 riute
811 4919 853 4966 eit.
872 4911 965 4966 aeidit
987 4918 1066 4984 lpitur
1089 4919 1165 4984 copul
1186 4911 1214 4965 id
1235 4919 1299 4966 ister
1317 4912 1341 4966 Is.
1354 4914 1370 4965 t.
1390 4911 1404 4985 5
1417 4913 1435 4965 2
1447 4913 1500 4967 ess

70 4985 110 5039 ssi
129 4984 234 5054 erexisse
253 4983 407 5048 uouleusrs,
427 4983 465 5037 sai
484 4983 532 5045 τοῨ
550 4981 613 5037 iude
631 4982 760 5037 taddaeus
812 4983 847 5038 36
864 4980 1045 5054 potestate'm'
1057 4983 1096 5038 F'

69 5054 101 5110 ri
119 5055 185 5128 xilla
196 5055 235 5110 asi
249 5052 452 5119 tursracauiuor
464 5053 540 5126 ἔτερα
552 5055 623 5126 xilla,
643 5053 682 5108 sal
694 5051 759 5110 liuo-
