3638 5460
88 125 235 185 euruno
249 128 328 178 unse
342 129 418 180 ure.
435 131 503 180 uun
517 131 642 181 rueme.
763 107 851 192 259
1252 116 1387 206 xxxvl
1407 120 1428 186 2
1448 127 1530 182 1—e

790 363 822 446 ll

121 509 160 587 lt
202 509 398 602 QUANDO
432 513 539 592 DIES
572 513 868 592 LEGATORUM
902 515 994 594 UEL
1029 515 1495 598 FIDEICOMMISSORUM
1547 541 1645 601 serm

690 640 849 718 OEDAT
890 641 928 720 R

40 797 64 854 1
139 798 263 856 Poenus
285 799 354 858 lubre
377 802 499 860 seeundo
523 803 559 860 ad
577 802 718 862 Sabinum.
755 806 863 862 llortuo
881 809 972 877 putre,
991 805 1056 862 lieet
1073 806 1139 864 uiuo
1157 808 1274 880 pupillo,
1294 807 1353 866 dies
1371 801 1568 892 [ιῖιι-,ιόζῖδ

84 887 242 958 legatorum
260 905 278 944 ι
294 889 446 948 musetum
463 891 590 950 mmmm
609 893 691 950 redit.
1386 883 1529 894 ’“““““
1547 909 1560 952 ι

36 975 67 1032 2
139 977 294 1036 unvanus
311 978 380 1038 libro
398 982 494 1052 quinto
512 981 621 1038 deeimo
639 982 675 1038 ed
693 982 835 1040 Sabinum.
862 983 891 1040 Si
903 998 971 1054 pure
987 984 1023 1039 sit
1042 999 1109 1040 usus
1120 981 1227 1042 fruetus
1244 985 1353 1056 legatus
1385 998 1528 1056 e.44‚no‚t
1546 991 1568 1047 S

85 1065 132 1120 uel
148 1081 218 1122 usus
236 1067 281 1122 uel
298 1066 444 1141 habitatio,
467 1085 557 1141 neque
574 1086 669 1127 eorum
693 1071 752 1128 dies
776 1076 841 1128 aute
858 1073 961 1128 editam
980 1071 1160 1130 hereditatem
1179 1074 1253 1130 eedit
1270 1089 1360 1144 neque
1377 1063 1529 1146 petitio-'ed

85 1152 216 1210 heredem
234 1158 342 1214 truueit.
368 1158 440 1216 idem
459 1164 488 1216 et
505 1159 529 1215 si
546 1175 582 1215 ex
600 1159 644 1216 die
663 1161 700 1218 sit
717 1177 785 1218 usus
802 1159 908 1218 fruetus
925 1162 1050 1218 relictus:

32 1242 68 1300 3
137 1245 219 1302 Ιιιιιι
234 1244 305 1302 lrbro
322 1247 418 1317 quinto
437 1248 662 1319 disputationum.
697 1267 762 1308 nem
780 1265 843 1306 eum
861 1249 898 1306 ed
915 1249 1044 1308 heredem
1062 1266 1117 1310 non
1134 1248 1330 1322 transferatur,
1355 1249 1457 1309 trustra
1474 1258 1525 1326 est,
1544 1250 1580 1306 e*

86 1333 193 1389 niente
211 1335 273 1404 quis
291 1335 363 1391 diem
382 1337 442 1392 eius
460 1337 559 1393 oedere
577 1337 685 1394 dixerit.
1545 1355 1574 1396 1⁰

25 1419 67 1478 4
138 1421 218 1478 luere
235 1422 304 1480 libro
323 1441 395 1482 nono
413 1425 521 1484 deoimo
539 1425 575 1482 ed
592 1425 734 1484 Sabinum.
762 1427 792 1484 Si
810 1427 880 1484 ‘oum
898 1427 977 1486 heres
996 1427 1133 1484 morietur'
1151 1429 1267 1499 legetur,
1286 1443 1349 1486 oon·
1367 1424 1567 1516 Qud

86 1509 221 1568 ᾱιάοιιιιι
243 1513 366 1583 legatum
389 1520 445 1571 est:
468 1515 588 1586 denique
610 1516 675 1572 uiuo
698 1515 799 1572 herede
824 1515 970 1574 deiunehrs
992 1517 1142 1589 legatariur
1160 1516 1197 1572 ed
1214 1516 1342 1574 heredem
1362 1534 1418 1576 non
1438 1526 1527 1576 trane

87 1596 146 1654 lert
174 1600 285 1658 einero
303 1601 373 1658 ‘eum
391 1603 451 1674 ipse
473 1605 624 1676 legatarius
647 1604 784 1664 morietur'
803 1607 911 1677 legetur
934 1607 973 1678 ei,
996 1610 1101 1662 eertum
1125 1609 1169 1662 est
1191 1606 1315 1676 legatum
1339 1606 1375 1662 ud
1397 1605 1525 1666 heredem

86 1689 243 1746 ιιιιιιιιιιιι.
1545 1696 1574 1750 ιι

13 1773 59 1831 5
136 1778 217 1832 ineu
234 1777 304 1835 libro
321 1781 453 1838 uieesimo
472 1783 509 1838 ed
526 1781 668 1838 Sabinum.
705 1781 734 1838 Si
752 1787 816 1854 post
833 1781 905 1862 diem
929 1783 1014 1852 legati
1038 1782 1180 1838 cedentem
1200 1782 1349 1852 legatarius
1367 1779 1567 1866 [Qu-43

13 1869 36 1912 Ι
89 1863 247 1937 deeeseerlt,
264 1869 300 1924 ud
318 1869 446 1928 heredem
465 1887 545 1928 suum
563 1869 695 1928 transfert
710 1871 841 1942 legatum.
871 1873 968 1942 ltaque
981 1872 1004 1926 si
1016 1887 1115 1944 purum
1127 1872 1249 1941 legatum
1261 1871 1306 1940 sit,
1325 1886 1361 1928 ex
1372 1872 1417 1928 die
1429 1861 1526 1931 mortu}

90 1951 144 2010 diee
161 1956 224 2012 eius
241 1957 329 2014 eedit:
348 1960 372 2014 si
389 1975 456 2017 uero
473 1965 538 2031 post
554 1960 626 2016 diem
646 1961 702 2016 sint
718 1960 812 2031 legata
828 1961 931 2032 relleta,
950 1961 1032 2018 simili
1049 1959 1131 2016 modo
1147 1965 1230 2030 atque
1242 1961 1270 2016 iu
1282 1960 1359 2031 puris
1371 1961 1431 2018 dies
1443 1963 1524 2036 oedit,

90 2043 137 2100 riri
154 2041 227 2100 torte
245 2046 274 2101 id
292 2046 496 2120 fuitlegutum,
519 2049 595 2120 quod
612 2050 648 2105 ud
666 2049 795 2106 heredem
814 2065 869 2105 non
892 2050 1004 2106 nonsit:
1028 2065 1092 2106 nem
1109 2048 1190 2104 huius
1209 2049 1268 2106 dies
1285 2064 1341 2105 non
1359 2055 1424 2106 oute
1442 2051 1523 2125 oedit,

13 2131 36 2174 Ι
90 2135 118 2186 ut
132 2139 202 2203 pute
219 2135 243 2190 si
262 2150 330 2192 usus
348 2135 452 2194 fruetus
470 2139 508 2194 ιιι
524 2144 589 2210 post
606 2155 707 2194 aunum
725 2139 850 2194 relictus:
869 2137 940 2194 hene
958 2138 1031 2193 enim
1049 2139 1212 2193 sententiam
1231 2136 1389 2209 prohemus.
1426 2138 1524 2198 Sedet

91 2219 137 2276 rub
154 2221 317 2281 eondielone
334 2226 371 2282 sit
387 2227 508 2298 legatum
527 2228 664 2299 relietum,
688 2243 743 2284 non
760 2227 837 2298 prius
855 2225 915 2282 dies
936 2227 1021 2297 legati
1039 2225 1113 2282 eedit
1130 2242 1213 2298 quam
1231 2227 1356 2283 eondieio
1374 2225 1457 2284 fuerit
1473 2229 1524 2286 im·
1542 2237 1572 2278 ιι

13 2307 20 2342 “·
90 2310 170 2380 pleta,
197 2327 232 2367 ne
251 2313 362 2383 quidem
380 2316 404 2370 ιι
421 2331 455 2370 ea
478 2317 514 2371 sit
532 2317 670 2387 condicio,
693 2331 764 2387 quae
788 2317 816 2371 iu
840 2320 978 2386 potestate
1002 2316 1039 2372 sit
1060 2316 1194 2386 legatarii.
1230 2315 1287 2372 Sed
1304 2316 1328 2371 ei
1346 2331 1381 2372 ea
1398 2315 1524 2376 ooudieio

91 2396 144 2470 tur,
162 2416 247 2470 quarn
265 2407 377 2472 praetor
393 2405 520 2475 remittit,
539 2406 632 2462 stetim
650 2405 710 2462 dies
728 2404 816 2460 oedit:
839 2405 972 2476 Idemque
989 2409 1019 2460 et
1036 2405 1065 2460 in
1082 2401 1243 2476 impossibili
1261 2403 1435 2478 condicione,
1459 2408 1525 2477 quie

89 2503 134 2558 pro
150 2505 222 2559 puro
240 2489 293 2546 heo
310 2491 431 2560 legatum
450 2492 574 2550 hebetur.
609 2495 679 2549 Item
703 2494 727 2548 si
744 2509 801 2563 que
818 2493 942 2550 eondieio
960 2494 1012 2564 sit,
1035 2508 1106 2564 quae
1130 2507 1179 2564 per
1201 2493 1365 2562 legatarium
1387 2509 1443 2551 non
1466 2500 1523 2552 stat

88 2591 139 2646 quo
156 2579 249 2634 minus
266 2579 420 2651 impleatur,
439 2581 489 2638 sed
507 2588 555 2638 out
571 2597 621 2652 per
637 2581 765 2638 heredem
782 2587 831 2638 eut
841 2597 892 2653 per
903 2583 962 2638 eius
974 2597 1128 2654 personam,
1147 2582 1175 2638 in
1187 2581 1266 2640 euius
1277 2596 1396 2654 persona
1408 2581 1419 2652 ll
1431 2583 1523 2642 iuesus
1541 2587 1623 2640 t1utl'

87 2671 128 2721 est
143 2682 242 2738 parere
260 2668 422 2740 condicioni,
440 2669 499 2726 dies
516 2671 601 2740 legati
619 2670 700 2741 oedit,
718 2671 845 2741 quonium
860 2687 910 2742 pro
925 2671 1039 2742 implete
1052 2669 1183 2726 habetur:
1202 2677 1233 2726 ut
1244 2675 1314 2741 puta
1325 2671 1350 2727 si
1361 2672 1453 2728 iussus
1470 2673 1522 2731 sim
1541 2683 1571 2726 ιι

86 2753 178 2812 heredi
196 2755 294 2812 deeem
312 2757 379 2814 dare
397 2761 427 2814 et
443 2759 488 2814 ille
505 2759 629 2829 uoeipere
646 2759 723 2815 nolit.
751 2759 801 2814 sed
819 2765 848 2815 et
865 2759 889 2814 ιι
907 2760 947 2815 ita
964 2759 1030 2814 mihi
1046 2760 1169 2830 legatum
1187 2760 1237 2831 sit,
1256 2760 1280 2814 si
1298 2759 1390 2816 Seiam
1408 2777 1521 2820 uxorem

86 2841 202 2915 duxero,
229 2859 281 2902 neo
299 2860 333 2902 ea
350 2848 418 2903 uelit
434 2846 552 2918 nubere,
575 2847 721 2903 dieendum
740 2848 792 2904 erit
809 2847 882 2904 diem
900 2849 986 2919 legati
1004 2848 1115 2918 eedem,
1139 2848 1214 2918 quod
1237 2863 1287 2918 per
1311 2864 1355 2904 me
1378 2865 1434 2908 nou
1457 2856 1521 2924 stat,

86 2947 137 3002 quo
155 2933 247 2990 minus
264 2950 377 3004 pureum
395 2936 563 3006 eondieloni,
586 2936 636 2992 sed
652 2952 703 3007 per
720 2937 804 2994 alium
822 2940 891 3007 stat,
914 2952 968 3008 quo
987 2937 1077 2992 minus
1095 2937 1242 3008 inspienter
1259 2936 1393 2994 eondieio.
1428 2939 1521 2996 isdem

86 3026 176 3078 eutem
194 3022 309 3094 diebus,
327 3023 356 3078 id
373 3029 417 3080 est
433 3024 521 3080 isdem
539 3025 717 3095 pensionibus
734 3025 828 3082 heredi
845 3024 1029 3095 praestabitur
1046 3025 1182 3096 legatum,
1201 3023 1301 3094 quibus
1317 3027 1451 3096 legatario
1469 3028 1522 3098 ipei

80 3111 285 3178 praestabatur.
312 3111 349 3182 Si,
368 3128 430 3168 eum
449 3113 508 3169 dies
525 3113 610 3184 legati
628 3113 726 3170 eedere
744 3114 883 3185 inciperet,
902 3114 982 3170 slieni
995 3114 1057 3183 quis
1069 3113 1135 3169 iuris
1148 3117 1199 3184 est,
1217 3111 1311 3168 deberi
1328 3113 1371 3170 his
1388 3115 1520 3188 legatum,
1541 3127 1570 3169 eo

76 3212 198 3267 quornm
216 3201 271 3256 iuri
287 3199 340 3258 fuit
356 3200 506 3258 subiectus.
534 3207 563 3258 st
579 3201 643 3258 ideo
660 3203 684 3258 si
701 3218 801 3272 purum
818 3204 940 3274 legatum
959 3201 1041 3258 suerit
1058 3207 1087 3258 et
1104 3207 1168 3274 post
1185 3201 1258 3258 diem
1275 3203 1360 3273 legati
1377 3203 1521 3260 eedentem

66 3284 151 3342 liber
167 3287 260 3345 faetus
278 3295 329 3361 est,
348 3289 422 3361 opud
440 3290 579 3347 dominum
597 3291 719 3362 legatum
737 3292 885 3364 relinquet:
907 3290 957 3346 sed
975 3291 999 3346 si
1017 3289 1206 3346 ususfructus
1224 3287 1307 3346 luerit
1323 3291 1440 3364 legatus,
1458 3292 1523 3349 lieet

67 3381 281 3444 postmortem
298 3379 452 3450 testatoris,
477 3384 542 3436 ante
561 3379 663 3436 editam
682 3385 775 3436 tamen
792 3379 972 3436 hereditatem
997 3380 1039 3436 sui
1061 3379 1129 3436 iuris
1151 3377 1301 3450 effioietur,
1324 3379 1378 3437 sibi
1399 3381 1521 3451 legatum

64 3459 210 3534 ’denirit
1540 3479 1570 3522 ιι

138 3553 256 3612 Faunus
278 3555 348 3612 libre
371 3557 453 3612 tertio
476 3556 513 3612 ed
531 3555 672 3614 Sabinum.
710 3557 789 3624 Quod
806 3572 874 3628 pure
892 3555 988 3612 dutum
1007 3561 1050 3611 eet
1072 3556 1096 3612 ei
1115 3554 1166 3612 suh
1185 3555 1345 3614 eondieione
1363 3553 1520 3642 ffel—W
1539 3563 1561 3619 S

13 3685 19 3714 p
70 3636 227 3716 adimatur,
246 3645 326 3715 quusi
344 3645 397 3702 sub
414 3645 575 3702 eondieione
592 3647 713 3716 legatum
732 3645 857 3702 hebetur.
887 3644 926 3701 At
943 3645 967 3700 si
985 3645 1170 3700 exstrinseous
1188 3645 1373 3715 suspendatur
1388 3633 1521 3718 legatmn‘,
1601 3687 1603 3690 -

71 3737 137 3784 non
154 3747 191 3789 ex
207 3734 271 3806 ipeo
287 3737 468 3790 testamento:
490 3735 556 3790 lieet
573 3740 637 3790 ente
655 3733 773 3790 decedat
794 3734 957 3804 legatarius,
981 3733 1017 3788 ad
1035 3732 1164 3790 heredem
1182 3735 1381 3792 transmississe
1398 3737 1519 3806 legatum

79 3809 214 3878 fflfimue:
237 3823 325 3879 ueluti
347 3824 371 3878 ιι
393 3838 451 3878 rem
474 3822 594 3880 dotalem
618 3823 732 3878 maritus
753 3823 889 3894 legererit
911 3827 1005 3879 extero
1029 3826 1058 3878 et
1079 3822 1158 3878 uxori
1182 3822 1300 3893 aliquem
1319 3837 1368 3893 pro
1387 3822 1472 3880 dotali
1489 3838 1520 3880 re

74 3911 241 3982 wemmam,
260 3910 361 3966 deinde
378 3911 548 3968 deliberante
566 3927 651 3968 urere
669 3911 704 3966 de
722 3912 853 3968 eleetione
871 3911 944 3968 dotis
962 3911 1112 3966 deoesserit
1128 3911 1278 3980 legatarius
1296 3915 1380 3982 utque
1397 3913 1518 3982 legatum

77 3979 195 4059 οιθεειιι
213 3999 319 4071 mulier,
337 3999 372 4056 ud
391 3999 518 4060 heredem
532 4001 647 4056 transire
659 4001 780 4070 legatum
794 3999 897 4056 dietum
910 4004 961 4056 est
989 3999 1073 4070 idque
1084 4003 1113 4056 et
1125 3999 1246 4055 lulianus
1258 3999 1412 4070 respondit:
1430 4001 1520 4071 magis
1538 4008 1568 4050 eo

47 4064 154 4162 ’thim
171 4103 250 4144 more
267 4103 349 4158 quum
368 4089 492 4146 eondioio
508 4090 601 4160 legate
619 4089 720 4146 inieeta
737 4088 856 4145 uidetur.
892 4090 995 4146 Eorum
1012 4089 1175 4162 legatorum,
1193 4088 1311 4158 quaein
1329 4088 1461 4146 oodieillis
1477 4103 1519 4145 re·

163 4182 236 4248 sunt,
254 4175 369 4248 perinde
386 4177 447 4235 dies
464 4177 538 4234 oedit
555 4183 639 4248 etque
656 4182 822 4234 testamento
840 4177 1005 4238 relictorum,

64 4259 99 4334 ιι
105 4277 325 4362 wnneror)

58 4427 295 4556 gthditatem
314 4465 397 4533 soppt
411 4463 447 4516 Ρ
462 4463 467 4530 l
482 4461 598 4531 petitio
611 4462 637 4514 F
637 4463 649 4496 ²
684 4463 701 4516 9
720 4461 771 4548 ιιι]
827 4459 960 4530 sionibus]
979 4463 1007 4528 F,
1025 4459 1233 4530 pendielonibue
1248 4445 1437 4526 WDEI·OK·,
1455 4475 1519 4518 oeu-

67 4515 163 4567 F·
215 4534 248 4587 11
273 4532 353 4588 heres
376 4537 458 4604 suppl.
473 4533 524 4588 F':
548 4533 593 4586 bre
616 4530 774 4604 luoeinpo
826 4531 976 4588 ditionibus
996 4530 1135 4588 Pth'lal.
1188 4533 1222 4586 31
1245 4531 1386 4587 subieetus
1410 4535 1439 4588 et
1455 4532 1519 4588 ideo

57 4583 245 4658 memoror
265 4605 291 4658 Β
309 4603 391 4672 (Τιρ.)
444 4601 773 4674 12uiuoherede1uluo
827 4604 851 4659 ιι
875 4619 973 4673 purum
996 4603 1117 4672 legatum
1141 4600 1224 4658 luerit
1246 4603 1340 4657 llsF¹
1388 4603 1423 4658 33
1445 4603 1518 4673 ante]

59 4657 85 4702 ⁰⁰
97 4649 225 4730 herede
237 4673 371 4738 DEIOK,
384 4673 449 4729 uiuo
461 4689 494 4729 eo
503 4675 598 4730 reliote
607 4673 707 4730 herede
718 4673 771 4742 Wl
826 4673 925 4730 a‘d'ute
935 4673 975 4739 rt
992 4673 1094 4730 aditam
1106 4673 1209 4743 tamen]
1223 4673 1470 4730 aditsntumentum
1481 4675 1518 4727 F¹

63 4717 107 4787 *dl
129 4741 223 4798 tbi⁸¹
260 4746 296 4800 16
313 4745 359 4813 ιιι]
372 4749 416 4800 est
427 4746 463 4799 F·
505 4747 538 4800 17
550 4745 635 4816 puris]
649 4745 723 4816 poris
736 4745 772 4798 F
826 4746 861 4800 36
874 4743 1008 4802 ιιιίἰιῈι
1054 4745 1088 4800 37
1101 4743 1363 4801 transmis's’iseeF‘
1408 4745 1443 4800 39
1456 4743 1518 4800 elie·

67 4791 100 4874 ¹⁸.
121 4805 225 4870 ‘eedit
242 4813 280 4870 F*
336 4817 370 4872 19
392 4815 463 4871 hane
486 4815 618 4888 suppli*
665 4817 700 4872 28
718 4831 773 4886 quo
825 4816 900 4873 tione
919 4817 945 4870 F
991 4815 1027 4872 40
1045 4815 1089 4886 ed]
1109 4815 1145 4872 ab
1163 4815 1201 4870 Ρ
1253 4815 1289 4872 41
1308 4815 1448 4873 eodioillos
1466 4816 1503 4868 Ρ

72 4877 172 4940 mbr
185 4887 311 4957 paream]
329 4901 403 4958 quon
416 4887 576 4958 minueper.
589 4889 615 4941 F
656 4888 691 4943 29
706 4902 772 4958 pen-

1246 4974 1306 5030 17*
1416 4969 1418 4972 ’
