3608 5460
91 122 139 170 nr
161 119 318 170 omanars
340 65 442 170 name.
459 120 622 170 raasson.
765 97 853 177 629
1192 63 1370 172 XXXXHII
1392 109 1412 172 3
1432 115 1529 170 5-12

91 262 140 331 qni
163 260 230 316 mihi
252 275 310 316 rem
334 260 438 330 legauit
455 259 522 315 mihi
539 263 652 329 noceat,
676 259 700 316 ai
723 257 796 316 forte
819 263 916 316 auctor
939 274 1017 316 meus
1040 259 1142 316 iustum
1165 261 1282 318 initium
1296 264 1456 333 possidendi
1474 281 1530 322 non

91 349 202 418 habuit,
226 349 375 405 uidendum
393 353 445 404 est.
474 355 502 404 ct
519 354 586 418 puto
604 363 693 418 neque
711 362 810 402 nocere
829 363 918 418 neque
936 348 1081 418 prodesse:
1106 365 1169 404 nam
1195 351 1313 421 denique
1332 357 1360 407 et
1378 369 1529 424 usucapere

58 447 69 494 t
91 454 213 509 possum,
231 439 305 508 quod
323 442 420 494 auctor
438 453 516 493 meus
534 452 687 506 usucapere
705 452 759 492 non
777 437 875 506 potuit.
906 437 949 492 lix
961 436 1034 492 iacto
1053 439 1221 508 propositum
1241 445 1283 494 est
1301 441 1446 512 quendam,
1466 457 1529 498 cum

92 543 149 582 rem
169 527 276 596 pignori
293 526 424 596 dedisset,
442 525 558 581 eandem
577 525 738 580 distraxisse
757 524 940 593 heredemque
958 526 1018 580 eius
1035 525 1198 582 redemisse:
1223 529 1376 599 quaeritur,
1395 547 1430 585 an
1448 530 1528 586 heres

91 615 226 671 aduersus
244 615 368 685 pignoris
386 614 604 684 persecutionem
623 613 785 682 exceptione
803 613 902 681 longae
920 614 1103 684 possessionis
1126 616 1166 670 uti
1188 617 1284 685 possit.
1312 617 1438 674 dicebam
1456 618 1528 674 huno
1547 633 1561 673 r

90 704 236 772 heredem,
261 704 307 774 qui
326 704 425 774 pignus
445 702 480 758 ab
498 709 630 758 extraneo
649 701 777 771 redemit,
799 717 881 772 posse
900 702 1063 772 exceptione
1081 704 1135 773 uti,
1158 705 1224 774 quia
1247 706 1275 760 in
1298 708 1420 762 extranei
1438 708 1527 762 locum

90 793 238 862 successit,
257 808 311 846 non
330 792 357 846 in
377 793 436 847 eius
455 793 502 862 qui
520 789 628 861 pignori
647 789 775 860 dederet,
799 789 1029 859 quemadmodum
1049 792 1072 846 si
1089 798 1153 848 ants
1171 794 1346 866 redemisset,
1370 796 1410 850 sic
1428 795 1527 850 deinde

90 883 170 938 heres
189 881 349 936 exstitisset.

53 969 71 1028 6
143 969 317 1026 Maternus
334 968 403 1024 libro
421 982 492 1024 nono
511 967 711 1036 quaestionum.
727 999 728 1002 =
748 965 778 1022 Si
796 965 904 1022 duobus
922 966 1038 1023 eandem
1056 985 1114 1024 rem
1132 985 1211 1040 sepa·
1230 966 1388 1052 [attiae
1396 970 1527 1044 ιῑιξῑιῖἰῑ
1545 979 1567 1032 S

90 1060 171 1116 ratim
200 1057 384 1128 uendiderim,
415 1072 450 1112 ea
475 1056 627 1126 possessio,
658 1069 729 1124 quae
756 1058 901 1126 utramque
928 1056 1114 1114 uenditionem
1142 1061 1336 1130 praecesserit,
1366 1049 1527 1132 soli-primi
1547 1073 1575 1114 ro

90 1148 217 1219 emptori,
235 1147 281 1202 eui
298 1151 327 1202 et
344 1145 446 1201 tradita
464 1145 513 1212 sit,
532 1141 649 1214 proficit.
677 1142 795 1214 denique
814 1149 843 1199 et
861 1144 892 1214 si,
911 1159 993 1214 quam
1012 1161 1070 1200 rem
1089 1145 1138 1201 tibi
1153 1147 1332 1219 uendiderim,
1351 1165 1446 1205 rursus
1464 1167 1482 1206 a
1498 1155 1527 1206 te

90 1252 180 1293 emam
200 1241 229 1291 et
247 1235 320 1290 Titio
339 1234 470 1304 uendam,
494 1237 522 1287 et
541 1248 629 1288 meam
648 1246 757 1288 omnem
782 1237 811 1288 et
834 1237 910 1288 tuam
928 1235 1130 1302 possessionem
1149 1236 1223 1291 Titio
1241 1251 1427 1307 accessuram,
1451 1238 1526 1293 uide-

59 1336 70 1379 1
89 1326 154 1381 iicet
171 1323 246 1394 quod
265 1327 294 1378 et
310 1329 341 1378 tu
360 1322 426 1378 mihi
444 1327 472 1377 et
490 1337 542 1391 ego
561 1322 587 1376 ei
606 1320 808 1391 possessionem
827 1325 968 1390 praestare
988 1321 1146 1379 debeamus.
1184 1324 1301 1380 Uendidi
1319 1325 1370 1380 tibi
1388 1321 1527 1408 [uffa]

89 1429 201 1470 seruum
220 1417 249 1468 et
266 1413 409 1481 conuenit,
434 1415 478 1481 ut,
504 1410 556 1464 nisi
574 1415 650 1465 certa
667 1407 713 1463 dic
730 1409 848 1479 pecunia
872 1409 962 1464 soluta
984 1415 1071 1481 esset,
1095 1412 1232 1482 inemptus
1255 1419 1342 1468 esset:
1366 1403 1528 1484 quod—cum

89 1503 227 1570 euenarit,
252 1502 407 1571 quaesitum
426 1505 482 1569 est,
507 1497 573 1568 quid
591 1497 626 1552 de
645 1497 803 1552 accessione
820 1497 861 1552 tui
879 1499 1010 1568 temporis
1027 1505 1148 1568 putares.
1175 1502 1316 1571 respondit
1333 1502 1362 1557 id
1380 1503 1454 1572 quod
1471 1519 1527 1560 ser·
1548 1516 1575 1558 re

90 1599 184 1661 netur,
208 1606 270 1646 cum
289 1588 434 1645 redhibitio
453 1588 490 1642 sit
507 1585 595 1642 iacta:
618 1585 697 1641 hunc.
709 1586 781 1642 enim
799 1585 913 1656 perinde
931 1585 1026 1642 haberi
1048 1603 1081 1643 ac
1103 1589 1127 1643 si
1145 1595 1280 1646 retrorsus
1298 1590 1380 1646 homo
1398 1591 1463 1647 mihi
1481 1607 1527 1648 ue·

89 1681 192 1749 nisset,
217 1683 249 1734 ut
266 1679 383 1748 scilicet,
407 1677 431 1731 si
449 1675 576 1732 uenditor
593 1675 796 1744 possessionem
821 1679 920 1745 postea
937 1680 1035 1730 nactus
1053 1675 1103 1746 sit,
1127 1683 1156 1732 et
1178 1677 1230 1734 hoc
1253 1679 1344 1748 ipsum
1367 1684 1476 1750 tempus
1500 1685 1529 1736 et

90 1768 166 1838 quod
190 1767 375 1846 uenditionem
399 1764 595 1834 praecesserit¹
616 1769 644 1818 et
667 1764 783 1834 amplius
806 1763 927 1820 accessio
951 1762 1019 1818 haec
1043 1764 1068 1819 ei
1092 1764 1173 1820 detur
1196 1782 1259 1822 cum
1283 1781 1331 1836 eo,
1355 1768 1430 1836 quod
1453 1769 1528 1839 apud

90 1874 153 1913 eum
173 1855 233 1927 init,
251 1873 269 1911 a
286 1871 341 1926 quo
359 1855 441 1910 homo
460 1852 611 1908 redhibitus
630 1853 674 1908 sit.
1548 1869 1576 1910 ιι

52 1946 70 2004 7
142 1945 319 2000 Msaomnus
336 1943 405 1999 libro
423 1942 504 1998 tertio
522 1941 734 1997 institutionum.
771 1939 800 1996 Si
818 1940 965 2010 quisquam
982 1941 1011 1996 in
1028 1940 1146 1997 fluminis
1164 1941 1265 2012 publici
1284 1938 1528 2026 W
1546 1945 1567 2005 S

90 2035 261 2090 deuerticulo
279 2033 354 2088 solus
372 2031 495 2102 pluribus
513 2030 593 2086 annis
610 2030 734 2098 piscatus
753 2029 797 2099 sit,
816 2029 931 2084 aiterum
950 2029 1047 2085 eodem
1066 2031 1125 2085 iure
1143 2031 1184 2085 uti
1201 2030 1336 2100 probibet.
1404 2021 1528 2029 *-

52 2125 71 2183 8
144 2123 296 2178 Unrmnus
313 2120 382 2177 libro
400 2120 488 2190 primo
506 2113 671 2188 regularum.
708 2119 739 2173 ln
759 2117 917 2172 accessione
934 2118 1065 2188 temporis
1083 2123 1112 2173 et
1128 2118 1157 2173 id
1174 2122 1294 2190 tempus,
1315 2135 1370 2190 quo
1388 2117 1567 2204 ffls

89 2213 118 2267 in
137 2209 206 2281 iuga
223 2211 260 2266 sit
277 2226 382 2280 seruus,
401 2209 512 2264 domino
531 2208 591 2263 eius
609 2206 758 2277 procedere
775 2222 871 2262 uerum
890 2211 941 2261 est.

51 2303 70 2361 9
144 2300 320 2355 moranus
337 2298 407 2354 libro
424 2297 520 2366 quinto
538 2297 704 2366 regularum.
741 2295 890 2364 Rescriptis
909 2294 1075 2365 quibusdam
1099 2294 1156 2350 diui
1174 2296 1268 2366 Magni
1284 2296 1370 2354 Anto·
1389 2293 1527 2381 [ΒΞιῙΤμι
1546 2305 1586 2377 Ss
1668 2313 1673 2318 ·

90 2387 148 2444 nini
167 2393 289 2457 cauetur,
308 2391 339 2442 ut
356 2387 385 2442 in
402 2385 485 2440 rebus
504 2384 650 2442 mobilibus
668 2385 745 2440 locus
763 2385 800 2440 sit
816 2384 1024 2454 praescriptioni
1043 2383 1165 2440 diutinae
1182 2386 1373 2454 possessionis.
1475 2374 1526 2381 ‘⁸
1546 2398 1575 2439 as

23 2481 72 2540 ιο
144 2478 326 2532 Pacuuianus
348 2474 417 2530 libro
441 2474 522 2530 tertio
546 2473 653 2529 decimo
678 2487 880 2544 responsorum.
916 2473 992 2528 Intra
1015 2478 1144 2544 quattuor
1166 2488 1253 2528 annos
1272 2489 1371 2529 uacan-
1390 2471 1527 2559 [ιιῇῇι
1546 2481 1573 2536 P

89 2568 160 2624 dum
178 2565 312 2622 bonorum
331 2563 437 2619 delator
454 2561 529 2618 iacta
547 2562 752 2618 denuntiatione
772 2562 890 2618 destitit:
909 2569 973 2632 post
992 2561 1002 2631 ΙΙ
1020 2567 1150 2632 quattuor
1169 2578 1255 2618 annos
1274 2564 1395 2620 secundo
1412 2553 1528 2622 delatofi
1544 2573 1561 2620 t.
1573 2567 1626 2620 ιοιΙ

90 2655 214 2712 uenienti
232 2655 306 2725 prior
324 2652 473 2723 nuntiatio,
498 2652 662 2721 quominus
685 2651 899 2722 praescriptione
923 2652 1055 2722 temporis
1078 2657 1296 2723 summoneatur,
1320 2669 1374 2710 non
1397 2654 1527 2725 proderit,

90 2745 143 2800 nisi
168 2743 265 2814 prioris
288 2741 488 2813 praeuaricatio
511 2741 668 2810 detegetur:
692 2755 746 2810 quo
771 2739 910 2795 declarato
934 2741 1126 2810 praescriptio,
1150 2741 1199 2796 ssd
1223 2746 1252 2796 et
1275 2743 1379 2812 negotii
1402 2744 1527 2813 quaestio

57 2849 69 2893 1
89 2837 256 2905 peremstur.
293 2831 469 2898 Quadriennii
486 2834 610 2900 tempus,
629 2828 703 2898 quod
722 2829 801 2884 honis
819 2827 982 2908 uocantibus
1000 2829 1158 2884 nuntiandis
1175 2831 1373 2899 praescriptum
1394 2837 1449 2901 est,
1473 2847 1528 2888 uon
1546 2841 1575 2883 ao

89 2937 126 2978 ex
144 2921 272 2990 opinione
291 2919 439 2989 hominum,
458 2919 507 2973 sed
525 2918 560 2973 de
578 2917 733 2973 substantia
751 2917 907 2972 uacantium
925 2916 1059 2974 bonorum
1072 2917 1267 2975 dinumeratur.
1294 2923 1423 2989 quatuor
1435 2924 1527 2975 autem

89 3011 157 3066 anni
174 3014 240 3081 post
257 3009 362 3064 irritum
381 3012 576 3063 testamentum
594 3005 697 3062 factum
722 3011 750 3060 et
773 3006 896 3062 intestati
919 3007 1120 3078 possessionem
1144 3007 1179 3062 ab
1202 3007 1329 3063 omnibus
1346 3007 1527 3079 repudiatam,

90 3099 138 3170 qui
157 3097 293 3172 gradatim
312 3103 407 3168 petere
424 3099 586 3168 potueruut,
609 3096 654 3150 uel
672 3095 804 3166 temporis
824 3094 920 3165 finem,
943 3095 1018 3164 quod
1036 3096 1151 3165 singuiis
1168 3097 1356 3167 praestitutum
1375 3102 1429 3166 est,
1454 3111 1527 3152 coru-

88 3185 270 3260 putabuntur.
1545 3197 1577 3238 ar

32 3277 71 3340 11
144 3276 223 3331 Ionas
241 3273 311 3330 libro
328 3274 450 3330 secundo
468 3272 667 3330 definitionum.
695 3271 765 3328 (inm
783 3271 863 3328 heres
881 3273 909 3328 in
927 3272 970 3328 ios
988 3288 1068 3328 omne
1086 3271 1209 3328 defuncti
1220 3271 1351 3340 succedit,
1371 3269 1527 3354 [ῆμιῇ
1545 3279 1572 3332 P

91 3365 265 3437 ignoratione
283 3379 334 3418 sua
352 3360 474 3418 defuncti
492 3363 561 3418 uitia
579 3377 634 3418 non
653 3361 782 3431 excindit,
802 3362 891 3418 ueluti
905 3377 967 3417 eum
986 3362 1075 3420 sciens
1093 3362 1211 3416 alienum
1230 3361 1305 3416 iilum
1323 3361 1386 3416 iilo*
1404 3349 1527 3432 uei—pre*-

91 3455 166 3510 cario
184 3452 322 3524 possedit:
346 3453 474 3522 quamuis
499 3453 571 3506 enim
595 3451 748 3522 precarium
772 3449 900 3506 heredem
924 3451 1095 3520 ignorantem
1120 3464 1174 3505 non
1198 3455 1292 3504 teneat
1314 3465 1365 3504 neo
1382 3450 1528 3506 interdicto

90 3549 166 3600 reete
183 3541 372 3610 conueniatur,
391 3545 483 3596 tamen
502 3555 653 3611 usucapere
672 3555 726 3596 non
744 3540 853 3610 poterit,
872 3539 946 3609 quod
959 3537 1105 3595 defunctus
1122 3553 1177 3593 non
1188 3538 1286 3608 potuit.
1313 3537 1385 3593 idem
1399 3538 1465 3593 iuris
1477 3544 1527 3608 est,

90 3647 154 3688 eum
173 3631 208 3686 de
226 3631 310 3700 longa
326 3629 502 3698 possessione
520 3629 674 3699 quaeritur:
693 3643 783 3699 neque
801 3629 873 3684 enim
892 3631 966 3683 recte
979 3625 1150 3695 defendetur,
1168 3641 1230 3681 cum
1243 3625 1385 3682 exordium
1402 3627 1427 3681 ei
1439 3625 1528 3682 honae

90 3719 155 3776 fidei
174 3719 244 3774 ratio
263 3733 318 3774 non
336 3723 454 3774 tueatun
1546 3725 1575 3766 ro

40 3815 74 3874 12
144 3809 266 3864 Pronus
283 3805 352 3862 lihro
365 3805 563 3862 sextodecimo
576 3819 779 3876 responsorum.
812 3803 945 3875 Creditur,
964 3805 1011 3874 qni
1028 3803 1242 3875 praescriptione
1254 3803 1353 3872 longae
1371 3799 1527 3886 Q
1545 3808 1574 3861 P

90 3896 275 3968 possessionis
293 3911 311 3951 a
327 3909 487 3966 possessore
499 3895 621 3966 pignoris
634 3893 800 3950 summoueri
811 3894 907 3964 possit,
926 3893 1026 3966 pignus
1039 3891 1180 3948 distraxit:
1198 3906 1309 3962 quaero,
1328 3907 1363 3946 an
1375 3892 1528 3962 possessori

90 4019 287 4089 mxumo)

93 4203 102 4236 ²
122 4205 151 4254 et
168 4197 245 4269 quod
263 4196 448 4253 uenditionem
468 4195 649 4266 praecesserit
667 4197 714 4251 det.
786 4195 890 4250 ’illum
908 4193 964 4264 iilo}
984 4193 1054 4249 clam
1072 4193 1118 4248 ilia
1135 4195 1263 4260 (similiter
1277 4192 1424 4265 Sedubinps
1442 4213 1466 4248 a.
1481 4192 1529 4261 tii

92 4377 242 4446 3paasum
262 4374 288 4427 F
344 4373 496 4443 blongae
513 4371 552 4427 Γ*
615 4373 650 4428 10
672 4387 706 4428 ea
723 4387 786 4443 pos·
839 4371 878 4426 ’eni
892 4372 947 4426 τῶιι
961 4371 1230 4437 κικιτῶιΒ(Αιοιι)
1274 4371 1308 4426 31
1321 4369 1535 4426 mnumentnrr

92 4447 181 4504 sessio
199 4460 273 4516 quae
295 4450 439 4515 utramque
457 4444 643 4500 uenditionem
661 4459 787 4514 praeses·
839 4443 874 4498 33
890 4443 1044 4512 gradatim
1057 4443 1094 4495 F’
1109 4443 1114 4511 1
1129 4441 1291 4512 praestitum
1304 4443 1337 4496 F:
1354 4441 1369 4496 ὁ
1384 4442 1530 4513 depressisse

92 4517 169 4587 serit]
194 4518 209 4570 ἡ
236 4516 303 4572 acur'r
328 4535 380 4579 aor
403 4517 430 4571 B
456 4517 579 4585 (Aaou),
601 4517 668 4571 uude
688 4518 788 4588 coueprr
839 4513 974 4584 χρὸκοοΒ
987 4515 1097 4579 (Aaou.)
1140 4513 1175 4568 35
1190 4513 1263 4570 omni
1276 4513 1312 4565 F¹
1357 4514 1393 4568 36
1410 4514 1529 4568 alienum

94 4591 786 4659 Gaieciusinterpretemtepr'saemearronrecisrimmo
840 4585 914 4640 illum
934 4585 979 4639 illo
997 4584 1051 4654 uel]
1069 4586 1098 4648 F,
1117 4584 1234 4638 alienum
1252 4584 1327 4638 illum
1346 4585 1390 4638 uel
1409 4584 1448 4648 M,
1467 4585 1530 4638 alie·

93 4679 144 4724 sor
160 4661 293 4714 substituit
308 4677 357 4729 pro
376 4677 406 4712 eo
423 4659 492 4730 qaod
509 4665 546 4713 est
559 4671 631 4726 quae
644 4662 787 4725 utramque
840 4672 904 4712 num
923 4656 998 4710 ilium
1021 4655 1052 4719 Y,
1070 4655 1188 4710 ahenum
1206 4655 1251 4711 uel
1270 4655 1333 4719 00,
1350 4655 1467 4710 alienum
1486 4655 1530 4709 X:

92 4729 282 4788 uenditionem
301 4729 483 4799 praecesserit
528 4729 561 4783 12
579 4728 791 4783 wtenunimd'
828 4725 887 4782 eda
915 4725 963 4788 οῨιι
991 4725 1071 4798 &saofi
1098 4725 1146 4781 τὸκ
1171 4727 1362 4790 subsarcinatus
1387 4726 1528 4780 neustriam

93 4801 129 4858 18
149 4799 321 4858 mesenus
345 4797 381 4853 F‘
454 4799 488 4854 14
515 4797 659 4856 conueni't'
680 4805 712 4854 ut
737 4793 788 4852 F2'
840 4797 1197 4869 nspamanxdchirtaon.)
1245 4798 1279 4853 39
1292 4797 1328 4865 ei]
1339 4796 1379 4851 rei
1390 4794 1533 4852 XYMOG

91 4871 129 4932 ὕ
137 4869 295 4941 nmmum
306 4871 351 4937 F’,
364 4868 509 4927 monitibus
518 4871 563 4936 F1,
572 4869 624 4928 soti
631 4869 664 4925 X
666 4867 786 4924 YMOG:

53 5151 79 5172 μ’
158 5175 162 5178 .

23 5184 31 5195 n
79 5179 80 5182 ¹
116 5179 119 5182 “
149 5183 178 5210 τὸ
211 5177 221 5188 “
