3614 5460
53 223 102 335 nn
117 287 213 336 suun.
226 287 347 336 rsssrs.
370 289 417 336 nr
432 288 603 342 omanus.
727 264 814 346 863
1046 269 1239 338 XXXXVIII
1260 271 1337 337 231
1358 306 1391 318 -
1411 271 1490 336 243

1509 503 1591 552 nna

205 627 242 704 dt
280 625 345 702 DE
374 625 678 704 SENTENTIAM
703 491 863 704 ἔῖὃῃὸΙΙΒ
891 624 954 702 ET
982 585 1260 702 RESTITUTIS
1301 625 1339 702 tt
1509 643 1558 698 sp

108 779 261 838 Unrrsrtus
277 780 347 836 libro
364 781 524 852 trigessimo
543 787 643 838 octauo
661 781 697 837 ad
715 782 844 838 edictum.
875 781 921 836 Ad
940 782 1141 837 successionem
1160 781 1249 838 liberti
1267 797 1315 851 pa·
1333 775 1491 864 ffis-o'ffi
1510 787 1531 839 S

54 874 151 926 monus
168 869 330 940 deportatus
348 874 377 926 et
393 871 537 926 restitutus
556 871 717 926 admittitur.
747 870 803 926 Sed
822 873 845 926 si
863 871 891 926 in
904 872 1042 926 metallum
1062 871 1208 926 damnatus
1226 872 1394 942 restituatur,
1414 885 1491 924 uum·

55 957 122 1028 quid
140 959 259 1014 seruitus
277 973 383 1030 poenae
401 959 545 1028 extinguat
562 960 606 1014 ius
624 963 786 1028 patronatus
804 959 887 1015 etiam
906 963 970 1029 post
987 959 1210 1016 restitutionem?
1232 965 1260 1014 et
1279 959 1367 1028 magis
1386 962 1442 1028 est,
1461 961 1492 1012 ut
1511 966 1524 1008 t

55 1062 111 1103 non
129 1047 274 1118 extinguat
291 1047 410 1102 seruitus
427 1048 471 1102 ius
488 1053 658 1118 patronatus.
1012 1117 1014 1124 .

109 1136 187 1190 lunis
209 1135 279 1192 libro
302 1136 398 1206 quinto
421 1136 589 1206 opinionum.
626 1133 655 1192 st
678 1135 839 1206 deportatus
861 1136 1001 1191 restitutos
1023 1135 1185 1205 dignitatem
1204 1136 1313 1206 quidem
1333 1127 1491 1218 [Q
1510 1140 1531 1193 S
1556 1164 1560 1172 ·

55 1223 227 1293 induigentia
244 1224 374 1294 principis
392 1225 568 1294 reciperauit,
587 1225 615 1280 in
633 1241 684 1280 sua
702 1231 793 1279 autem
813 1225 906 1279 omnia
922 1223 996 1279 bona
1014 1239 1069 1280 non
1087 1230 1131 1280 cst
1147 1226 1305 1295 restitutus,
1329 1239 1380 1278 nec
1399 1240 1416 1278 a
1434 1238 1492 1278 cre·
1577 1221 1583 1236 “

55 1311 191 1369 ditoribus
208 1327 259 1368 nee
276 1311 387 1383 publico
404 1313 514 1368 nomine
532 1313 671 1368 conueniri
688 1317 791 1382 potest.
818 1311 885 1368 sed¹
904 1327 966 1368 cum
991 1313 1017 1368 ei
1039 1311 1157 1369 facultas
1181 1312 1274 1369 obtata
1291 1318 1367 1369 esset
1384 1327 1402 1366 a
1419 1312 1491 1382 prin·

55 1403 118 1472 cipe
136 1401 209 1458 bona
226 1411 337 1471 qunque
355 1417 407 1457 sua
424 1401 602 1472 reciperandi,
621 1401 747 1456 maluerit
764 1416 798 1456 sa
816 1401 1018 1472 derelinquere,
1037 1401 1191 1458 actionibus
1209 1417 1310 1458 exuere
1328 1417 1372 1471 se,
1392 1399 1492 1470 quibus
1511 1411 1540 1452 ro

54 1495 121 1546 ante
139 1490 303 1545 sententiam
322 1489 463 1545 subiectus
480 1488 578 1558 fuerat,
596 1506 651 1546 non
669 1490 778 1560 poterit.

110 1579 291 1635 Pmmnsns
313 1577 384 1635 libro
405 1583 485 1634 sexto
508 1578 615 1634 decimo
637 1592 839 1648 responsorum.
880 1579 912 1633 In
935 1579 1052 1634 insulam
1080 1577 1216 1649 deportati
1238 1579 1311 1636 bona
1335 1577 1492 1666 [fij—qen}
1511 1583 1538 1636 P

55 1665 140 1722 fiscus
157 1682 248 1737 poena
270 1669 387 1723 renense
407 1667 531 1723 retinuit:
556 1665 706 1722 creditores
727 1681 763 1721 ex
786 1671 850 1722 ante
872 1672 953 1736 gesto
976 1683 1030 1722 non
1053 1667 1155 1724 habere
1178 1684 1239 1724 cum
1263 1684 1297 1725 eo
1319 1672 1366 1740 qui
1384 1670 1493 1727 debitor

54 1756 195 1826 qnondam
214 1755 268 1811 tuit
285 1757 407 1812 actiones
425 1756 556 1812 constitit.
583 1755 657 1825 quod
675 1755 699 1810 si
717 1755 791 1810 bona
808 1770 871 1810 enm
889 1755 1032 1825 dignitatis
1049 1757 1222 1812 restitutione
1239 1773 1373 1814 concessa
1389 1761 1493 1830 recipe·

55 1844 168 1914 canerit,
185 1845 268 1899 utiles
287 1845 410 1900 actiones
428 1844 599 1900 necessariae
617 1859 673 1899 non
691 1848 780 1913 erunt,
799 1859 862 1898 cum
880 1849 909 1898 et
926 1843 1047 1900 directae
1066 1850 1234 1914 competunt.
1512 1853 1541 1895 rs

110 1933 230 1988 Psuuus
251 1932 321 1989 libro
343 1933 460 2003 septimo
481 1932 589 1988 decimo
612 1933 812 2002 quaestionum.
849 1933 880 1987 ln
904 1933 1044 1988 metalium
1067 1932 1199 1989 damnata
1220 1936 1318 1990 mulier
1335 1931 1493 2020 [ts—affl
1511 1937 1539 1992 P

54 2035 121 2077 eum
138 2036 220 2090 quem
239 2023 315 2091 prius
333 2026 498 2091 conceperat
515 2021 610 2092 edidit,
628 2020 728 2076 deinde
746 2037 763 2076 a
780 2021 903 2091 principe
915 2022 1042 2076 restituta
1054 2026 1105 2078 est.
1133 2022 1279 2079 humanius
1290 2013 1492 2082 diceturetiam

54 2110 230 2181 cognationis
247 2111 308 2166 iura
324 2110 388 2166 huic
404 2109 533 2166 restituta
549 2109 646 2166 uideri.

845 2327 854 2344 ,
1513 2281 1541 2323 1.

341 2398 379 2476 e
418 2397 482 2475 nn
511 2263 842 2476 οιυιιιιιζιξιιιιει
869 2397 1145 2476 runrrosun
1185 2399 1222 2476 e
1321 2443 1322 2446 κ
1513 2418 1562 2472 n>

110 2553 263 2610 ummo·
288 2551 358 2609 libro
384 2568 457 2609 nouo
483 2554 519 2610 de
544 2553 636 2610 officio
662 2553 840 2624 proconsulis.
883 2552 1005 2623 Corpora
1030 2569 1125 2610 eorum
1152 2555 1200 2624 qui
1223 2556 1314 2625 capite
1337 2549 1533 2638 ffl‘efis

54 2644 223 2699 damnantur
240 2643 367 2712 cognatis
384 2643 505 2712 ipsomm
525 2643 653 2713 neganda
670 2658 725 2698 uon
743 2648 820 2698 sunt:
840 2647 869 2696 et
885 2641 914 2696 id
933 2657 963 2697 se
981 2641 1145 2699 obseruasse
1158 2645 1241 2699 etiam
1254 2645 1336 2699 diuus
1348 2631 1494 2713 Augus—tm

54 2731 126 2788 libre
144 2731 252 2787 decimo
270 2731 305 2786 de
323 2731 382 2786 uita
399 2747 450 2786 sua
467 2731 570 2786 scribit.
598 2731 679 2787 hodie
696 2737 789 2786 autem
809 2745 911 2800 eorum,
930 2731 958 2785 in
970 2745 1041 2800 quos
1052 2733 1287 2802 animaduertitur,
1306 2748 1421 2803 corpora
1438 2747 1493 2789 nen

55 2821 136 2875 aliter
152 2821 336 2890 sepeliuntur,
355 2833 438 2889 quam
457 2821 481 2875 si
498 2818 582 2876 suerit
598 2821 715 2890 petitum
734 2825 763 2875 et
779 2819 957 2890 permissum,
976 2823 1005 2874 et
1022 2834 1226 2888 nonnumquam
1245 2837 1299 2877 non
1317 2822 1492 2892 permittitur,

55 2909 177 2964 maxime
200 2909 352 2964 maiestatis
375 2923 461 2964 eausa
483 2909 683 2964 damnatorum.
713 2923 807 2964 eorum
832 2921 942 2978 quoque
966 2923 1093 2979 corpora,
1116 2910 1164 2979 qui
1185 2910 1316 2964 exurendi
1335 2908 1492 2994 [doffte]
1511 2929 1540 2970 ss

55 2997 232 3067 damnantur,
249 2998 307 3067 peti
324 3002 449 3068 possunt,
468 2997 574 3052 scilicet
592 3001 624 3052 ut
641 3013 706 3052 ossa
723 3003 752 3053 et
770 2998 876 3052 cineres
894 2997 1009 3052 collecta
1026 2998 1184 3068 sepulturae
1202 3000 1275 3055 tradi
1293 2986 1493 3069 possi-nt?-

109 3086 286 3142 itsnorsrtua
307 3085 377 3156 libro
400 3085 522 3141 secundo
544 3085 724 3156 publicorum.
760 3085 790 3142 Si
813 3087 874 3156 quis
897 3087 925 3140 in
948 3086 1064 3140 insulam
1088 3085 1249 3156 deportatus
1273 3089 1317 3143 uel
1335 3085 1532 3172 [Endon-as

55 3175 197 3244 relegatus
215 3172 311 3245 suerit,
329 3175 520 3244 poenantium
538 3179 736 3244 postmortem
755 3179 860 3245 manet,
879 3189 931 3230 nec
948 3175 1014 3230 licet
1031 3189 1093 3230 eum
1112 3176 1177 3231 inde
1195 3175 1342 3232 uenatorre
1361 3165 1493 3234 aliu-bie]

54 3263 173 3334 sepetire
196 3263 350 3318 inconsulto
372 3263 508 3333 principe:
533 3269 565 3318 ut
588 3264 748 3334 saepissime
766 3263 886 3319 Seuerus
908 3266 938 3318 et
955 3264 1111 3319 Antoninus
1134 3266 1332 3335 rescripserunt
1354 3271 1383 3321 et
1400 3267 1493 3322 multis

54 3351 215 3423 petentibus
233 3339 285 3408 hoe
303 3352 393 3422 ipsum
412 3352 592 3408 indulserunt.
1512 3372 1541 3413 so

91 3441 212 3497 Psunus
234 3439 304 3496 libro
326 3441 415 3511 primo
432 3442 637 3496 sententiarum.
674 3440 797 3511 corpora
813 3439 1067 3498 animaduersurum
1086 3441 1254 3511 quibuslibet
1271 3457 1318 3512 pe·
1336 3439 1495 3528 [ᾖξε-ᾗῇ
1512 3455 1538 3507 Ρ

55 3529 179 3585 tentibus
197 3529 234 3584 ad
251 3531 420 3600 sepulturam
438 3529 531 3586 danda
548 3535 621 3586 sunt.

56 3634 251 3705 samoe)

59 3789 68 3823 ¹
87 3788 111 3842 si
129 3795 177 3843 ius.
196 3788 276 3854 (edd.)

58 3937 249 3994 ‘trostitnsF
303 3937 337 3992 15
355 3936 494 3994 directae
512 3937 549 3992 Ρ*
611 3937 647 3992 25
664 3951 759 3992 eorum
777 3956 826 3992 om.
840 3937 874 3990 F¹
934 3937 969 3992 27
988 3937 1167 4010 publicorum]
1187 3937 1262 4010 pubi.
1275 3938 1436 3996 indiciorum
1456 3941 1494 3993 F’
