3638 5460
15 269 26 280 “
95 285 365 334 mauranus:
770 265 854 344 241
1218 268 1351 336 XXXVI
1374 272 1389 335 1
1412 276 1526 332 31—37

96 429 245 495 praecepta
266 425 358 495 aliqua
380 439 487 479 summa
507 425 551 480 uel
572 440 614 495 re,
638 425 747 481 etiamsi
765 426 794 481 in
815 425 1006 496 praeceptione
1027 426 1118 482 minus
1139 441 1221 497 quam
1242 431 1340 497 quarta
1359 443 1423 498 pars
1444 431 1527 498 esset,

55 517 74 564 ⁵
97 527 154 568 non
172 513 288 584 amplius
305 513 455 584 principem
473 514 531 583 pati
549 513 758 570 uindicaturum.
795 513 850 570 Sed
868 518 897 570 et
914 514 938 570 ai
956 514 1015 570 sine
1032 515 1088 570 nlla
1105 517 1297 587 praeceptione
1315 521 1428 587 rogatus
1445 514 1528 572 luerit

95 600 276 658 heracleum
294 603 446 673 restituere,
464 603 623 674 plerumque
641 608 739 674 quarta
757 601 859 659 donata
876 606 920 659 est
937 619 955 658 a
971 603 1156 676 principibus:
1174 610 1203 661 et
1219 606 1259 660 ita
1276 605 1373 661 diuus¹
1392 606 1528 662 Traianus

95 697 126 747 et
142 691 298 747 Hadrianus
316 697 345 747 et
362 691 517 748 Antomnus
535 693 739 764 rescripserunt
1022 747 1024 752 ,
1546 704 1561 744 a

13 775 72 854 31)
151 781 228 836 lusu
251 780 320 836 libro
340 795 412 837 nono
429 781 640 838 institutionum.
676 781 706 838 Si
724 781 768 838 eui
788 779 796 844 li
815 795 883 852 pure
901 780 1012 838 libertas
1031 786 1060 838 et
1076 797 1126 853 per
1142 780 1333 838 fideicommis·
1351 777 1526 868 [ffa'sffij'a'i
1560 787 1673 842 etue

95 884 159 924 sum
182 868 234 926 sub
257 869 416 926 condicione
440 869 578 928 hereditas
601 872 697 928 relicta
717 874 773 940 est,
798 872 905 940 cogitur
921 870 1001 926 heres
1019 871 1095 926 adire
1113 871 1307 942 hereditatem,
1330 872 1353 928 si
1371 879 1527 944 suspectam

57 967 72 1012 1
94 957 180 1029 dieat,
198 963 228 1015 et
243 959 401 1014 restituere:
422 962 451 1015 et
469 957 612 1016 deliciante
630 959 787 1016 condicione
803 959 915 1016 libertae
933 961 959 1015 ei
976 960 1043 1031 eripi
1061 975 1116 1016 non
1133 966 1234 1032 potest.
1270 958 1299 1016 Si
1317 967 1410 1018 autam
1428 965 1462 1034 ei,
1481 964 1529 1035 qui

93 1047 124 1102 in
142 1047 215 1103 diem
233 1047 388 1104 libertatem
406 1049 520 1119 accepit,
538 1049 676 1105 hereditas
693 1064 743 1120 per
760 1045 1000 1104 fideicommissum
1019 1049 1114 1105 relicta
1131 1048 1221 1121 fuerit,
1240 1055 1397 1120 suspectam
1415 1066 1476 1107 eam
1488 1052 1527 1108 in·

93 1137 175 1193 terim
194 1151 249 1192 non
266 1152 349 1208 posse
367 1135 435 1191 adiri
453 1135 534 1192 diuus
552 1138 617 1193 Pius
635 1137 731 1196 Cassio
745 1137 884 1194 Hadriano
902 1139 1050 1209 rescripsit,
1069 1154 1132 1194 cum
1150 1154 1205 1194 non
1222 1144 1281 1208 pot·
1301 1135 1372 1222 Ιῖιῖι.
1383 1153 1413 1200 ot
1427 1151 1440 1210 ξ
1453 1155 1465 1199 1
1479 1151 1528 1200 ht
1616 1205 1619 1214 ,

93 1231 139 1281 est
156 1226 276 1282 nondum
294 1226 380 1283 libero
398 1225 534 1282 heredites
552 1227 670 1282 restitui:
689 1241 740 1282 nee
754 1242 848 1283 rursus
860 1233 955 1283 contra
969 1229 1139 1283 uoluntatem
1151 1225 1273 1284 defuncti
1283 1227 1454 1284 libertatem²
1466 1244 1528 1286 esse
1548 1239 1575 1280 ro

57 1326 73 1370 a
92 1315 297 1386 praestandam.
324 1315 354 1372 Si
371 1313 424 1371 sub
442 1315 601 1373 condicione
618 1316 697 1372 heres
715 1317 857 1372 institutus
876 1321 1043 1386 rogatusque
1056 1317 1235 1373 hereditatem
1247 1317 1391 1373 restituere
1402 1319 1529 1375 nonuult

93 1404 249 1460 condicioni
266 1419 362 1474 perere
380 1409 409 1461 et
426 1405 501 1460 adire
519 1403 705 1474 hereditatem,
724 1407 748 1460 si
765 1403 832 1460 faeti
850 1410 893 1460 est
910 1405 1043 1476 condicio,
1062 1405 1145 1462 debet
1161 1421 1256 1476 parere
1275 1410 1304 1461 et
1321 1407 1396 1463 adire
1411 1413 1440 1463 et
1450 1408 1528 1464 resti-

92 1499 173 1550 tuere
191 1495 262 1564 uel⁸,
280 1494 304 1549 si
322 1494 351 1549 in
368 1493 460 1550 dando
478 1495 522 1564 sit,
540 1495 671 1550 offerente
689 1493 950 1550 fideicommissario.
977 1502 1122 1551 recusante
1140 1502 1232 1551 autem
1250 1495 1351 1551 herede
1365 1495 1468 1552 lactum
1481 1497 1528 1552 ad·

93 1581 208 1654 implere
225 1583 336 1639 licentia
353 1581 462 1638 dabitur
478 1581 730 1640 fideicommissario
748 1584 897 1640 seeundum
915 1583 1094 1640 imitationem
1113 1583 1231 1640 dationis
1246 1583 1348 1640 factum
1361 1585 1481 1656 implere,
1500 1590 1529 1641 et

94 1678 161 1728 tunc
179 1673 330 1728 necessitas
348 1673 495 1743 imponitur
513 1675 601 1728 ierat
618 1675 692 1728 adira
708 1671 897 1728 hereditatem.
928 1677 1043 1730 oetcrao'
1054 1673 1237 1746 condiciones,
1255 1688 1326 1744 quae
1343 1690 1398 1731 non
1416 1680 1481 1730 suut
1498 1675 1527 1731 ln
1548 1683 1576 1725 1⁵

93 1767 233 1833 potestate
252 1761 369 1830 heredis,
387 1761 424 1817 ad
440 1759 561 1817 officium
579 1763 711 1834 praetoris
729 1777 785 1817 non
802 1763 946 1832 pertinent.

13 1851 74 1930 132)
148 1851 264 1906 Omana
280 1849 350 1906 libro
368 1850 517 1906 uicensimo
535 1850 711 1920 digestorum.
738 1851 853 1906 Ballista
870 1850 954 1907 filium
973 1850 1090 1907 familias
1108 1851 1236 1907 heredem
1254 1851 1331 1906 insti·
1350 1846 1524 1936 [Q
1546 1845 1588 1910 Ἐ

92 1939 148 1995 tuit
164 1940 220 1995 ita:
238 1937 419 1995 ‘Rebellianus
437 1940 462 1994 si
479 1939 584 1995 canerit
600 1939 722 1996 coloniae
740 1939 961 2011 Philippensium,
980 1941 1004 1996 si
1015 1941 1075 1996 sine
1085 1939 1177 1996 liberis
1189 1939 1327 2010 morietur,
1346 1945 1524 2010 quantacum-

94 2029 157 2098 'que
179 2029 298 2099 pecunia
319 2044 353 2083 ex
377 2028 528 2084 hereditate
552 2028 623 2084 deus
646 2029 722 2084 bonis
739 2029 808 2084 meis
827 2029 862 2084 ad
880 2041 943 2084 eum
961 2030 1101 2100 peruenit,
1125 2044 1186 2084 eam
1204 2029 1347 2099 pecuniam
1365 2043 1474 2084 omnem
1493 2027 1529 2084 ad

95 2117 237 2174 ‘coloniam
255 2116 470 2188 Philippensium
488 2117 696 2187 peruenturam’.
729 2117 872 2189 respondi:
894 2133 929 2173 ex
946 2117 988 2174 his
1006 2115 1098 2174 uerbis
1115 2133 1186 2189 quae
1203 2115 1348 2188 pro'ponis,
1366 2118 1457 2174 idest
1475 2118 1528 2189 ‘pe-
1548 2125 1577 2166 ²⁰

93 2206 247 2276 'eumm'⁴,
265 2207 394 2261 existimo
412 2207 495 2261 otiam
513 2204 626 2278 fruetus,
644 2221 714 2277 quos
733 2222 768 2262 ex
785 2206 937 2263 hereditate
954 2208 1085 2278 percepit,
1104 2207 1248 2264 restituere
1266 2221 1329 2264 eum
1341 2205 1451 2278 debere,
1468 2223 1528 2279 per·

93 2295 160 2352 inde
179 2295 258 2366 quasi
277 2295 431 2364 specialiter
449 2295 501 2351 hoe
519 2301 635 2352 testator
653 2297 842 2366 expressisset.

13 2385 74 2464 33)
149 2385 325 2441 tisamenus
348 2383 417 2440 libro
439 2389 539 2442 octauo
562 2385 771 2441 institutionum.
808 2385 908 2441 Scribit
925 2385 1021 2442 Celsus
1042 2383 1111 2441 libro
1129 2385 1278 2440 uicensimo
1296 2383 1335 2440 di·
1354 2380 1529 2470 [Ha—nisae
1561 2387 1584 2442 S

94 2477 246 2545 gestorum,
265 2474 289 2529 si
307 2474 354 2544 qui
372 2473 570 2544 quadringenta
587 2475 615 2529 in
632 2473 712 2530 bonis
729 2473 850 2530 habebat
866 2475 936 2546 petit
953 2473 989 2530 ab
1007 2473 1108 2530 herede
1126 2489 1184 2544 suo,
1203 2479 1242 2544 ut,
1260 2473 1284 2529 si
1296 2475 1355 2530 sine
1367 2461 1528 2530 ruffino

94 2567 210 2634 reretur,
229 2569 333 2634 quanta
349 2563 466 2634 pecunia
483 2577 518 2618 ex
536 2561 687 2619 hereditate
705 2579 756 2619 sua
773 2565 809 2619 ad
826 2579 888 2620 eum
906 2563 1085 2634 peruenisset,
1104 2563 1211 2618 llaeuio
1229 2563 1432 2626 restitueretur:
1451 2564 1475 2618 ri
1493 2577 1528 2619 ex
1547 2572 1575 2614 tt

92 2652 231 2709 muethus
249 2652 340 2708 medio
357 2658 480 2724 tempore
498 2651 697 2723 quadringenta
713 2655 881 2724 perceperit,
905 2657 934 2708 et
951 2653 1010 2708 sine
1027 2651 1120 2708 liberis
1137 2651 1300 2722 decesserit,
1322 2651 1450 2708 heredem
1468 2652 1527 2708 eius

93 2743 204 2799 htaeuio
227 2742 427 2812 quadringenta
449 2741 612 2798 debiturum.
647 2745 676 2797 et
697 2757 759 2797 cum
778 2743 826 2798 diu
843 2743 1013 2812 multumque
1030 2742 1171 2812 tractauit,
1196 2758 1244 2811 an,
1268 2757 1331 2796 cum
1350 2745 1526 2812 augmentum

94 2832 176 2888 heres
193 2833 288 2901 sensit,
306 2837 335 2887 et
351 2831 501 2900 pericnlum
520 2832 653 2886 sustineat
670 2847 706 2886 an
723 2845 772 2902 per
790 2832 962 2900 contrarium,
981 2831 1130 2888 nouissIme
1145 2831 1184 2886 ait
1195 2831 1318 2901 iniquum
1330 2844 1391 2887 esse
1403 2831 1439 2887 ad
1450 2831 1526 2888 lidei·

93 2921 312 2978 commissarium
330 2920 459 2975 dammm
477 2921 626 2991 portinere,
651 2919 785 2990 adquam
804 2925 981 2990 augmentum
1000 2935 1054 2975 non
1072 2921 1205 2991 pertinet:
1229 2924 1259 2976 et
1276 2922 1327 2976 an⁵
1346 2919 1382 2976 ad
1400 2921 1526 2992 supplen-

93 3011 176 3080 dum,
198 3009 293 3079 inquit,
312 3009 502 3080 quodcumque
520 3025 555 3064 ex
572 3008 778 3079 quadringentis
796 3008 921 3081 deluerit,
940 3011 1022 3065 etiam
1041 3014 1218 3079 augmentum
1237 3009 1353 3065 adeum
1371 3008 1526 3081 pertinebit,
1545 3017 1574 3062 to

93 3097 149 3154 hoe
165 3103 362 3168 astutusque
380 3098 416 3154 ad
433 3114 568 3154 summam
586 3098 844 3169 quadringentorum
863 3098 956 3154 damni
974 3103 1002 3154 et
1019 3096 1123 3155 tructus
1141 3101 1365 3170 computenturt:
1388 3099 1462 3170 quod
1480 3114 1526 3156 ue·

92 3189 153 3244 rius
169 3203 234 3244 esse
251 3187 374 3243 arbitror.

14 3279 74 3356 34)
148 3278 226 3332 Insa
244 3275 311 3333 libro
329 3277 450 3332 amando
468 3277 632 3346 regularum.
660 3276 689 3332 Si
702 3277 770 3346 eius,
789 3277 836 3346 qui
848 3277 1013 3332 nouissimus
1025 3291 1059 3332 ex
1071 3275 1134 3332 liliis
1147 3281 1269 3332 mortuus
1281 3281 1332 3347 est,
1351 3272 1391 3360 [B.
1400 3288 1437 3344 st,
1448 3289 1484 3344 11,
1495 3287 1526 3336 tt
1558 3281 1579 3334 d

92 3370 202 3437 partem
225 3364 384 3422 hereditatis
407 3367 560 3437 propinquo
582 3367 669 3422 uoluit
691 3370 770 3436 pater
791 3365 900 3420 restitui
922 3371 951 3420 et
973 3365 1052 3422 simul
1076 3364 1176 3421 tratres
1200 3365 1273 3421 diem
1290 3381 1371 3422 suum
1390 3365 1525 3422 obissent:

90 3455 286 3528 propinquum,
307 3457 331 3511 si
349 3471 404 3511 non
422 3454 572 3510 ostenderit
589 3457 650 3526 quis
668 3454 833 3512 nouissimus
851 3453 963 3525 obisset,
983 3458 1019 3510 od
1035 3461 1141 3526 partem
1159 3454 1318 3510 hereditatis
1335 3470 1391 3510 non
1409 3454 1525 3526 admitti,
1544 3465 1573 3507 ss

92 3544 146 3600 sed
163 3549 279 3600 mahom
297 3559 333 3600 ex
349 3545 518 3600 Tertulliano
537 3549 648 3599 senatus
666 3544 791 3600 consulto
809 3543 844 3598 ad
862 3543 1003 3614 utriusque
1022 3544 1201 3601 hereditatem
1220 3544 1328 3600 admitti
1345 3547 1462 3600 constat

13 3637 74 3714 ¹35)
148 3633 299 3690 Uarrsuus
321 3631 390 3689 libro
414 3639 492 3689 sexto
516 3635 547 3688 de
571 3631 660 3689 officio
683 3633 861 3704 proconsulis.
898 3633 967 3688 (lum
990 3633 1069 3689 heres
1087 3635 1213 3689 instituta
1230 3631 1333 3690 furiosa
1351 3627 1525 3718 Q
1557 3635 1597 3710 Ss

92 3723 274 3778 hereditatem
292 3728 367 3778 esset
383 3729 481 3792 rogata
497 3724 648 3792 restituere,
668 3728 820 3778 curatorem
839 3723 899 3778 eius
916 3721 1066 3778 seeundum
1084 3721 1192 3779 tabulas
1207 3722 1338 3779 bonorum
1351 3723 1525 3794 possessione

92 3817 210 3882 meopte
226 3825 309 3882 posse
326 3809 474 3866 transferre
490 3813 613 3867 actiones
631 3812 711 3866 diuus
729 3813 794 3867 Pius
812 3811 944 3867 decreuit
1543 3818 1573 3860 ⁸⁹

14 3902 75 3982 36)
147 3902 268 3956 Pennus
290 3899 359 3956 hhro
382 3901 464 3956 tertio
487 3900 593 3956 decimo
616 3901 650 3955 ad
669 3901 797 3956 edictum.
834 3901 902 3958 Cum
922 3899 1058 3956 hereditas
1076 3916 1111 3956 ox
1129 3899 1332 3957 fideicommissi
1350 3893 1525 3983 [ἰιῗιῖζιῖῖιξ
1557 3901 1585 3958 E

91 4005 179 4046 eausa
197 3991 324 4046 restituta
341 3993 392 4060 est,
411 3989 435 4045 si
453 3993 597 4046 antaeum
615 3989 714 4046 herede
733 3990 957 4061 compromissum
976 3995 1026 4060 est,
1044 3995 1112 4060 puto
1129 3989 1411 4046 fideicommissariam
1426 4000 1525 4043 cauere

91 4079 136 4146 F(
140 4077 338 4148 WDEQICK)

91 4164 202 4234 s‘diut?
267 4179 389 4234 ²statim
408 4188 456 4233 sna.
516 4179 600 4248 'nell
620 4177 742 4234 scilieet?
802 4178 861 4233 ⁴ld
878 4183 922 4233 est
938 4179 1083 4249 pecaniam
1101 4181 1147 4233 dcl.
1202 4180 1267 4233 lan
1285 4180 1332 4232 del.
1395 4174 1525 4230 ⁸drsrnrnn

90 4257 121 4306 et
139 4249 246 4306 ίηιαιιι
263 4249 518 4333 compensent&

91 4349 183 4418 boun
202 4349 294 4418 qniF
341 4348 549 4404 ‘loondiciones
567 4347 607 4414 Ε)
623 4347 708 4416 *enipi
722 4347 780 4418 β)
835 4347 871 4402 20
892 4345 1121 4417 philippensium
1145 4347 1180 4400 pa
1243 4347 1278 4401 24
1300 4343 1482 4415 quadrigenta
1504 4345 1530 4396 F

91 4426 185 4476 autem
207 4421 360 4486 ffltame
369 4419 526 4491 WElmorq.
536 4419 627 4488 Pilais]
637 4419 742 4488 autem)
753 4419 782 4483 U,
835 4419 870 4472 26
899 4417 1081 4487 quadrigenta
1110 4419 1137 4472 F
1228 4419 1262 4472 27
1291 4415 1474 4486 quadrigenta
1503 4415 1530 4468 F

91 4507 139 4547 me
229 4493 360 4547 idassio
378 4489 525 4558 Hadriano]
545 4489 624 4560 Ulpio
643 4489 782 4544 Hadriano
835 4490 870 4544 28
893 4488 1075 4545 no'n’uisslme
1098 4490 1136 4544 F*
1201 4489 1236 4544 29
1260 4485 1459 4559 supplendum
1486 4485 1524 4540 Γ*

92 4563 131 4617 D.
140 4563 182 4628 37,
192 4563 302 4634 7,1pr.,
312 4561 572 4618 ClaudioHadriano
581 4561 782 4627 1).37,10‚3,1.·
835 4561 871 4614 30
888 4560 1076 4630 quadrigentis
1094 4562 1120 4613 F
1165 4561 1199 4615 31
1218 4559 1460 4628 quadrigentorum
1479 4556 1523 4627 ἲ)

92 4635 196 4688 uidear
212 4635 279 4688 ideas
298 4637 406 4702 scudem·
423 4633 505 4688 tribus
523 4633 564 4686 lara
581 4635 643 4687 locu
692 4633 725 4686 13
743 4630 782 4686 ol·
836 4630 927 4685 damni
939 4637 968 4686 et
979 4629 1092 4699 inunctus]
1103 4629 1268 4697 FWDEQI,
1281 4626 1523 4700 dampnastirue-

92 4703 259 4760 sensatas
322 4705 356 4760 ιι
376 4691 471 4759 hecar
496 4701 781 4772 antesaecularem]
835 4707 880 4756 tus
895 4704 924 4767 o,
943 4703 1103 4758 damnorum
1121 4701 1266 4757 enorme
1314 4701 1524 4757 esarartrorr·

97 4775 276 4862 WDEQGK,
293 4775 472 4832 hereditatem
484 4775 630 4860 adireque.
643 4773 782 4859 heredifl,
835 4775 870 4828 34
888 4775 994 4828 restitui
1006 4778 1053 4828 *et
1065 4773 1102 4826 F‘
1148 4774 1189 4857 Ι35
1208 4771 1330 4859 obissent
1348 4771 1476 4858 (obierint
1489 4771 1524 4838 0)

89 4844 782 4986 Zdallllimlimell'llllllil‘llaffilia'lt
835 4841 1524 4984 :tltlttlthltttltttttt.<litt

90 4989 182 5060 honis]
195 4989 571 5078 mlpmseeurrdamllffipl:
584 4987 782 5042 rhetoricatu-
836 4987 882 5053 (ad
895 4995 941 5042 irae.
956 4987 992 5054 Ο)
1007 4992 1113 5056 partem
1126 4987 1340 5054 FWDEQIOK
1376 4987 1411 5041 36
1428 4983 1523 5055 tortyl·

90 5061 219 5134 poscam
236 5079 252 5114 u
269 5063 325 5118 τῶκ
341 5061 415 5118 tuda
431 5079 595 5132 uparasrmn,
614 5057 745 5116 (labeonis
761 5059 788 5112 F
834 5059 908 5114 liano
926 5061 951 5112 F
998 5060 1032 5115 37
1051 5057 1087 5114 de
1104 5077 1152 5114 om.
1165 5059 1191 5112 F

252 5153 281 5198 ιι
1258 5149 1292 5203 16
