3616 5468
845 237 930 322 182
1268 262 1315 310 ee
1337 259 1605 310 conmeroumns

530 1069 678 1144 mue
703 1065 1000 1144 menemus
1027 1065 1248 1148 tumide

172 1425 209 1504 R
249 1424 312 1502 DE
341 1423 700 1502 CONDICIONIBUS
726 1421 789 1501 ET
814 1286 1324 1500 DeiiONSTRATIONIBUS
1350 1419 1413 1498 ET
1443 1421 1605 1500 CAUSIS

172 1549 234 1627 ET
262 1549 407 1628 MODIS
434 1549 609 1644 EORUM,
644 1549 771 1642 QUAE
805 1547 852 1626 IN
885 1545 1204 1626 TESTAMENTO
1234 1546 1532 1626 SORJBUNTUR
1571 1549 1622 1626 it.

14 1775 15 1778 =
136 1741 152 1798 1
226 1703 260 1800 P
261 1755 411 1800 ermenius
433 1742 503 1800 libro
525 1743 607 1800 tertio
624 1742 661 1798 nd
680 1741 810 1809 Quintius
828 1739 957 1796 Mucium.
994 1740 1106 1810 legetis
1130 1755 1201 1810 ques
1223 1740 1428 1811 relinquuntnr¹
1463 1735 1606 1810 ῐῖιῖιᾙ
1724 1730 1744 1752 ⁴

173 1837 221 1888 eut
238 1831 298 1888 dies
316 1832 437 1888 incertus
455 1837 504 1888 eut
522 1831 647 1889 condicio
666 1830 831 1888 sdseribitur
848 1834 910 1900 eut,
932 1829 956 1884 si
977 1827 1043 1885 nihil
1060 1828 1156 1886 herum
1175 1827 1278 1886 sectum
1297 1829 1341 1899 sit,
1359 1831 1518 1902 praesentis
1534 1835 1607 1901 sunt,

140 1925 153 1970 1
172 1920 267 1976 nisisi
285 1920 314 1976 ui
331 1921 392 1991 ipse
409 1920 534 1978 condicio
552 1922 626 1978 insit.
663 1920 732 1976 cnm
751 1919 812 1976 dies
829 1924 921 1974 certus
939 1918 1171 1990 susceptorem,
1195 1919 1321 1990 quemuis
1342 1918 1402 1974 dies
1420 1918 1543 1974 nondum
1561 1934 1607 1976 ue·

140 2015 155 2060 ²
173 2011 251 2081 nerit,
270 2011 340 2066 soleri
358 2015 452 2066 emen
470 2016 599 2081 possunt,
618 2010 684 2080 quie
702 2013 807 2064 certem
826 2011 870 2063 eet
887 2022 921 2062 en
938 2006 1033 2064 debite
1051 2009 1092 2064 iri.
1128 2007 1196 2064 Dies
1214 2011 1306 2064 numm
1324 2008 1446 2064 incertus
1464 2011 1521 2079 est,
1546 2023 1611 2064 cum

173 2099 212 2156 ite
239 2098 367 2156 scribitur
389 2099 476 2156 ‘ireres
501 2115 579 2156 meus
606 2115 668 2156 oum
691 2098 836 2165 morietur,
860 2097 956 2154 decern
978 2096 1064 2154 dnto':
1088 2113 1151 2154 nem
1175 2096 1248 2152 diem
1272 2097 1405 2152 incertum
1428 2112 1503 2153 mors
1525 2095 1622 2153 hebet.

173 2189 241 2246 eins.
269 2193 297 2244 et
314 2189 377 2246 ideo
396 2189 420 2244 si
436 2189 587 2259 regressus
605 2192 669 2246 ente
687 2187 846 2257 decesserit,
865 2185 902 2242 ed
919 2186 1047 2244 heredem
1067 2186 1126 2242 eine
1138 2187 1260 2256 legatum
1274 2201 1327 2242 non
1345 2187 1451 2258 transit,
1470 2188 1622 2256 quianon

62 2301 68 2312 ·
140 2276 258 2332 ecessit
280 2276 340 2334 dies
362 2279 428 2334 uiue
452 2291 499 2348 eo,
523 2277 652 2348 quemuis
672 2281 777 2334 eertum
801 2274 885 2332 tuerit
907 2276 1067 2332 moriturum
1091 2274 1229 2332 heredem.
1265 2276 1342 2332 inest
1365 2281 1457 2332 numm
1483 2277 1619 2334 condicio

173 2367 281 2437 legeti¹‚
300 2367 386 2424 ueluti
404 2382 465 2422 eum
484 2367 524 2422 ite
540 2366 679 2436 legemus:
697 2365 778 2436 ‘qnod
796 2380 831 2420 ex
847 2364 985 2422 mesenen
1003 2369 1098 2420 netum
1117 2363 1212 2436 inerit,
1230 2365 1310 2422 heres
1328 2364 1400 2423 dete'
1418 2369 1468 2420 ent
1486 2363 1622 2438 'finenem

174 2455 228 2527 ‘qui
246 2471 281 2512 ex
298 2471 332 2512 eo
349 2455 436 2512 fundo
453 2457 576 2528 percepti
593 2454 708 2526 suerint,
732 2454 811 2512 heres
829 2453 902 2512 deto'
921 2459 969 2510 eut
988 2454 1120 2524 seruum,
1144 2470 1227 2524 quem
1245 2455 1291 2510 elii
1308 2471 1362 2512 non
1380 2455 1527 2526 legerere,
1546 2455 1621 2514 Seio
1732 2528 1754 2569 u

174 2544 264 2602 ‘estet

137 2631 156 2690 ι
229 2634 378 2692 Umerus
401 2633 471 2692 libre
494 2634 590 2704 quinto
613 2633 650 2690 ed
674 2632 814 2690 Sabinum.
860 2632 1058 2690 Condicionem
1084 2633 1219 2704 qncednn
1247 2639 1324 2704 sunt,
1351 2648 1423 2704 qrree
1463 2645 1630 2708 escum.
1741 2611 1756 2664 ⁸

176 2725 339 2796 quandoque
356 2723 462 2793 impleri
479 2729 597 2794 possent
613 2723 697 2780 etiem
715 2723 780 2780 uiuo
797 2727 942 2794 tesetore,
965 2726 997 2780 ut
1014 2727 1083 2794 pute
1100 2722 1132 2780 ‘si
1156 2723 1234 2778 neeis
1253 2738 1288 2778 ex
1305 2722 1375 2778 Asis
1397 2725 1522 2796 uenerit,
1547 2743 1628 2784 nen}

176 2813 340 2886 quandoque
357 2813 464 2870 uenerit
476 2813 569 2884 ,neuin
588 2812 741 2870 condicioni
759 2813 877 2882 peritum
896 2812 1018 2870 uidetur:
1037 2811 1180 2883 quaedem,
1199 2827 1270 2883 quee
1285 2827 1339 2870 non
1353 2812 1405 2868 nisi
1417 2818 1633 2883 postmortem

176 2904 316 2960 testatoris
335 2901 366 2958 'ei
384 2902 479 2958 decem
497 2901 611 2958 dederit'
629 2901 661 2958 ‘si
673 2901 837 2972 Capitolium
851 2902 1025 2958 escenderit:
1044 2919 1108 2958 nem
1125 2908 1157 2958 ut
1174 2903 1298 2972 petuisse
1317 2902 1379 2972 quis
1396 2901 1557 2962 condicioni
1574 2909 1632 2964 ni-

176 2993 288 3064 deetur,
312 2992 394 3048 οιίιιιι
413 2992 484 3048 seire
502 2989 585 3048 debet
602 2991 672 3048 hene
696 2991 884 3048 condicionem
907 2992 1050 3048 insertum:
1074 3007 1137 3048 nem
1161 2992 1185 3046 ei
1208 2989 1266 3047 icto
1290 2989 1397 3062 iecerit,
1422 3007 1478 3048 non
1501 2995 1635 3052 uidetur

176 3081 381 3153 obtemperasse
399 3081 542 3136 uoluntati.

138 3169 157 3228 3
228 3173 306 3227 ieeur
323 3170 392 3226 libre
410 3175 489 3226 sexte
508 3169 544 3225 ed
562 3168 702 3226 Sabinum.
733 3169 857 3240 Optinuit
874 3168 1056 3241 impossibiles
1075 3169 1248 3226 condiciones
1267 3175 1432 3228 testamento
1465 3165 1634 3246 ᾗῗιῇῇ

176 3261 329 3331 rescriptas
345 3273 396 3330 pro
412 3259 494 3316 nuliis
512 3257 662 3316 habendes.
1441 3289 1442 3292 ,

137 3348 157 3412 4
228 3351 399 3406 Pouromue
421 3347 490 3404 libre
513 3349 595 3404 tertie
619 3348 655 3404 ed
673 3346 813 3404 Sebinnus.
849 3347 879 3404 Si
896 3348 939 3407 his
956 3351 1078 3422 tegetum
1101 3354 1158 3420 est,
1183 3347 1283 3419 quibus
1301 3353 1433 3420 petronus
1467 3345 1636 3424 ιιῖῑῇ
1741 3349 1753 3372 “

176 3440 269 3510 legate
285 3441 417 3509 praestet,
435 3443 588 3508 temperare
606 3437 691 3494 debet
708 3441 817 3508 praeter
836 3439 1037 3510 condicionem,
1061 3443 1093 3494 ut
1110 3443 1139 3494 et
1156 3444 1271 3510 petrono
1289 3445 1318 3494 et
1335 3437 1483 3496 heredibus
1502 3444 1632 3516 scriptis

144 3539 156 3583 1
175 3527 368 3601 proportione
386 3527 485 3583 denter
503 3527 671 3585 condicionis
689 3525 841 3598 explendae
858 3529 957 3598 gretie
994 3527 1023 3586 Si
1040 3529 1080 3584 ite
1097 3528 1229 3599 seriptum
1247 3529 1296 3584 eit:
1317 3528 1348 3584 ‘ei
1371 3529 1399 3584 in
1423 3530 1634 3602 quinquennio

108 3613 112 3624 '
176 3619 307 3691 ‘proximo
325 3616 399 3673 Titio
416 3615 488 3672 filins
507 3621 588 3672 netes
606 3632 661 3673 non
680 3617 739 3686 erit,
757 3619 815 3672 tum
835 3615 930 3674 decem
948 3616 1028 3674 Seiae
1046 3617 1126 3674 heres
1144 3617 1226 3690 deto’,
1248 3619 1272 3674 si
1289 3619 1380 3676 Titius
1403 3623 1468 3674 ente
1487 3629 1633 3680 memus

175 3711 223 3780 sit,
247 3722 301 3764 non
319 3707 413 3763 stetim
431 3705 511 3762 Seiee
529 3705 624 3761 decern
643 3703 751 3776 deberi,
773 3705 839 3775 quin
863 3705 908 3762 hic
930 3708 1060 3764 nrtieulsm
1079 3706 1153 3764 'tum’
1172 3709 1286 3764 extremi
1304 3709 1484 3778 quinquennii
1502 3716 1632 3786 tempus

175 3798 198 3854 ei
237 3795 319 3853 iiieet.

139 3885 157 3945 5
199 3815 347 3942 gnPnunue
369 3883 438 3941 libro
461 3883 583 3942 seeundo
606 3883 643 3940 ed
660 3883 801 3942 Subinnm.
838 3883 1050 3942 Condicionibns
1067 3886 1187 3958 pupillus
1211 3891 1239 3941 et
1257 3887 1316 3942 eine
1334 3886 1433 3942 tutoris
1451 3883 1626 3972 W
1733 3856 1750 3910 S

175 3977 338 4032 anctoritate
361 3989 457 4045 perere
480 3978 580 4044 potest.
607 3988 659 4030 nec
676 3989 757 4044 quern
776 3975 893 4044 moueri,
917 3973 992 4044 qued
1016 3976 1126 4046 explete
1149 3974 1309 4032 condicione
1332 3978 1506 4034 necessarius
1532 3979 1626 4038 heres
1708 3953 1741 3994 ³⁰

144 4076 156 4120 1
176 4065 321 4136 aliqnando
339 4080 401 4120 esse
418 4068 525 4134 potest:
544 4079 608 4119 nem
626 4062 678 4119 hoe
695 4064 754 4119 iure
771 4065 917 4134 potestatis
935 4061 1002 4131 fieri,
1021 4079 1076 4120 non
1087 4064 1256 4120 condicionis
1267 4066 1401 4136 expletne.
1428 4067 1501 4122 Item
1513 4085 1622 4128 serene

175 4156 220 4212 nei
237 4153 309 4211 fiiius
326 4152 443 4210 semilies
462 4153 520 4210 sine
538 4153 614 4209 iussu
632 4153 718 4224 petris
737 4153 781 4208 uei
799 4152 901 4208 demini
919 4153 1107 4210 condicionem
1125 4154 1237 4226 impiere
1255 4160 1380 4225 possunt,
1401 4156 1467 4226 quie
1485 4172 1520 4214 eo
1539 4158 1620 4216 fecto

175 4259 256 4302 nemo
274 4241 424 4300 insudetur.
1791 4286 1798 4297 ,

139 4333 158 4392 6
228 4334 400 4390 Poenorrns
417 4331 488 4390 libro
505 4331 588 4388 tertio
606 4331 642 4387 ed
659 4330 799 4388 Sebinnus.
836 4331 922 4388 iduito
945 4336 1111 4388 memmento
1129 4348 1184 4388 non
1202 4333 1380 4390 committitur
1398 4333 1433 4390 nb
1452 4329 1614 4418 [W
1652 4307 1716 4374 „i
1781 4314 1783 4317 ¹

176 4423 276 4479 herede
294 4423 339 4478 nei
357 4422 489 4493 iegeterie
507 4421 552 4477 uel
570 4421 669 4490 ecqui
687 4436 722 4476 ex
740 4421 836 4476 nidmu
853 4422 995 4478 uoluntate
1013 4421 1116 4492 sliqnid
1133 4423 1262 4493 lucretur,
1280 4411 1609 4493 qurseennr'ireffi
1621 4430 1633 4470 ι
1647 4402 1704 4454 5
1775 4464 1780 4477 ,

176 4517 382 4569 monumentum
400 4511 490 4568 iecere
509 4511 601 4568 inesue
618 4510 668 4581 sit,
692 4510 757 4565 siis
776 4509 853 4565 cuiue
872 4507 1012 4566 arbitrium
1032 4516 1075 4566 est
1092 4525 1146 4567 non
1163 4512 1242 4568 must
1258 4513 1304 4568 nei
1327 4512 1426 4569 edesse
1448 4529 1505 4571 non
1523 4517 1608 4587 possit
1764 4484 1808 4655 Ξ

158 4617 424 4689 Ιι’(ιιἹΠιιὶΙίίῖῖ)

177 4763 185 4797 ¹
206 4761 271 4816 idem
291 4760 387 4816 Graeci
405 4763 440 4829 (e.
453 4762 494 4828 i.):
513 4767 562 4815 eut
579 4759 639 4815 dies
657 4765 749 4815 certes
768 4767 814 4814 tm.
832 4761 961 4828 (similiter
978 4759 1050 4829 Hal.)
1121 4761 1250 4831 ’legetis
1267 4763 1303 4830 (e.
1315 4761 1365 4830 r’.)i

1733 2175 1754 2214 10

176 4901 301 4958 deensis
325 4900 362 4970 et]
388 4901 478 4956 oensis
502 4903 553 4956 ind.
570 4901 615 4967 ΕΙ,
638 4907 734 4958 enuset
757 4904 809 4957 ind
828 4903 865 4956 Ρ
918 4900 1487 4972 tsiniJsinsF³¹Qsi1ecm.DEK
1528 4907 1603 4963 8de·

176 4973 310 5044 {elegatis
321 4973 382 5058 sse]
402 4973 424 5027 εἰ
436 4973 501 5028 erite
513 4972 706 5058 &detenendos
718 4973 782 5028 sarire
795 4973 863 5046 cipe·
917 4973 1039 5030 bitntim'
1061 4973 1114 5028 Ρ*
1174 4976 1209 5030 12
1234 4975 1327 5046 legisti]
1351 4975 1484 5042 FWCK',
1511 4979 1604 5050 legtb's

177 5043 562 5113 mencietur-erereinniterer,
575 5045 735 5118 rorptsicer
748 5045 864 5120 BiTtp.)
918 5045 1029 5101 Delie
1083 5047 1117 5102 19
1136 5043 1203 5117 sete]
1222 5047 1350 5114 mulii,
1368 5044 1442 5106 seete
1457 5049 1547 5118 WQG
