4560 5416
723 222 750 290 L
774 225 815 289 16
835 230 981 285 att-236
1395 212 1484 293 954
1606 299 1609 316 Ι
1898 231 1946 286 un
1969 235 2160 283 unnsoanu

692 389 703 434 1
725 381 794 436 'esse
813 378 928 451 oportet'
946 379 1053 434 heredis
1071 375 1218 434 heredibus
1235 375 1368 432 bonorum
1387 375 1526 446 possessio
1544 390 1599 430 non
1617 372 1747 430 defertur.
1774 375 1844 430 Item
1863 376 1892 430 in
1911 373 2110 430 substitutione
2121 374 2160 430 iris

724 469 816 526 uerbis
835 469 966 539 'quisquis
990 467 1056 523 mihi
1079 467 1159 522 heres
1183 463 1241 520 erit'
1264 465 1405 536 proximus
1428 464 1505 520 heros
1527 469 1634 519 tantum
1658 463 1843 534 significatur:
1866 465 1951 520 immo
1976 480 2033 520 non
2055 468 2159 520 mutum

724 559 865 630 proximus
884 558 971 627 heres,
990 557 1039 612 sed
1058 556 1140 611 etiam
1160 555 1286 625 seriptus.

647 643 706 702 228
778 647 856 704 lours
877 646 946 702 libro
970 645 1101 714 singulari
1125 643 1159 698 de
1183 643 1393 714 cognitionibus.
1426 641 1592 713 'Municipes’
1609 641 1786 712 intellegendi
1806 647 1872 698 aunt
1890 649 1919 698 et
1937 643 1985 712 qui
2004 637 2122 726 [1-1Ῑῖ
2116 639 2198 704 aaa?

725 737 753 792 in
771 736 867 792 eodem
887 735 1035 805 muninipio
1052 733 1110 788 nati
1128 737 1200 788 sunt.
2176 746 2188 786 5

647 821 706 880 229
777 825 856 880 lnnu
878 824 947 879 libro
971 811 1102 894 singulari
1126 821 1160 877 de
1184 821 1276 876 tanitis
1299 819 1526 876 fideieommiesis.
1559 820 1719 877 'Transmta
1741 819 1861 877 linitaue'
1878 821 1985 876 intelle·
2005 815 2200 904 [nssafflp

724 929 790 984 gere
809 913 942 970 debemus
960 927 1015 968 uon
1032 913 1137 968 selum¹
1156 909 1255 981 quibus
1274 910 1459 966 controuersia
1476 909 1541 980 luit,
1563 910 1613 966 sed
1630 913 1719 966 etiam
1731 926 1803 982 quae
1821 910 1880 965 sine
1899 913 2090 966 controuersia
2107 913 2161 966 sint

724 1018 865 1074 possessa:

647 1088 707 1148 230
777 1092 855 1146 insu
873 1089 942 1146 libro
961 1087 1091 1159 singulari
1109 1087 1144 1143 ad
1163 1091 1276 1142 senatus
1293 1087 1446 1143 oonsultum
1463 1085 1632 1143 Orfitianum.
1659 1088 1878 1144 utsuntiudioio
1891 1089 1984 1143 termi·
2004 1081 2159 1172 [Q
2178 1095 2199 1148 P

725 1185 799 1250 nata,
817 1179 1002 1235 transactione
1020 1177 1180 1248 composita,
1199 1177 1329 1246 longioris
1346 1177 1492 1248 temlporis
1511 1177 1618 1232 silentio
1636 1175 1722 1232 linita.
2173 1187 2232 1233 itta

647 1265 705 1324 231
779 1269 856 1324 lunas
873 1267 942 1324 libro
961 1267 1093 1336 singulari
1112 1266 1147 1321 ad
1160 1269 1273 1320 senatus
1285 1267 1439 1322 consultum
1452 1266 1660 1321 Tertullianum.
1688 1265 1767 1332 Quod
1780 1265 1897 1322 dloimns
1909 1282 1984 1337 eum,
2005 1261 2160 1351 [l'tj'ajffffl
2176 1273 2198 1325 P

725 1359 772 1428 qui
789 1358 867 1413 nasei
885 1363 1020 1427 speratur,
1038 1370 1088 1426 pro
1107 1355 1253 1424 superstite
1272 1370 1342 1426 esse,
1360 1360 1427 1410 tuno
1444 1369 1540 1410 uersam
1560 1359 1611 1424 est,
1629 1370 1691 1410 oum
1707 1355 1742 1410 de
1754 1356 1840 1426 ipsius
1853 1356 1913 1412 iure
1925 1358 2083 1426 quaeritur:
2101 1358 2160 1412 aliis
2176 1369 2199 1408 n

725 1451 816 1502 autem
838 1461 892 1501 non
911 1445 1024 1516 prodest
1041 1445 1093 1500 nisi
1111 1447 1201 1498 natus.

648 1531 706 1591 232
778 1535 872 1590 (larus
889 1533 958 1590 libro
976 1533 1064 1605 primo
1084 1533 1119 1589 de
1136 1533 1281 1590 uerborum
1301 1531 1523 1604 obligationibus.
1559 1533 1636 1589 Haeo
1653 1532 1804 1588 enuntiatio
1822 1533 1901 1603 'quae
1919 1540 1987 1589 sunt
2006 1530 2197 1618 [eff-Q?

724 1623 818 1695 'pluris
836 1637 980 1679 aureorum
999 1621 1120 1694 triginta'
1138 1623 1219 1677 simui
1238 1627 1266 1677 et
1284 1624 1446 1693 quantitatis
1464 1629 1493 1678 et
1511 1623 1709 1678 aestimationis
1728 1621 1911 1692 signifieatiua
1929 1629 1982 1678 est
2149 1645 2151 1650 v
2175 1635 2198 1675 aa

648 1709 707 1769 233
778 1713 855 1768 lunas
872 1711 941 1768 libro
960 1713 1047 1782 primo
1066 1712 1101 1767 ad
1115 1711 1204 1781 legem
1217 1711 1362 1766 dnodootm
1375 1711 1538 1766 tabularum.
1567 1709 1603 1766 'Si
1616 1709 1754 1766 naluitur':
1773 1711 1819 1766 et¹
1831 1715 1953 1767 moretur
1965 1718 1996 1766 et
2008 1711 2158 1768 frustretur.
2174 1709 2196 1762 P

725 1801 789 1858 inde
812 1807 841 1857 et
864 1802 1075 1857 calumniatores
1099 1801 1228 1871 appellati
1253 1805 1331 1870 sunt,
1354 1801 1434 1872 qnia·
1452 1813 1503 1870 per
1525 1798 1649 1854 fraudem
1671 1803 1700 1854 et
1717 1798 1920 1856 frustrationem
1939 1803 2011 1857 alios
2030 1808 2160 1856 uexarent

692 1899 705 1944 1
724 1890 833 1946 litibus:
851 1890 915 1946 lude
933 1895 962 1946 et
979 1891 1116 1946 eardllatio
1135 1889 1209 1944 dieta
1227 1895 1278 1945 est.
1314 1891 1381 1945 Post
1398 1889 1531 1945 kalendas
1550 1889 1691 1943 lanuarias
1709 1889 1754 1944 die
1771 1889 1853 1945 tertio
1870 1903 1922 1959 pro
1940 1905 1985 1944 sa·
2020 1903 2045 1948 a.
2054 1905 2077 1954 1,
2086 1903 2159 1958 atat

692 1980 782 2036 aluta
804 1979 935 2050 prinoipis
957 1984 1024 2048 uota
1046 1979 1240 2049 suscipiuntur.
1274 1977 1387 2034 ''l'elurn'
1405 1979 1488 2050 uolgo
1511 1979 1621 2049 quidem
1640 1977 1668 2034 ld
1688 1979 1851 2049 appellatur,
1873 1979 1950 2049 quod
1969 1979 2006 2036 ab
2040 1967 2157 2046 1ἷῖοῆ

725 2083 791 2124 areu
810 2069 940 2124 mittitur:
959 2069 1008 2124 sed
1026 2089 1076 2124 uon
1093 2077 1177 2122 ulnus
1195 2083 1276 2124 omne
1294 2067 1476 2138 significatur,
1498 2067 1571 2138 quod
1590 2069 1707 2123 mittitur
1725 2083 1821 2124 manu:
1846 2068 1885 2122 its
1903 2069 2043 2139 seqnitur,
2062 2075 2093 2124 ut
2112 2065 2156 2144 iffi)
2172 2079 2195 2120 as

726 2163 755 2214 et
776 2158 846 2229 lapis
870 2163 898 2213 et
920 2159 1023 2228 lignum
1042 2163 1071 2213 et
1088 2155 1189 2214 terrum
1207 2156 1260 2213 hos
1278 2158 1387 2212 nomine
1405 2158 1590 2212 contineatur:
1613 2157 1772 2226 dictumque
1790 2155 1826 2211 ab
1844 2170 1891 2226 eo,
1915 2157 1991 2227 quod
2010 2160 2038 2214 in
2056 2159 2157 2228 longiu-

726 2263 810 2318 quum
834 2247 963 2319 mittitur,
987 2247 1093 2302 Graena
1116 2261 1185 2302 uooe
1207 2245 1354 2316 figuratum
1378 2246 1429 2302 ind
1453 2248 1500 2310 roi
1524 2245 1613 2309 raaoi.
1644 2251 1673 2300 et
1695 2245 1766 2300 hane
1788 2242 2020 2314 significationem
2039 2248 2156 2303 inuenire

725 2351 873 2408 possumus
893 2341 922 2392 et
939 2337 967 2392 in
985 2335 1091 2392 Graooo
1109 2337 1233 2391 nomine:
1257 2353 1321 2391 nam
1339 2336 1413 2406 qnod
1431 2351 1481 2392 nos
1500 2337 1583 2391 telum
1603 2335 1784 2405 appellamus,
1809 2335 1847 2389 illi
1866 2333 1944 2390 uiaoc
1963 2335 2156 2409 appellamini

725 2426 773 2489 τοῨ
793 2427 935 2482 aiaaecear.
963 2425 1093 2482 admonet
1111 2439 1161 2480 nos
1179 2424 1360 2496 Xenophon⁴,
1379 2442 1442 2481 nam
1461 2427 1501 2481 ita
1518 2425 1623 2482 scribit:
1644 2426 1682 2479 sai
1696 2423 1726 2478 15
1745 2424 1806 2479 Bs'au
1824 2423 1922 2478 ὁκιόοει
1934 2423 2056 2496 ἐφέρετο,
2075 2425 2154 2495 λόγχη

726 2515 870 2579 roleiusra
894 2515 1048 2581 considunt,
1072 2515 1184 2569 uteicror
1205 2514 1235 2568 a'r
1253 2515 1310 2568 οοὶυ
1328 2514 1401 2569 λίθοι.
1430 2519 1458 2570 et
1475 2515 1518 2584 ld,
1537 2515 1611 2585 quod
1630 2513 1665 2570 ab
1683 2529 1748 2569 arou
1767 2513 1893 2582 mittitur,
1912 2513 1989 2584 apud
2007 2514 2092 2570 Grue-
2109 2509 2154 2597 [ζῇ
2169 2523 2192 2564 at

726 2619 774 2661 eos
797 2604 908 2674 quidem
931 2604 1044 2676 proprio
1066 2605 1176 2660 nomine
1199 2602 1312 2666 adzerus
1332 2609 1460 2675 uenatus,
1488 2604 1563 2674 apud
1587 2619 1637 2660 nos
1661 2607 1753 2658 autem
1778 2603 1916 2658 eommuni
1939 2604 2053 2660 nemine
2075 2606 2154 2660 telum

725 2694 885 2766 appellatur.
1509 2696 1521 2712 ³

648 2781 707 2840 234
778 2783 857 2838 lona
878 2781 947 2838 libro
968 2781 1090 2839 seeundo
1108 2781 1144 2838 ad
1160 2783 1249 2853 legem
1268 2781 1412 2839 duodeoim
1430 2781 1593 2838 uenturum.
1629 2780 1703 2848 Quos
1722 2795 1772 2837 nos
1789 2781 1884 2837 hostes
1903 2783 2090 2852 appellamus,
2110 2776 2188 2837 eosP

726 2877 835 2928 ueteres
853 2871 1021 2943 'perduelles'
1039 2871 1223 2944 appellabant,
1241 2887 1291 2943 per
1308 2887 1368 2927 eam
1388 2871 1568 2928 adiectionem
1586 2869 1739 2927 indicantes
1756 2887 1819 2926 oum
1837 2871 1937 2941 quibus
1956 2870 2060 2928 bellum
2077 2875 2153 2927 esset

693 2972 705 3017 1
727 2959 877 3032 'Loouples'
895 2965 951 3032 est,
974 2961 1021 3031 qui
1044 2962 1112 3016 satis
1130 2961 1228 3017 idonee
1245 2961 1329 3016 babet
1350 2975 1399 3032 pro
1421 2959 1608 3030 magnitudine
1629 2961 1681 3030 rel,
1705 2973 1787 3030 quam
1808 2967 1885 3016 antor
1905 2963 1985 3017 resti·
2004 2955 2153 3044 [1³3]OE
2167 2970 2189 3012 aa

692 3059 707 3106 1
725 3050 857 3106 tuendam
882 3065 943 3106 esse
967 3051 1046 3121 petit.
1076 3049 1195 3106 Uerbum
1215 3049 1325 3106 ‘uiuere'
1342 3050 1454 3121 quidam
1474 3054 1574 3120 putant
1595 3050 1630 3105 ad
1650 3049 1741 3105 eibum
1762 3050 1913 3120 pertinere:
1938 3051 1991 3106 aed
2009 3036 2152 3108 diffie

725 3138 850 3194 Atticum
873 3139 912 3194 ait
933 3137 977 3194 his
1000 3139 1093 3194 uerbis
1116 3145 1145 3196 et
1167 3139 1333 3195 uestimenta
1350 3146 1379 3195 et
1396 3144 1546 3194 stramenta
1563 3139 1707 3208 contineri,
1733 3139 1792 3194 sine
1810 3139 1852 3194 his
1870 3140 1944 3196 enim
1964 3142 2061 3196 uiuere
2076 3141 2151 3196 nemi·

725 3243 786 3284 nem
805 3243 897 3298 posse.

647 3317 706 3377 235
778 3317 857 3373 lunas
879 3316 949 3373 libro
972 3317 1053 3372 tortio
1076 3316 1112 3372 ad
1136 3319 1225 3387 legem
1249 3317 1394 3373 dnodenim
1417 3315 1581 3372 tabularum.
1614 3315 1703 3373 'Ferri'
1722 3318 1831 3388 proprie
1854 3317 1983 3390 dioimns,
2002 3313 2186 3404 [ΜΡ

725 3422 797 3478 quae
816 3407 877 3478 quis
895 3422 946 3462 sun
965 3421 1078 3476 oorpore
1096 3405 1214 3462 baiulat:
1234 3405 1350 3477 ‘portari'
1368 3422 1409 3476 ea,
1428 3421 1499 3476 quae
1518 3407 1580 3476 quis
1597 3407 1720 3462 iumento
1738 3423 1832 3462 seeum
1844 3407 1934 3464 duait:
1954 3393 2185 3479 'agiseisn‘u‘seat

692 3509 704 3554 1
724 3497 854 3552 animalia
871 3499 944 3550 sunt.
971 3494 1083 3551 ‘Fabros
1100 3496 1240 3566 tignarios'
1259 3496 1375 3552 dioimus
1394 3510 1448 3551 non
1466 3510 1515 3551 eos
1532 3496 1684 3566 dumtaxat,
1702 3496 1750 3567 qui
1761 3497 1837 3566 ligna
1848 3497 1985 3569 dolarent,
2003 3498 2054 3555 sed
2066 3513 2152 3554 omnes

724 3586 772 3656 qui
790 3583 974 3640 aedificarent

647 3673 706 3734 236
777 3675 855 3730 lunas
872 3673 941 3730 libro
960 3678 1057 3744 quarto
1075 3672 1111 3728 ad
1129 3673 1219 3744 legem
1237 3672 1381 3729 dnodeoim
1400 3671 1565 3730 tabularum.
1593 3671 1645 3740 Qui
1663 3673 1814 3730 'uenenum'
1829 3675 1905 3746 dieit,
1923 3675 1983 3732 adi·
2003 3669 2183 3760 [ΜΡ

657 3787 665 3810 ι
724 3777 786 3818 oete
804 3763 900 3833 debet,
919 3769 1010 3818 utrum
1029 3763 1129 3818 malum
1149 3778 1185 3818 an
1203 3761 1318 3818 bonum:
1341 3779 1404 3818 nam
1422 3768 1452 3818 et
1469 3763 1669 3820 medicamenta
1686 3778 1794 3819 uenena
1811 3769 1890 3832 suut,
1911 3767 1980 3834 qnia
1997 3752 2150 3823 eo‘nomine

724 3867 804 3908 omne
822 3853 985 3921 continetur,
1003 3851 1078 3921 quod
1096 3850 1247 3907 adhibitum
1266 3858 1392 3908 naturam
1411 3853 1479 3922 eius,
1498 3843 1543 3908 oui
1560 3852 1712 3908 adhibitum
1726 3858 1808 3920 esset,
1826 3858 1924 3909 mutat.
1953 3856 2067 3925 numid,
2084 3853 2149 3926 quod
2163 3861 2183 3902 u

724 3956 774 3997 nos
799 3957 934 3996 uenenum
958 3943 1141 4012 appellamus,
1167 3940 1265 3996 Graeci
1287 3942 1423 4013 oipuasos
1449 3941 1557 4012 dieunt,
1581 3942 1655 4013 apud
1675 3943 1736 3998 ilios
1754 3947 1939 4013 quoquotum
1959 3945 2150 4001 medicamenta

722 4043 916 4118 naraon)

723 4208 820 4262 ledam
841 4207 937 4263 Graeci
960 4207 1011 4274 (olo
1028 4206 1217 4271 monastrant
1236 4209 1324 4274 risone
1343 4211 1396 4277 B):
1422 4209 1456 4264 de
1482 4217 1530 4263 ina.
1547 4209 1625 4275 (aaut)
1733 4209 1791 4263 ’et
1809 4211 1856 4264 del.
1966 4212 2044 4282 *11111
2060 4209 2149 4278 (eddll

725 4281 736 4313 ⁴
756 4280 841 4333 Anub.
853 4280 879 4343 5,
893 4279 917 4344 2,
931 4279 966 4332 14
1048 4282 1059 4315 ⁵
1078 4279 1145 4342 duo?
1162 4279 1231 4335 Xera
1245 4289 1268 4336 et
1281 4282 1342 4336 inst.
1428 4282 1440 4316 ⁶
1458 4280 1488 4335 t'e
1508 4281 1556 4350 sai]
1575 4289 1613 4336 sic
1631 4288 1708 4336 etium
1727 4281 1797 4346 last,
1815 4279 1838 4334 λ’
1854 4280 1883 4336 ἐκ
1901 4283 1959 4338 raba
1978 4285 2071 4356 χειρὼκ
2088 4283 2148 4340 Xan.

724 4439 739 4494 1
758 4444 831 4494 notu*
843 4437 965 4494 deiertru
983 4440 1019 4494 Ρ
1040 4440 1092 4506 lin
1111 4441 1209 4494 11111Ν
1268 4442 1300 4496 11
1319 4441 1414 4512 tertyl·
1450 4460 1514 4512 ,nor
1532 4441 1619 4510 euius,
1637 4461 1662 4495 a.
1675 4442 1745 4494 ada.
1757 4441 1803 4508 20)
1821 4441 1942 4498 mittitur
1954 4445 2076 4508 manui]

722 4510 825 4565 lienum
843 4511 869 4563 F
924 4513 958 4566 12
971 4517 1116 4580 *speratur
1134 4512 1170 4564 F’
1225 4511 1258 4566 14
1271 4515 1413 4568 *enuntia-
1466 4531 1494 4565 re
1513 4519 1575 4566 etita
1606 4531 1635 4566 er
1665 4533 1688 4565 a.
1712 4513 1746 4567 19
1766 4531 1816 4584 aeq.
1845 4523 1915 4570 recte
1949 4523 2066 4569 omittant
2092 4462 2147 4568 6566.

721 4582 761 4636 tio
781 4583 819 4634 F²
882 4583 915 4636 18
939 4581 1077 4638 oabillatio
1096 4584 1122 4636 F
1177 4585 1213 4638 20
1234 4598 1289 4638 non
1313 4584 1411 4652 minus]
1466 4583 1483 4638 2
1519 4593 1643 4653 χεκοφωκ
1663 4585 1703 4648 Fi
1723 4583 1833 4651 seripsit
1851 4585 1914 4640 inst.
1988 4587 2024 4642 25
2041 4601 2100 4642 area
2116 4585 2147 4639 l'¹

723 4655 824 4707 ardentm·
842 4673 871 4708 aa
889 4655 915 4706 F
928 4657 1050 4724 inferiore
1068 4657 1121 4708 ioco
1137 4655 1321 4725 (u.udu.23),
1340 4671 1413 4710 nune
1467 4655 1501 4709 26
1519 4655 1701 4724 apudom.F¹
1755 4656 1926 4724 28qnodF¹
1983 4655 2147 4722 tuentii!

722 4724 770 4780 laon
788 4727 842 4778 loco
863 4725 889 4788 F,
913 4729 942 4778 et
961 4725 1023 4778 inst.
1044 4726 1048 4791 Ι
1068 4723 1141 4794 quod
1165 4741 1247 4780 manu
1270 4727 1412 4783 nuinsdam
1466 4726 1582 4780 idoneae
1608 4727 1633 4778 F
1688 4727 1721 4780 31
1746 4731 1824 4796 potet
1849 4729 1888 4780 F’
1908 4730 1913 4795 Ι
1934 4729 2094 4785 uerb'nr'um
2117 4728 2147 4781 Ρ

722 4795 839 4848 mittitur
854 4796 977 4865 sequitur
989 4810 1055 4865 ergo
1074 4802 1105 4850 ut
1123 4795 1185 4851 Insa
1239 4799 1273 4852 23
1289 4807 1349 4869 post
1366 4815 1413 4868 ap·
1466 4797 1502 4852 35
1514 4797 1595 4852 suo¹s'
1608 4813 1720 4868 corporo
1733 4797 1768 4851 F*
1784 4801 1789 4864 1
1806 4799 1911 4854 uaiolat
1926 4801 1970 4866 Ρ,
1989 4801 2089 4858 baiolat
2099 4801 2146 4866 ΡΙ

721 4865 825 4936 pellant
843 4875 890 4921 ias.
908 4881 997 4936 eoque
1019 4869 1128 4923 nomine
1151 4869 1234 4937 uolgo
1255 4870 1365 4938 quidem
1383 4869 1413 4924 id
1466 4867 1554 4938 q'i’uis
1572 4869 1609 4922 F*
1667 4871 1702 4924 36
1720 4870 1874 4939 *tignarios
1895 4873 1947 4927 F’:
1972 4873 2096 4928 τοκτὸκοο
2110 4869 2148 4932 lt·

721 4935 891 5006 significatur
914 4939 988 5008 quod
1013 4939 1047 4994 ab
1072 4955 1138 4994 arou
1157 4941 1273 4995 mittitur
1290 4941 1340 4996 sed
1358 4957 1413 4997 non
1466 4951 1522 4995 anu
1545 4941 1571 4996 B
1592 4942 1597 5008 1
1619 4939 1703 5007 digna
1727 4941 1771 5004 F¹,
1799 4943 1878 5012 ligna
1904 4943 1958 4999 Fu
1985 4945 2018 4998 ri
2042 4945 2102 5006 tilla
2125 4941 2148 4998 3

721 5009 811 5067 minus
829 5025 910 5066 omne
928 5010 1099 5084 significatur
1113 5011 1187 5083 quod
1200 5027 1262 5068 eum
1275 5017 1344 5090 (solt
1355 5022 1412 5085 opt·
1466 5014 1500 5068 37
1513 5014 1578 5082 qui‘
1590 5011 1767 5068 aedifioarent
1778 5013 1817 5067 Γ*
1870 5016 1909 5070 40
1920 5013 2148 5074 enutiae'u'turi‘
