3616 5468
198 250 318 320 XXXII
341 220 456 315 73-78
889 247 954 328 94,
1416 271 1464 318 ns
1485 269 1627 318 usosnss

198 410 244 464 uel
266 408 438 464 histrioniam
460 409 505 464 uel
529 408 597 464 alias
620 408 735 478 similes,
759 423 795 464 an
813 411 969 464 seruorum¹
989 407 1171 477 appellatione
1189 408 1270 464 etiam
1290 407 1340 464 bos
1357 408 1466 478 legasse
1483 405 1629 463 uideatur?

166 497 273 568 aquod
290 502 318 554 et
334 497 471 568 praesumi
488 500 604 567 opertet,
623 496 676 552 nisi
694 497 830 553 eontraria
846 497 974 552 uoluntas
991 497 1131 552 testatoris
1148 501 1289 566 appareat
1321 497 1400 566 Eum,
1418 497 1467 566 qui
1484 496 1629 552 uenaliuia·

197 587 266 642 siam
287 587 373 642 uitam
396 584 553 656 exercebat,
575 588 643 656 puto
665 601 777 642 suorum
796 600 909 641 numero
927 600 981 642 neu
999 583 1079 641 faede
1096 586 1228 642 eontineri
1245 585 1316 642 uelle
1334 585 1468 642 eiusmodi
1486 586 1629 656 msuoipia,

198 675 251 730 nisi
268 675 381 730 euidens
398 675 525 730 uoluntas
542 671 594 730 luit
612 675 694 730 etiam
713 673 748 730 de
765 674 808 730 his
825 674 982 730 sentientis:
1000 689 1064 730 nam
1082 689 1152 744 quos
1169 675 1231 744 quia
1248 675 1312 731 ideo
1330 675 1508 749 eompsrauit,
1526 675 1630 730 utilieo

166 763 368 832 edisuaheret,
387 765 484 820 merois
503 765 591 834 magis
608 765 669 820 looo
687 777 770 834 quam
788 777 899 820 suorum
918 761 1045 818 habuisse
1063 763 1217 820 medendus
1235 768 1286 820 est
1321 763 1445 820 Uioarius
1463 769 1558 820 autem
1575 779 1630 820 ser·
1648 768 1742 814 Ε

198 867 294 910 uorum
312 869 423 909 suorum
442 869 555 910 numero
573 868 628 910 non
646 853 779 908 contineri
797 852 964 922 Pomponius
982 851 1051 908 libro
1069 854 1164 924 quinto
1182 852 1285 910 scribit.

143 943 181 1002 74
250 943 422 998 Pounourus
438 942 508 998 libro
526 947 605 998 sesto
623 941 659 997 ad
677 939 818 998 Sabinum.
846 940 876 998 Si
888 943 950 1012 quis
962 957 1027 998 suos
1039 957 1134 1000 seruos
1146 943 1257 1014 legauit,
1274 956 1433 1000 eommuues
1445 945 1557 1012 quoque
1568 955 1632 998 oon·
1650 939 1754 995 -’

197 1030 319 1086 urentur
336 1037 365 1086 at
382 1032 411 1088 iu
429 1030 528 1098 quibua
546 1045 613 1086 usus
630 1028 736 1086 iruetra
754 1031 859 1086 alienus
876 1029 937 1086 init

142 1120 181 1180 75
252 1120 402 1177 Unnmuus
419 1119 489 1176 libro
506 1119 637 1176 uicesimo
655 1119 691 1174 ad
709 1118 849 1176 Sabinum.
875 1119 1000 1176 Nummio
1017 1120 1175 1176 indistinete
1192 1119 1291 1190 legatis
1309 1118 1361 1176 huo
1378 1123 1518 1190 reseptum
1531 1124 1583 1190 est,
1601 1124 1634 1175 nt
1651 1120 1762 1192 ΞΓ

198 1210 353 1279 exiguiorea
377 1209 462 1279 legati
484 1209 644 1278 uideantur,
668 1208 692 1264 si
714 1224 803 1278 neque
826 1225 862 1264 ex
884 1209 1081 1266 eonsuetudine
1102 1209 1189 1280 patris
1206 1207 1326 1264 familiae
1343 1223 1486 1279 nequeas
1502 1208 1633 1279 regionis
1651 1222 1662 1261 r
1689 1222 1744 1262 «r

197 1299 272 1356 unde
289 1297 349 1368 fuit,
371 1313 460 1368 neque
478 1313 513 1352 ex
531 1301 662 1354 oontextu
679 1298 837 1354 testamenti
854 1299 943 1368 possit
960 1314 1100 1369 apparere.

143 1387 181 1446 76
250 1388 328 1444 lours
344 1386 414 1444 libro
432 1387 553 1442 seeundo
571 1386 607 1442 ad
625 1385 753 1442 edietum.
781 1386 889 1442 chartis
906 1387 1005 1456 legatis
1023 1401 1104 1460 nemo
1119 1386 1193 1444 dieat
1204 1387 1321 1458 seriptss
1333 1391 1362 1442 at
1372 1385 1456 1444 libros
1473 1379 1634 1470 &affl
1651 1392 1742 1448 Ξ

198 1477 252 1533 laur
271 1475 359 1534 laetos
376 1476 468 1546 legato
486 1474 592 1531 eadere.
618 1475 671 1530 boo
688 1474 761 1530 idem
779 1481 808 1532 et
825 1476 854 1532 in
871 1474 973 1532 tabulis
990 1482 1041 1532 est.

143 1565 181 1624 77
250 1567 421 1623 inponentis
442 1563 512 1620 libro
529 1563 617 1634 primo
635 1579 670 1620 ex
688 1564 803 1622 Plautio.
839 1565 908 1622 Gom
926 1566 955 1620 in
972 1564 1164 1622 substitutione
1181 1565 1274 1635 legata
1290 1569 1458 1636 repetuntur,
1476 1559 1635 1649 Q
1651 1572 1742 1626 Ξ

198 1653 340 1710 libertates
358 1653 441 1710 etiam
460 1654 641 1710 eontinentur.
1652 1668 1745 1708 με

143 1742 181 1801 78
251 1745 371 1800 Faunus
392 1742 462 1799 libro
484 1741 604 1798 seeundo
627 1741 664 1798 ad
682 1741 830 1798 Uitellium.
866 1741 1038 1812 Quaelsitum
1061 1746 1106 1798 est
1121 1736 1634 1826 mss—4
1649 1749 1744 1804 Ε
1760 1741 1796 1794 2⁴¹

199 1831 321 1890 Stiohum
346 1847 457 1889 seruum
477 1846 512 1886 ex
530 1846 563 1886 eo
581 1829 666 1886 lunda
685 1836 748 1886 ants
767 1847 868 1888 annum
888 1832 983 1888 mortis
999 1832 1139 1888 unumne
1157 1819 1354 1888 abdo-admei
1371 1832 1531 1902 diseiplinae
1548 1832 1633 1888 tradi·

199 1925 266 1992 tum,
284 1926 382 1992 postea
398 1920 427 1976 in
445 1935 508 1976 eum
525 1918 640 1976 fundum
658 1935 714 1976 non
731 1935 872 1976 reuersum
891 1937 927 1978 an
944 1919 1098 1976 deberetur.
1126 1935 1287 1990 responsum
1301 1925 1352 1990 est,
1370 1921 1394 1977 si
1407 1921 1537 1978 studendi
1549 1937 1633 1978 musa

167 2019 179 2064 1
199 2010 347 2080 mississet,
365 2025 420 2066 non
438 2023 493 2079 quo
510 2008 546 2064 de
563 2007 649 2065 fundo
667 2025 730 2064 eum
748 2009 877 2066 aliorsum
895 2008 1066 2080 transferret,
1085 2009 1205 2066 dalaia
1234 2009 1331 2064 ‘llaeui
1347 2007 1399 2079 fili,
1417 2010 1492 2080 quod
1510 2006 1632 2095 Q

200 2099 262 2154 'iam
279 2099 330 2154 tibi
348 2099 494 2154 maximam
512 2103 619 2169 partem
637 2097 807 2154 iaeultstium
826 2099 961 2170 dederim,
985 2104 1130 2156 contentus
1148 2113 1210 2154 esse
1228 2098 1314 2154 debes
1331 2097 1417 2154 fundo
1435 2097 1633 2171 Semproniano
1649 2102 1751 2147 =⁰

200 2187 269 2246 ‘oum
292 2187 350 2244 suis
373 2186 600 2258 inhabitantibus,
625 2188 654 2244 id
671 2192 715 2244 est
732 2185 847 2259 ramula,
872 2193 988 2258 atquae
1006 2187 1044 2244 ibi
1062 2187 1157 2244 erunt’.
1189 2189 1344 2259 quaesitum
1362 2193 1406 2244 est
1422 2187 1458 2246 de
1475 2189 1632 2246 nomiarirus

200 2275 353 2334 debitorum
376 2281 405 2332 et
427 2277 554 2332 nummis.
587 2277 683 2334 omem
708 2278 853 2348 epistulam
875 2278 959 2333 talem
982 2277 1086 2334 emisit:
1106 2277 1257 2347 'argentum
1280 2282 1410 2334 ornneet
1426 2279 1631 2350 supelleetilem,

198 2365 397 2436 'quodcumque
419 2363 521 2435 habeo,
543 2364 595 2422 tibi
617 2365 689 2422 dono
714 2370 743 2422 et
765 2366 897 2436 quidquid
918 2367 947 2421 iu
964 2366 1076 2436 praedio
1094 2365 1291 2437 Semproniano
1308 2365 1413 2424 habeo'.
1445 2383 1481 2424 au
1499 2369 1631 2439 supellex,

199 2455 317 2526 quaein
335 2455 395 2510 aliis
412 2455 532 2524 praediis
551 2455 595 2512 uel
613 2454 740 2512 domibus
758 2461 840 2526 esset,
858 2456 894 2510 ad
911 2455 1047 2510 Maeuium
1065 2455 1233 2525 pertineret?
1259 2461 1289 2512 et
1305 2472 1341 2512 an
1359 2457 1442 2527 serui,
1458 2473 1528 2528 quos
1546 2473 1582 2516 ex
1598 2473 1631 2514 eo

199 2543 285 2600 tundo
309 2543 369 2599 aliis
390 2543 514 2614 legauit?
545 2559 706 2614 responsum
728 2550 772 2600 est
788 2545 899 2600 nomina
916 2549 945 2600 et
962 2560 1087 2600 nummos
1105 2560 1161 2602 non
1178 2546 1267 2602 uideri
1284 2545 1392 2616 deberi,
1416 2545 1470 2602 nisi
1487 2545 1632 2604 manifeste
1648 2541 1747 2594 Εὖ

200 2633 235 2690 de
258 2633 301 2690 his
324 2647 433 2703 quoque
455 2632 580 2703 legendis
602 2634 730 2688 uoluntas
753 2631 899 2688 deiunctae
922 2632 1128 2703 adprobaretur.
1164 2651 1259 2692 seruos
1282 2650 1316 2690 ex
1338 2635 1426 2690 isdem
1443 2633 1554 2692 fundis·
1572 2636 1631 2692 aliis

129 2745 134 2753 ·
200 2722 280 2778 datos
298 2721 464 2778 deminuisse
481 2720 528 2776 lilii
545 2722 677 2793 legatum.
703 2722 738 2778 de
756 2726 870 2793 argento
888 2725 917 2777 et
935 2723 1115 2794 suppelleotili
1132 2739 1203 2794 quse
1221 2723 1286 2780 aiibi
1303 2729 1378 2780 esset
1390 2739 1453 2780 eum
1465 2725 1544 2780 euius
1556 2725 1630 2781 notio

166 2820 182 2866 a
200 2815 243 2868 est
260 2811 480 2880 aestimatorum,
498 2814 531 2865 ut
546 2810 576 2866 id
594 2812 726 2882 optineat,
744 2811 819 2881 quod
836 2811 961 2868 tesmtori
978 2812 1114 2882 plaeuisse
1132 2829 1150 2868 a
1166 2813 1299 2883 legatario
1316 2811 1521 2884 adprobabitur.
1551 2815 1631 2869 Prae·

199 2900 246 2955 dia
262 2899 374 2970 quidam
391 2899 501 2969 reliquit
518 2899 633 2956 adiectis
651 2899 756 2956 uerbis:
776 2900 824 2956 ‘uti
841 2915 859 2954 a
876 2915 920 2955 me
938 2915 1068 2970 possessa
1084 2907 1149 2958 sunt
1163 2907 1192 2958 et
1204 2917 1349 2974 quaerum·
1366 2899 1461 2984 sesan.
1469 2914 1485 2962 1.
1494 2916 1524 2962 ae
1536 2913 1630 2973 §aha

200 2989 261 3060 'que
278 2988 317 3044 ibi
334 2993 414 3044 erunt
432 3004 494 3044 oum
512 2987 634 3044 moriar':
652 2989 805 3060 quaesitum
823 2993 867 3044 est
878 2987 914 3044 de
925 2990 1076 3060 mancipiis,
1094 3007 1166 3061 quae
1178 2993 1206 3046 in
1218 2991 1261 3046 his
1272 2991 1391 3062 praediis
1403 2995 1510 3047 monta
1520 2989 1632 3048 fuerunt
1647 2978 1743 3040 θ’

199 3079 244 3134 uel
261 3077 351 3148 operis
368 3077 463 3134 rustiei
481 3091 566 3132 eausa
583 3077 628 3132 uel
642 3077 753 3132 alienus
764 3075 855 3149 offleii,
874 3079 1026 3148 eetedsque
1038 3079 1128 3150 rebus,
1147 3095 1218 3150 quse
1230 3079 1268 3136 ibi
1279 3078 1390 3136 fuerunt
1401 3081 1429 3136 in
1442 3081 1515 3136 diem
1527 3081 1631 3152 mortis,

199 3183 235 3224 an
258 3167 295 3222 ad
314 3167 475 3236 legatarium
493 3166 670 3237 pertinerent.
702 3167 844 3238 respondit
861 3183 895 3224 ea
912 3169 1016 3239 omnis,
1041 3168 1077 3226 de
1094 3168 1194 3239 quibus
1211 3173 1400 3240 quaereretur,
1424 3170 1518 3240 legata
1535 3170 1630 3226 uideri.

166 3265 180 3310 3
200 3257 283 3327 Peto,
295 3261 326 3312 ut
339 3255 452 3312 fundum
464 3271 555 3312 meum
568 3256 783 3328 Campanianum
796 3256 930 3314 Genesise
943 3259 1068 3314 alumnae
1080 3273 1158 3314 meae
1170 3258 1332 3316 adseribatis
1350 3253 1632 3343 [εἶιῖιι-οι-ςῖῑίἶ

198 3345 385 3402 'ducentorum
403 3359 547 3400 aureorum
565 3346 605 3402 ita
622 3346 662 3402 uti
680 3345 740 3402 est'.
769 3347 923 3416 quaeritur,
941 3363 977 3402 au
994 3345 1080 3404 fundo
1097 3352 1126 3404 et
1142 3347 1247 3416 reliqua
1263 3349 1421 3404 colonorum
1439 3351 1469 3404 et
1486 3349 1631 3418 maueipia,

198 3435 222 3491 si
239 3451 295 3506 qua
311 3434 407 3490 mortis
424 3439 546 3504 tempore
565 3435 593 3490 in
610 3449 644 3490 eo
662 3432 776 3506 suerint,
800 3433 960 3490 debeantur.
992 3435 1133 3506 respondit
1149 3435 1255 3507 reliqua
1271 3437 1382 3508 quidem
1400 3437 1559 3494 oolonorum
1577 3451 1632 3492 non
1649 3446 1670 3486 t
1686 3419 1747 3470 θ

165 3525 303 3595 alegate:
322 3527 415 3580 semro
432 3537 498 3578 uero
515 3522 603 3578 uideri
621 3523 672 3578 illis
690 3523 782 3579 uerbis
801 3523 847 3578 'ita
864 3524 905 3578 uti
922 3522 972 3580 est'
990 3523 1064 3580 data
1091 3525 1163 3580 lllud
1180 3523 1297 3581 fortasse
1315 3526 1491 3596 quaesiturus
1509 3519 1631 3610 Q

198 3615 235 3670 sit
252 3613 365 3684 aliquis,
383 3627 432 3668 our
449 3612 556 3680 argenti
573 3612 755 3684 appellatione
773 3613 855 3668 etiam
873 3611 976 3668 fautum
994 3619 1137 3684 agonum
1156 3615 1409 3686 eomprshsudetur,
1427 3631 1499 3685 eum,
1518 3616 1543 3670 si
1561 3631 1631 3670 mar·

198 3717 258 3758 mor
274 3703 395 3774 legatum
413 3704 495 3770 esset,
514 3699 579 3756 nihii
597 3707 706 3771 praeter
723 3700 818 3757 rudem
836 3703 978 3758 materiam
997 3703 1213 3760 demonstratum
1230 3704 1319 3760 uideri
1336 3713 1437 3776 posset.
1464 3705 1544 3762 euius
1562 3703 1632 3760 mee

197 3791 268 3847 rstlo
285 3789 408 3860 traditur,
426 3789 528 3861 quippe
545 3804 586 3862 ea,
605 3805 676 3860 quae
693 3791 757 3846 talis
774 3777 889 3847 naturae
907 3791 969 3861 sint,
988 3797 1021 3848 nt
1038 3793 1148 3863 saepius
1166 3793 1194 3849 in
1212 3809 1264 3849 sua
1274 3793 1363 3865 redigi
1373 3793 1480 3865 possint
1491 3794 1580 3864 initia,
1598 3808 1632 3850 es

200 4041 208 4074 ¹
228 4053 338 4094 suorum
356 4039 431 4104 (liei.
444 4037 618 4110 septennali
680 4039 691 4072 ²
710 4037 873 4110 'Pamphilae
890 4037 1005 4095 libertae
1023 4055 1100 4096 meae
1118 4040 1178 4096 dari
1195 4041 1257 4096 uolo
1276 4038 1390 4096 fundum
1409 4041 1548 4098 Titianum
1567 4058 1631 4098 eum

199 4107 386 4166 'instrumento
404 4115 432 4165 et
449 4109 491 4166 his
510 4125 580 4180 quae
598 4111 627 4166 in
645 4107 741 4164 eodem
760 4115 848 4182 erunt,
867 4127 928 4166 oum
942 4109 1056 4168 moriar'.
1084 4113 1237 4182 quaesitum
1250 4117 1301 4182 est,
1319 4113 1343 4168 si
1356 4111 1465 4169 Stichus
1480 4125 1578 4170 seruus

198 4179 333 4237 abductus
346 4187 374 4236 et
385 4181 414 4238 iu
426 4181 595 4252 disciplinam
607 4181 725 4238 traditus
736 4187 833 4251 postea
894 4197 949 4239 nou
960 4199 1087 4240 reuersus
1100 4183 1144 4254 sit,
1157 4201 1192 4240 an
1204 4183 1345 4240 debeatur.
1369 4184 1512 4256 respondit
1575 4201 1630 4242 non

198 4267 252 4324 quo
270 4269 288 4308 a
305 4251 390 4308 tundo
471 4251 618 4310 transferat
635 4251 730 4308 deberi
748 4253 956 4311 dessartinis:
977 4257 1043 4310 ande
1060 4256 1123 4312 boec
1141 4257 1272 4328 desumpto
1290 4253 1343 4312 eoas
1361 4257 1425 4312 inde·
1436 4265 1544 4320 constat,
1581 4257 1632 4312 uod

198 4325 278 4379 Pauli
294 4324 542 4380 adUr'teiliumlibri
559 4331 679 4398 quattuor
696 4343 726 4379 es
742 4333 817 4396 porte
834 4345 928 4398 mapsa
945 4329 1076 4398 compilati
1092 4333 1265 4382 eustratium
1300 4330 1392 4382 bassi
1489 4335 1537 4384 'ea
1571 4348 1629 4385 aar·

198 4398 271 4450 uoiae
287 4403 417 4468 responsis
434 4415 485 4450 aaa
502 4399 630 4468 alloquiis,
653 4396 700 4450 sed
720 4398 808 4450 raiatia
830 4403 937 4469 intepris
960 4397 1007 4470 (es.
1020 4398 1034 4470 5
1047 4397 1072 4452 2.
1084 4397 1109 4463 3,
1128 4404 1187 4454 itam
1203 4399 1229 4464 7,
1241 4399 1266 4463 1,
1315 4399 1382 4465 .28,
1410 4399 1630 4466 ,19.33,4,16.

197 4466 332 4532 33,7,13.
349 4466 392 4532 34,
404 4467 430 4532 2,
441 4466 489 4536 32)
559 4467 572 4504 ⁸
589 4481 685 4523 seruos
703 4465 826 4522 eiusdem
843 4466 940 4524 fundi?

198 4604 370 4662 luideatur
377 4605 414 4660 pr
449 4605 574 4676 blo‘q'oo
582 4607 619 4661 pr
635 4609 640 4676 Ι
655 4607 838 4678 quam1quem
848 4607 884 4662 F¹
938 4611 972 4666 29
985 4609 1109 4679 adiectis]
1122 4609 1237 4666 adieetis
1249 4607 1293 4667 his
1303 4612 1341 4666 Fi
1354 4612 1362 4680 i
1376 4611 1630 4682 qnuemmqueF’

198 4677 289 4732 iinon
306 4697 354 4732 am.
368 4675 422 4732 W!
462 4679 680 4734 summissu
724 4681 757 4736 11
775 4685 885 4736 euntes·
937 4683 971 4737 31
995 4681 1182 4752 reaesquaa
1200 4683 1239 4738 F’
1291 4684 1327 4739 33
1345 4683 1573 4753 campanianum
1590 4683 1630 4737 F¹

197 4747 312 4803 t'o'uP
327 4749 332 4818 Ι
348 4749 502 4820 possirr’
548 4749 885 4822 ltrouptm1F1,snrip·
937 4751 1085 4808 abfuerint
1097 4755 1134 4808 F²
1146 4774 1203 4808 cum
1213 4756 1229 4808 1.
1239 4775 1314 4826 pam„
1326 4753 1484 4810 lueruntF¹
1519 4755 1555 4810 36
1568 4769 1628 4826 uer·

197 4819 323 4874 uraris
368 4821 402 4875 13
420 4818 617 4876 laot‘am'osF‘
665 4825 699 4879 14
711 4822 823 4893 plautio]
838 4823 885 4878 sti·
937 4821 979 4878 hit
989 4825 1023 4878 3·
1039 4827 1044 4892 l
1059 4825 1249 4894 quaesiturus
1259 4825 1297 4880 F⁸
1331 4827 1367 4882 38
1376 4824 1506 4896 ‘p'rudem
1515 4825 1551 4880 F‘
1567 4829 1573 4893 l
1589 4827 1628 4882 ui·

197 4889 301 4960 puletio
310 4891 346 4945 3·
361 4892 366 4958 Ι
381 4891 554 4948 substutione
563 4893 590 4946 F
620 4894 653 4950 17
663 4894 839 4965 disniplinre
848 4895 885 4946 F²
937 4895 1042 4952 deri...
1055 4897 1089 4951 39
1101 4896 1202 4967 quippe
1213 4913 1248 4952 ea
1259 4916 1308 4952 aar.
1317 4898 1354 4952 pr
1370 4899 1375 4966 Ι
1390 4897 1492 4968 possm]
1506 4896 1628 4962 WEGK,

199 4961 233 5018 13
245 4961 395 5018 mis'isset
405 4963 443 5016 F²
486 4965 521 5018 20
534 4964 774 5036 oonte'ss'ntusi'l
790 4963 885 5068 debes]
937 4967 1026 5038 possit
1043 4967 1065 5034 Ι,
1082 4983 1164 5039 posse
1183 4969 1231 5022 37)

198 5031 275 5090 deles
287 5033 323 5088 Fi
364 5033 400 5090 25
417 5032 576 5092 n'o'ummes
587 5037 623 5092 pr
638 5041 644 5110 Ι
660 5034 836 5097 muniiest'a'e
849 5035 875 5089 F
