3504 5452
28 291 139 352 um
155 289 293 338 strennue
316 289 462 339 cunnurs
728 269 813 348 147
1160 271 1308 340 XXllllll
1332 275 1346 338 1
1372 279 1486 336 18-21

35 429 156 516 'uolut
168 433 229 498 peto
247 427 282 482 eb
300 427 353 497 his,
372 429 412 484 nti
430 429 536 486 tertium
555 433 661 499 purtem
674 430 788 486 Petinee
803 428 874 486 tilius
887 445 965 486 meae
977 429 1112 488 reddent:
1132 429 1259 488 secundis
1278 433 1369 486 autern
1388 427 1487 484 tabulis

41 521 143 585 emta
156 517 272 587 pupillari
290 515 486 574 substitutione
503 517 691 588 impuberibus
707 517 825 589 libertis,
849 519 948 590 quibus
966 519 1159 590 aparentibus
1182 518 1322 576 libertates
1339 517 1429 587 dedit,
1453 531 1487 574 ιο

48 606 177 678 emplius
188 607 299 661 alterum
313 611 429 676 tantum,
447 613 578 677 qneutnnn
590 607 619 663 iu
637 623 748 664 nummo
764 612 889 679 preeter¹
903 605 1005 664 cibaria
1022 613 1051 664 et
1067 609 1197 666 uestimis
1212 608 1272 664 dari
1282 607 1378 664 uoluit
1404 621 1487 677 qnae·

54 703 150 759 sitnm
163 699 213 764 est,
236 711 299 749 eum
319 696 517 764 superuixisset
533 695 590 752 tilia
607 701 773 754 testamento
791 701 887 768 eperto
905 701 934 752 et
951 697 1095 768 codicillis,
1115 701 1213 768 postea
1230 702 1322 754 sutem
1340 696 1487 752 decesserit

61 795 95 846 ιι
116 783 342 840 fideicommissum
360 783 454 840 dutum
472 785 498 840 ei
516 784 551 840 de
569 786 739 842 restituenda
756 791 834 856 purte
852 787 934 842 tertia
952 785 987 840 sd
1005 785 1119 844 heredes
1143 801 1208 842 snos
1225 786 1426 855 transmiserat,
1451 801 1486 840 ιι
1505 795 1519 837 s

68 877 150 934 eriam
163 872 319 928 etheriornm
337 877 367 927 et
383 873 572 929 usstiuriornm
590 875 687 930 tertiae
705 881 798 945 partes
816 875 842 932 ei
853 891 903 946 per
915 874 1153 932 fideicommissum
1166 875 1248 932 datae
1260 889 1322 932 ease
1333 873 1485 930 uideantur.

53 961 197 1033 prospondit
212 977 265 1017 nun
284 961 381 1017 uideri.
416 961 493 1018 Idem
510 963 637 1034 quaesiit,
655 980 691 1019 au
709 979 811 1034 eornm,
832 980 904 1034 quse
921 963 1053 1020 codicillis
1069 979 1118 1036 per
1135 963 1374 1022 fideicommissum
1392 964 1487 1020 relletu

80 1057 147 1121 aunt,
161 1051 250 1106 tertiae
267 1057 362 1121 partes
378 1050 415 1106 ud
431 1049 514 1107 tiliam
533 1053 670 1122 pertinere
688 1053 828 1110 deberent
856 1053 998 1122 respondit
1015 1069 1069 1110 non
1087 1052 1189 1110 deberi.
1217 1053 1289 1109 idern
1307 1052 1432 1122 quaesiit,
1450 1069 1485 1108 an

86 1143 175 1196 slteun
190 1145 294 1196 unbem
312 1157 330 1195 ι
346 1140 541 1196 substitutione
564 1142 685 1211 legatum
710 1141 830 1198 deducta
851 1142 932 1198 tertis
953 1147 1032 1212 parte
1055 1143 1216 1212 quantitatis
1232 1143 1384 1212 legatorum
1401 1145 1485 1198 testa·

90 1236 158 1285 mento
171 1230 289 1286 detornm
309 1230 460 1300 computari
479 1228 587 1298 debeat,
606 1234 638 1285 ut
654 1230 725 1286 dnae
738 1236 830 1301 partes
842 1230 1002 1300 quantitatis
1017 1229 1176 1302 debeantur,
1194 1230 1320 1302 praeter¹
1337 1229 1484 1300 codicillos,
1504 1241 1532 1292 ro

93 1318 164 1387 quitus
177 1321 279 1374 terdeni
298 1326 404 1389 purtem
423 1319 570 1375 codicillis⁸
587 1319 740 1389 legatorum
759 1318 794 1374 sd
811 1317 894 1376 tilium
914 1335 992 1376 suam
1011 1320 1147 1389 pertinere
1165 1320 1260 1376 uoluit
1287 1319 1429 1388 respondit
1445 1319 1484 1376 ln-

76 1411 170 1476 ttegrnn
184 1421 214 1463 ιι
230 1408 332 1464 tubulis
350 1407 552 1464 substitutionis
570 1406 672 1462 deberi.
709 1407 819 1464 (libaria
842 1413 871 1466 et
894 1408 1023 1466 nestiarie
1046 1423 1095 1479 per
1112 1407 1351 1466 fideicommissum
1370 1407 1485 1464 dederet

97 1496 154 1550 etita
167 1497 306 1552 edisceret:
325 1497 402 1568 ‘quos
424 1497 537 1553 libertos
560 1511 650 1566 meos,
673 1495 721 1551 nbi
745 1511 844 1566 corpus
868 1513 959 1554 meum
983 1497 1102 1568 positum
1125 1495 1220 1568 inerit,
1242 1496 1280 1554 ihi
1303 1497 1369 1554 eos*
1386 1497 1485 1554 morari

98 1582 167 1654 iubeo,
185 1593 213 1641 nt
230 1601 280 1656 per
305 1585 457 1642 absentiam
481 1584 596 1642 tiliarum
620 1599 741 1640 mserum
760 1585 797 1642 ad
814 1585 986 1657 sercuiugum
1008 1601 1098 1644 meum
1117 1585 1276 1643 memorien
1299 1601 1389 1642 meam
1406 1589 1484 1656 qnot-

99 1671 157 1728 ἰιι
169 1675 311 1732 celebreut'.
339 1675 493 1746 quaesitum
512 1679 564 1746 est,
581 1675 630 1730 uni
647 1689 682 1730 ex
699 1673 812 1745 libertis,
831 1675 878 1746 qui
895 1691 913 1730 a
931 1675 975 1732 die
993 1677 1088 1732 mortis
1106 1690 1195 1746 neque
1213 1673 1248 1732 ed
1265 1673 1381 1732 heredes
1392 1689 1484 1732 senes·
1503 1686 1531 1728 ιι

100 1761 143 1815 seit
157 1777 230 1832 neque
250 1765 288 1821 ad
311 1763 483 1835 sepulchrum
507 1765 607 1820 morari
631 1763 761 1834 uoluerit,
785 1779 821 1820 an
844 1763 973 1820 elimenta
995 1765 1160 1836 prseatenda
1182 1764 1245 1820 sint.
1272 1763 1413 1834 respondit
1429 1779 1483 1820 non

99 1852 226 1916 metenda

63 1937 88 1993 ll
133 1938 190 1995 lonis
209 1941 276 1998 lrbro
303 1941 435 1997 uicesimo
462 1941 583 1998 secundo
610 1941 788 2012 digestorum.
828 1941 1007 1998 Testamenta
1030 1943 1070 1998 ita
1092 1945 1202 1998 cautum
1226 1939 1291 1998 fuit:
1310 1935 1483 2026 Q
1510 1947 1537 2003 A

101 2023 175 2084 theris
189 2031 250 2086 meis
267 2029 372 2086 cibaria
389 2045 515 2101 quseqne
533 2031 587 2086 alin
603 2029 778 2102 praestabam
797 2029 832 2086 ab
849 2030 996 2088 heredibus
1014 2033 1083 2088 meis
1102 2031 1235 2104 praestari
1251 2029 1336 2088 nolo':
1358 2045 1430 2086 unus
1447 2045 1483 2088 ex

100 2109 170 2171 ben
183 2133 211 2173 ex
226 2120 368 2175 uoluntate
386 2121 494 2190 patroni
512 2121 617 2190 negotii
634 2121 677 2176 sui
695 2120 784 2190 gratia
801 2119 980 2191 quadriennio
998 2119 1151 2176 antediem
1170 2121 1265 2176 mortis
1278 2119 1360 2176 eluit:
1379 2135 1414 2176 ex
1430 2118 1483 2174 hac
1501 2127 1530 2168 ²⁰

100 2215 158 2258 enas
168 2207 264 2278 dbsria,
283 2222 355 2278 ques
372 2213 437 2264 ente
454 2213 606 2279 acceperet,
624 2209 720 2266 mortis
738 2214 861 2280 ternpore
878 2225 933 2266 non
951 2207 1071 2280 accepit:
1089 2209 1133 2266 cul
1147 2207 1158 2280 l
1171 2215 1263 2266 temen
1276 2208 1374 2266 liberto
1386 2207 1482 2265 eodem
1500 2211 1516 2260 t.
1527 2213 1557 2261 ee

99 2297 219 2352 menenio
235 2303 380 2368 petronus,
403 2298 475 2353 sicut
497 2305 526 2354 et
548 2299 622 2367 aliis,
646 2312 716 2368 quoe
739 2298 820 2353 uinus
842 2298 1050 2368 menumiserat‚
1073 2300 1193 2370 legatum
1216 2299 1337 2370 quinque
1359 2297 1482 2354 dederat

98 2383 209 2448 lamium
226 2392 276 2458 cat,
295 2403 330 2442 un
348 2387 394 2442 isti
411 2401 519 2458 quoqne
532 2385 635 2442 eibariu
646 2391 675 2442 et
686 2387 797 2457 relique,
815 2402 886 2457 qnee
899 2387 997 2442 ceteris
1008 2385 1113 2444 libertis
1126 2388 1220 2458 legata
1231 2393 1303 2458 sunt,
1322 2385 1481 2444 debeantur.

99 2471 208 2538 repondit:
225 2489 273 2530 cur
290 2475 364 2531 non?
1501 2483 1531 2525 ¹⁴

60 2555 87 2612 to
134 2558 190 2617 lona
207 2563 273 2619 libro
296 2564 378 2620 tertio
399 2579 600 2634 responsorum.
638 2563 755 2620 ‘Stichus
778 2565 891 2619 nutricis
914 2579 992 2620 meae
1015 2579 1101 2636 nepos
1125 2563 1193 2621 liber
1215 2569 1290 2621 este:
1309 2559 1482 2648 [ej-effi]
1500 2567 1543 2620 'P

98 2641 133 2699 'tui
145 2647 218 2707 decem
236 2665 335 2708 eureos
353 2667 459 2708 annuos
477 2651 535 2708 dari
554 2651 633 2709 uolo'.
660 2655 723 2724 qui⁸
736 2653 836 2709 deinde
853 2653 1020 2724 interpositis
1038 2653 1193 2710 uomlnibus
1205 2653 1292 2710 eidem
1306 2651 1399 2709 Sticho
1413 2639 1481 2710 ff

97 2733 221 2798 thulen
239 2742 298 2797 eius
316 2746 345 2796 et
361 2739 461 2797 liberos
478 2741 582 2812 legeuit
599 2741 703 2813 hisque,
722 2757 793 2813 qune
811 2743 892 2798 uiuus
904 2743 1076 2814 praestabat:
1096 2743 1195 2799 deinde
1207 2741 1260 2798 elio
1273 2742 1363 2813 sepite
1376 2740 1481 2798 libertis

97 2825 186 2884 onnbus
200 2845 267 2900 quac
284 2831 368 2886 uiuus
385 2827 543 2901 praestabat
560 2829 619 2886 dari
636 2832 724 2887 iussit.
752 2845 867 2902 quaero,
892 2847 926 2886 au
946 2831 1056 2888 Stichus
1078 2837 1186 2903 praeter
1209 2847 1289 2888 suum
1313 2831 1433 2902 legatum
1452 2835 1481 2887 et

75 2909 187 2972 reluere
203 2920 344 2990 percipere
365 2920 461 2990 possit.
488 2919 630 2990 respondit
651 2919 800 2976 secundum
826 2937 860 2976 ιι
882 2935 953 2991 quac
976 2927 1190 2992 proponerentur
1212 2935 1267 2977 non
1285 2935 1375 2992 passe.
1411 2921 1480 2976 Item

96 3011 139 3054 lum
152 3005 261 3064 tinente
277 3007 383 3063 libertis
400 3007 542 3078 utriusque
560 3023 643 3064 sexus
661 3011 801 3081 reliquerit
818 3025 836 3064 a
852 3025 881 3066 re
900 3009 1010 3082 publice
1027 3015 1056 3067 et
1073 3026 1107 3067 ex
1125 3009 1257 3081 praediis,
1275 3023 1346 3081 queo
1364 3009 1389 3065 ei
1407 3009 1481 3080 legn-
1499 3019 1529 3061 eo

97 3087 129 3156 lii
141 3091 184 3150 deri
197 3098 336 3167 noluisset,
354 3111 464 3169 quaere,
484 3095 569 3153 Stichi
587 3097 774 3154 contubernali
792 3103 820 3154 et
836 3099 929 3155 liberis
947 3103 1037 3155 utrum
1057 3099 1092 3156 ab
1110 3099 1210 3156 herede
1227 3099 1352 3155 instituto
1370 3115 1435 3154 ane
1451 3113 1481 3154 re

96 3175 264 3243 reticueris
281 3191 310 3241 et
327 3185 470 3256 nestieria,
489 3201 560 3256 quac
578 3187 659 3242 ninus
677 3187 769 3258 debat,
787 3189 921 3259 praester-l
939 3187 1079 3244 deberent.
1105 3188 1246 3260 respoudit
1262 3203 1344 3259 posse
1362 3187 1482 3258 benigne

74 3265 202 3330 suerrum
224 3275 446 3347 interpretatione
470 3275 523 3331 dici
545 3275 588 3332 bis
610 3291 719 3347 quoque
742 3291 807 3332 ιιι
824 3277 934 3348 publice
953 3277 1126 3349 praestanda.
1163 3277 1237 3333 titia
1259 3293 1338 3333 nsum
1361 3275 1480 3332 tractum

96 3347 147 3412 tundi
159 3361 247 3434 legeuit
264 3365 373 3421 liuenio
396 3365 509 3434 eiusque
532 3363 597 3421 fidei
620 3365 767 3436 commisit,
791 3371 823 3422 ut
846 3381 880 3422 ex
904 3365 994 3422 reditu
1012 3363 1088 3422 fundi
1105 3369 1258 3436 pruesteret
1275 3365 1434 3436 Pamphiles
1451 3369 1481 3421 st

95 3437 159 3504 Mo
171 3469 266 3510 munos
284 3458 416 3510 centenos
433 3469 559 3511 nummos
577 3455 668 3525 quoad
686 3456 795 3511 uiuent:
820 3469 935 3526 queero,
953 3471 989 3511 en
1007 3459 1114 3512 mortuo
1130 3455 1237 3510 Maeuio
1255 3455 1334 3510 berea
1352 3455 1481 3510 elimenta
1498 3465 1526 3507 st

95 3526 169 3594 debet.
190 3545 326 3615 respondit
344 3543 409 3598 nihil
428 3543 550 3614 proponi,
570 3559 618 3598 cnr
636 3543 753 3599 debeant
770 3543 902 3615 praestari
921 3543 956 3600 ab
975 3543 1074 3600 herede
1086 3544 1189 3600 Titiee:
1208 3543 1257 3599 scd
1269 3542 1367 3599 neceb
1379 3543 1479 3599 herede

93 3615 190 3700 llllbn'i,
211 3633 262 3689 uisi
280 3633 309 3689 id
327 3637 444 3688 testatur
461 3631 605 3688 manifeste
623 3631 753 3703 probetur
776 3633 896 3690 noluisse
914 3633 996 3689 etiam
1014 3632 1091 3690 finite
1108 3649 1160 3690 usu
1178 3631 1268 3688 fructu
1285 3633 1431 3703 praesteri,
1455 3633 1479 3688 si

74 3709 148 3768 turdo
161 3718 193 3790 id,
215 3721 289 3792 qued
311 3737 346 3776 ex
363 3737 416 3777 ιιι
434 3720 525 3778 fruma
548 3729 688 3793 receptum
711 3728 798 3792 esset,
821 3724 847 3778 ei
870 3723 910 3777 rei
931 3722 1113 3792 praestendue
1136 3719 1282 3778 sufficeret.
1318 3719 1406 3776 ldater
1422 3719 1478 3777 tilio

93 3790 161 3858 hdede
177 3807 297 3866 instituto
320 3824 369 3880 per
390 3807 630 3867 fideicommissum
652 3811 806 3868 libertatem
824 3811 965 3882 Pamphilo
988 3826 1068 3867 seruo
1091 3809 1176 3866 dedit:
1203 3809 1291 3866 eidem
1316 3809 1478 3866 cibariorum

94 3889 168 3947 tibine
180 3897 278 3968 legeuit
295 3899 393 3968 quinos
410 3913 509 3955 eureos
527 3905 556 3954 et
573 3901 694 3956 uestiarli
713 3902 740 3956 iu
759 3901 880 3972 singulos
899 3913 985 3956 annos
1003 3899 1217 3970 quinquagenos,
1236 3899 1260 3954 si
1272 3913 1333 3954 curn
1346 3897 1401 3955 filio
1419 3899 1478 3955 cius
1496 3909 1525 3950 so

93 3983 186 4124 mbr:
208 4001 322 4058 qneero,
340 3985 396 4043 filio
414 3986 543 4044 defuncto
567 4003 602 4044 an
626 3988 755 4044 elimenta
773 3987 916 4044 debentur.
944 3989 1096 4061 respondit.
1121 3989 1144 4044 si
1162 3987 1315 4044 condicioni
1332 3987 1477 4066 paruisset,

2 4117 3 4134 ι
168 4080 191 4130 et
241 4081 268 4131 st
285 4079 411 4132 mortem.

2 4141 3 4166 ¹
57 4135 81 4196 ²¹
126 4091 250 4221 Ufflpgs
267 4165 337 4220 hbro
355 4165 475 4220 secundo
488 4163 767 4222 fideicommissorum.
795 4166 896 4223 Dieriis
908 4167 951 4223 nel
965 4166 1073 4223 cibariis
1085 4165 1186 4222 relictis
1197 4179 1286 4236 usqne
1305 4161 1478 4252 Q
1495 4169 1536 4225 'P

2 4279 3 4284 ι
92 4253 289 4340 linerolus)

92 4351 492 4384 *⁸*=———--..-----..—-

93 4397 209 4476 ιιιιιιι
272 4415 415 4484 *proper
432 4415 534 4482 <uere
597 4415 757 4472 ⁸sou0nrn
776 4419 823 4472 ee
840 4415 924 4484 (ιιι)
986 4418 1064 4472 4ιιι
1081 4417 1127 4471 ιιι
1189 4416 1274 4486 ‘quq
1292 4415 1477 4486 quemme?

91 4533 274 4670 {qucum
291 4559 424 4626 quantum
436 4557 465 4612 ι
476 4557 590 4628 sugam
602 4557 738 4614 sewun
789 4560 824 4614 ιι
841 4557 945 4614 essee
961 4557 999 4612 rr
1052 4559 1086 4614 ιι
1105 4557 1218 4628 *neem
1239 4559 1275 4614 rr
1296 4559 1301 4624 ι
1320 4557 1420 4614 uerene

111 4613 229 4708 013⁷,an
236 4627 435 4682 additamentam
446 4647 497 4682 non
505 4631 616 4699 eperunt
627 4627 735 4684 Graeci:
789 4631 824 4685 28
842 4627 1001 4700 praestabat
1018 4627 1056 4684 te
1075 4629 1110 4682 F¹
1169 4631 1204 4684 30
1226 4627 1289 4684 re'o’
1306 4628 1417 4700 publiea
1439 4627 1476 4683 F‘

90 4693 228 4768 'Mnesteus
245 4696 431 4768 ὶιιιιεγθὲροιι
449 4699 522 4753 εἶιοιι
541 4699 605 4753 itte
622 4701 735 4762 rocetta
788 4703 823 4756 33
840 4702 900 4756 *his
918 4701 970 4755 Ρ*
1014 4701 1049 4756 35
1067 4699 1157 4770 quood
1174 4700 1277 4769 uiuent]
1297 4699 1366 4766 Fer,
1384 4699 1476 4770 quoed

90 4753 172 4848 ΜΨ,
183 4765 226 4823 δα
237 4768 267 4824 ἐκ
280 4767 409 4839 dprrplorc
421 4768 576 4834 tensium
588 4772 667 4840 χωρἰι
678 4772 734 4825 τῶι
787 4773 894 4828 uiueret
911 4772 972 4836 Do,
992 4779 1039 4826 inc.
1053 4771 1093 4826 K:
1118 4781 1193 4844 qausi
1211 4779 1274 4828 assi
1291 4771 1382 4842 quoed
1399 4772 1477 4826 uiuet

180 4837 263 4900 ιῨιῶιι
282 4841 321 4894 sai
340 4839 459 4895 ἒιθιὶτωιι
476 4841 626 4913 Β(Τι’ριιι.)
641 4843 646 4908 Ι
662 4843 735 4898 ciue·
787 4851 917 4898 ommni
945 4843 1054 4899 Graeci:
1080 4843 1179 4898 tribnat
1209 4861 1236 4898 cs
1260 4844 1304 4908 (=
1327 4841 1475 4909 Maeuium)

127 4901 155 4954 F
197 4911 396 4968 heimriorum
420 4912 457 4966 Ι’Ἴ
517 4913 552 4968 12
574 4912 677 4968 cinaris
698 4912 735 4966 Ρ
788 4915 883 4986 Πὲιρῳ
901 4916 946 4980 (a
958 4914 1024 4970 Pam
1045 4912 1116 4970 hilae
1127 4919 1157 4971 et
1168 4913 1272 4980 Sticho)
1290 4912 1332 4976 ἐφ’
1351 4913 1414 4968 irena
1427 4911 1475 4984 unic

91 4963 279 5060 ¹³‚qusrl‘s'rt
325 4984 358 5038 15
376 4983 441 5038 ιιί·4
458 4983 498 5037 Ρ
543 4985 577 5038 16
595 4989 735 5052 praeaten·
788 4985 815 5039 B
832 4986 912 5056 (Ttp.)
965 4985 1001 5041 36
1018 4929 1160 5042 ‹fenestr
1204 4987 1239 5042 39
1256 4984 1418 5040 cibariorum
1436 4983 1473 5038 Ρ

89 5031 138 5100 ⁶⁸¹
157 5051 190 5104 Γ)
239 5055 272 5110 19
296 5055 399 5110 cineris
423 5053 459 5108 F¹
518 5056 552 5110 21
575 5055 678 5111 olearia
700 5055 734 5108 Ρ
787 5057 823 5112 43
841 5057 950 5114 uinariis
967 5057 1003 5110 1²¹

1204 5143 1262 5200 10*
