3518 5452
82 266 120 314 nu
143 269 229 316 none
248 267 464 317 oonuuurorsu
631 303 637 318 .
725 242 811 324 297
1199 248 1347 316 XXXVII
1367 249 1385 315 7
1407 253 1485 312 1-5

84 408 204 479 rescripsit
216 409 292 464 etiem
311 423 382 479 cem,
400 423 471 479 qnae
487 423 541 464 non
552 405 663 478 petierit
674 405 805 462 bonorum
819 407 1028 479 possessionem,
1046 409 1082 464 od
1100 409 1270 466 codutionem
1289 407 1361 464 dotis
1378 423 1428 478 per
1445 424 1486 464 er·

61 493 172 554 rbitrun
186 497 292 554 fruitiso
310 497 507 554 beroisoundne
524 512 606 568 posse
624 498 758 567 compelli.
795 493 870 552 Si'in
888 497 1047 568 stipulatum
1065 498 1183 554 deductu
1201 499 1237 553 sit
1254 497 1313 569 dos,
1334 499 1358 554 si
1376 499 1486 568 quidem

85 583 139 652 ibt!
161 589 237 644 nuber
259 588 391 657 stipulatu
413 588 449 643 sit
471 588 515 644 nel
538 587 590 656 ipsi
611 587 751 656 negotium
769 591 893 656 gestum,
917 601 1004 656 oeque
1023 585 1146 643 consone
1165 592 1291 657 cogetur:
1315 589 1339 642 si
1357 603 1423 643 uero
1441 588 1486 644 alii

84 678 189 745 quaesite
209 681 248 732 ert
271 677 426 746 stipulatio,
450 676 595 732 dicendum
620 680 663 730 eet
686 690 795 730 cessure
816 676 996 732 collationem.
1029 677 1081 732 etsi
1099 681 1205 732 tentum
1222 677 1356 748 promisse
1373 677 1411 732 eit
1427 677 1486 748 dos,

61 761 176 822 toberin
194 767 247 822 eins
270 764 326 820 fiet
364 765 393 820 Si
417 765 455 820 sit
477 781 563 836 nepos
585 770 614 820 et
630 765 720 834 neptis
739 779 774 819 cx
792 765 887 820 eodem
906 764 961 822 filio
980 771 1007 822 et
1025 766 1120 822 doute
1137 767 1173 820 sit
1190 767 1293 837 neptis,
1316 767 1353 822 sit
1370 771 1399 822 et
1415 765 1487 822 filins
1506 777 1519 818 o

84 865 128 908 uon
151 863 214 926 peter
230 871 337 912 eorum:
361 855 451 925 neptis
468 853 687 910 omnem‘dotcm
706 855 756 910 soii
774 853 850 910 iretri
868 855 1000 910 collaturus
1016 860 1067 912 eet.
1099 857 1271 926 emancipato
1288 861 1378 912 entem
1397 857 1487 926 neptis

60 938 162 1000 tdoteru
176 951 199 1000 et
215 945 286 1002 bonu
304 961 355 1000 sue
372 945 424 1000 soli
442 944 542 1014 nepoti,
561 959 615 999 non
633 945 716 1002 etiarn
733 949 831 1014 patruo
844 941 973 1000 conferet.
1001 943 1057 1000 Sed
1068 945 1092 1000 ei
1105 946 1141 1001 sit
1152 945 1241 1016 neptis
1253 947 1319 1016 soie,
1337 961 1392 1002 uon
1404 946 1487 1001 etium

59 1036 156 1100 crepon
170 1050 199 1089 ex
215 1033 319 1104 eodem,
338 1038 405 1089 tune
423 1032 561 1090 confertur
577 1038 676 1104 patruo
694 1034 815 1104 itemque
833 1034 927 1104 nepoti
944 1035 989 1090 uel
1007 1035 1097 1105 nepti¹
1117 1049 1152 1090 ex
1169 1035 1230 1092 elio.
1258 1034 1313 1091 Sed
1332 1039 1361 1091 et
1377 1035 1402 1090 si
1415 1035 1487 1092 douc

80 1125 164 1189 nepte
182 1124 234 1178 rint
250 1139 285 1178 ex
304 1123 421 1178 diuersis
438 1123 513 1193 filiis,
538 1120 677 1178 conserent
695 1128 723 1178 et
740 1123 857 1178 inuicem
876 1129 905 1180 et
921 1128 1034 1194 petrno,
1058 1124 1081 1180 si
1099 1139 1133 1180 ex
1151 1124 1248 1180 eodem
1266 1129 1357 1196 patre,
1380 1129 1487 1180 tuntum

55 1205 178 1268 tinuicen
194 1211 341 1270 conferent
370 1213 438 1270 Corn
457 1212 506 1268 dos
526 1211 672 1282 confertur,
691 1213 875 1282 impensurum
893 1213 1109 1269 neceeseriurum
1127 1211 1159 1268 tie
1176 1213 1317 1283 detractio,
1336 1219 1487 1270 oeternum
1507 1224 1535 1264 ro
1632 1233 1638 1244 ·

52 1299 64 1345 ⁶
74 1311 130 1354 uon.
159 1303 229 1368 Quod
247 1304 270 1358 si
288 1303 344 1358 ium
361 1301 464 1357 facturn
482 1301 629 1357 diuortium
647 1305 737 1356 estet
756 1301 869 1356 meritus
887 1318 941 1358 non
960 1303 996 1358 sit
1013 1303 1158 1374 soluendo,
1180 1317 1235 1359 non
1252 1301 1365 1359 debebit
1380 1305 1489 1373 integro

69 1383 115 1441 dos
135 1393 276 1462 conputeri
294 1392 408 1462 mulieri,
426 1390 475 1446 sed
493 1390 521 1444 id
539 1389 613 1460 quod
631 1390 667 1446 ed
686 1391 824 1446 mulierem
844 1397 935 1462 potest
953 1392 1104 1462 peruenire,
1121 1392 1174 1448 boc
1188 1393 1317 1463 estquod
1329 1392 1419 1448 iecere
1431 1408 1487 1449 mu·

45 1474 135 1534 idtus
150 1487 243 1551 potest.
279 1479 309 1536 Si
327 1480 379 1536 snb
397 1480 557 1536 condicione
575 1485 655 1551 puter
672 1481 717 1536 uel
735 1485 881 1535 extranens
899 1481 991 1536 dotem
1010 1482 1177 1552 promiserit,
1196 1483 1322 1538 coutitnn
1340 1497 1411 1553 opus
1428 1483 1488 1552 erit,

38 1566 89 1618 ⁸1¹t
109 1573 174 1626 tune
190 1568 313 1626 conseret
331 1569 428 1625 mulier
445 1568 545 1639 dotem,
566 1585 628 1625 cnm
647 1569 744 1626 dotuts
761 1585 822 1624 esse
841 1571 970 1641 coeperit.
1006 1571 1111 1640 biliam,
1129 1585 1200 1640 quse
1218 1569 1254 1626 eb
1272 1571 1401 1628 intestato
1418 1572 1489 1643 petri

56 1649 144 1716 beros
158 1661 199 1730 sit,
217 1659 342 1716 murense
358 1658 469 1729 quidem
487 1658 579 1714 dotem
598 1663 719 1730 oportet:
738 1672 908 1729 consequens
927 1665 1018 1716 suurn
1037 1665 1087 1730 ert,
1106 1665 1138 1714 ut
1155 1675 1190 1716 en
1207 1659 1402 1730 pollicitatione
1417 1661 1489 1717 dotis
1508 1669 1536 1712 ιο

51 1757 107 1812 pro
131 1755 203 1820 purte
221 1750 335 1805 dimidiu
351 1737 463 1804 frutrern
482 1764 561 1804 sunm
579 1748 690 1806 liberet:
710 1749 824 1818 nequius
842 1749 913 1804 enirn
931 1750 1019 1804 estin
1037 1749 1153 1804 solidum
1172 1749 1207 1804 de
1225 1764 1275 1806 eoo
1293 1765 1353 1806 eenr
1366 1749 1488 1806 donum

22 1833 135 1892 ωηο.
168 1837 196 1894 Si
214 1840 402 1910 emancipetur
420 1837 506 1906 filins,
530 1839 576 1909 qni
595 1845 690 1894 conos
708 1837 817 1894 tubulus
834 1837 967 1894 bonorum
984 1838 1186 1908 possessiouem
1204 1839 1322 1910 occepit,
1340 1837 1424 1894 filium
1441 1839 1488 1896 do·

47 1925 150 1984 &hun
165 1927 271 1998 habeat,
289 1944 344 1984 non
363 1926 447 1983 debet
464 1927 556 1982 dotem
575 1929 634 1983 eius
652 1926 783 1998 conferre,
802 1928 867 1997 qnia
885 1927 913 1982 in
930 1925 1009 1982 bouis
1028 1928 1087 1983 eius
1106 1943 1160 1983 non
1178 1931 1229 1983 est.

10 2000 26 2060 2
112 1999 206 2074 Gerus
222 2018 291 2074 libro
309 2023 406 2089 quarto
425 2017 531 2072 decimo
549 2017 584 2072 ed
603 2017 723 2074 edictnru
740 2017 915 2089 prouinoieie.
943 2017 1013 2072 iilis
1023 2017 1052 2072 in
1064 2017 1238 2088 adoptionem
1251 2016 1317 2072 dete
1334 2013 1490 2102 Q
1509 2021 1529 2074 S

44 2105 81 2154 et
110 2104 190 2162 heres
211 2107 338 2163 instituto
360 2105 444 2162 debet
467 2107 507 2162 sio
527 2113 559 2162 ut
576 2107 748 2176 emancipata
764 2122 819 2162 non
837 2105 924 2161 solum
942 2105 1016 2162 bonu
1034 2122 1097 2176 sus,
1122 2106 1171 2162 sed
1190 2111 1217 2162 et
1235 2106 1340 2177 dotem,
1365 2123 1435 2177 quoe
1454 2107 1489 2178 ed
1508 2117 1536 2158 ro

44 2201 125 2249 enm
150 2198 282 2266 pertinere
307 2197 423 2267 poterit,
450 2194 581 2252 conferre.
618 2196 641 2250 si
669 2195 758 2250 odbno
784 2201 863 2266 peter
889 2195 1035 2266 udoptinue
1062 2195 1144 2266 uiuit,
1172 2195 1216 2252 bic
1242 2211 1355 2252 neeesse
1378 2196 1491 2253 hebebit

44 2283 192 2340 wnfem.
442 2321 458 2330 ,Α

9 2355 25 2414 3
114 2373 261 2432 Unernrsus
282 2373 351 2430 libro
375 2377 473 2445 quarto
496 2373 720 2444 disputationum.
756 2372 785 2428 Si
810 2371 866 2428 filiu
888 2372 971 2429 inerit
993 2373 1071 2430 heres
1095 2373 1234 2444 institute,
1256 2374 1399 2430 colletione
1417 2375 1490 2432 dotis
1508 2369 1548 2442 ss

48 2473 121 2518 non
139 2463 269 2535 iungetur.
295 2464 369 2520 unde
387 2464 410 2519 si
429 2464 574 2520 commisso
592 2463 628 2519 ub
646 2464 731 2519 eitero
748 2463 839 2520 edicto
857 2479 970 2520 necesse
988 2463 1114 2520 hebuerit
1132 2468 1227 2519 contre
1237 2463 1345 2520 tubulus
1357 2463 1489 2520 bonorum

51 2555 259 2615 connium
278 2553 419 2624 occipere,
442 2553 587 2608 dicendum
610 2557 666 2623 est,
690 2553 819 2622 quonian
843 2553 944 2608 nullum
968 2553 1092 2608 iniurium
1116 2551 1192 2608 fretri
1215 2551 1293 2623 fucit,
1316 2569 1371 2608 non
1389 2553 1490 2610 debere
1509 2562 1537 2604 tt

54 2649 130 2696 curn
146 2643 232 2699 dotem
250 2642 386 2700 conferre:
405 2659 468 2698 nem
485 2642 561 2712 qnod
578 2641 674 2698 habuit
692 2657 727 2696 ex
744 2640 860 2712 iudicio,
879 2643 1048 2698 conuertitur
1065 2643 1101 2698 sd
1119 2646 1214 2698 centn
1231 2641 1340 2698 tebniee
1357 2641 1490 2700 bonorum

58 2734 269 2793 morionem.
296 2733 377 2803 plone
396 2733 419 2788 si
437 2747 472 2787 ex
490 2733 593 2788 minore
610 2736 689 2802 purte
707 2730 759 2786 tuit
782 2731 860 2787 heres
878 2733 1004 2788 institute
1027 2737 1055 2787 et
1077 2732 1132 2788 eliu
1149 2731 1284 2802 queedum
1302 2732 1329 2788 in
1347 2747 1408 2788 conr
1427 2748 1490 2788 con-

60 2818 134 2876 tulit
148 2830 235 2879 outre
250 2822 360 2878 tubulus
380 2821 511 2878 bonorum
523 2821 661 2892 poeeoesio
673 2826 755 2876 encta
766 2822 890 2891 portione
902 2822 971 2892 eius,
989 2821 1133 2878 dicendum
1152 2822 1206 2878 erit
1217 2822 1367 2878 eolrnnonis
1379 2837 1491 2880 munere

63 2917 133 2966 mm
148 2911 230 2983 iungi,
253 2912 305 2967 nisi
324 2910 394 2966 sorte
412 2915 541 2966 contentu
558 2908 640 2966 inerit
656 2911 794 2980 portione,
819 2925 853 2966 ex
870 2927 926 2981 que
942 2911 1069 2966 instituto
1086 2917 1142 2966 est:
1165 2917 1231 2967 tuno
1255 2911 1327 2966 enlm
1345 2911 1490 2968 dicendum

66 3003 115 3052 cst
134 3015 162 3056 ex
176 3001 273 3057 indicio
290 3001 413 3072 percutis
431 3015 492 3055 earn
510 3000 665 3055 uenientem
683 3013 738 3054 non
756 2999 857 3054 debere
875 3015 973 3056 munus
992 3001 1144 3056 collationis
1162 3001 1305 3056 snsfinere.
1510 3010 1539 3050 so

27 3065 48 3123 4
124 3089 284 3148 tenesmo
301 3089 372 3146 libro
388 3090 471 3145 tertio
489 3088 525 3144 ud
543 3089 669 3155 Quintum
688 3089 817 3144 unorum.
853 3088 883 3145 Si
900 3095 978 3159 pater
1000 3105 1050 3161 pro
1070 3087 1128 3145 filis
1144 3089 1236 3146 dotem
1254 3104 1315 3161 pro·
1334 3084 1491 3174 [Q
1508 3093 1536 3148 E

68 3173 177 3250 miserit,
193 3180 290 3236 deinde
309 3179 492 3236 exbecedutee
509 3179 553 3234 uei
571 3178 653 3234 etiem
672 3179 873 3250 emantpsipsrse
891 3183 920 3235 ct
936 3179 1099 3249 praeteritae
1112 3180 1233 3249 legatum
1247 3179 1361 3250 dederit,
1380 3178 1492 3235 hebebit
1509 3185 1525 3232 i.
1538 3181 1587 3232 147¹

68 3255 131 3320 filie
144 3271 216 3326 etiem
234 3271 327 3326 dotem
345 3269 520 3339 praecipuam
539 3272 568 3323 ot
584 3269 713 3337 legatum.

29 3330 49 3386 ⁵
128 3357 294 3416 Prrnsrenus
316 3358 385 3414 libro
409 3358 504 3428 quinto
527 3371 728 3428 responsorum.
769 3356 854 3412 bilius
878 3356 1078 3428 emancipetur,
1100 3356 1148 3427 qui
1171 3357 1370 3427 possessionem
1394 3361 1491 3414 contm
1507 3354 1535 3409 P

66 3437 173 3503 hbnbs
190 3450 312 3520 occipere
330 3448 434 3518 potnit,
452 3447 575 3502 intestati
593 3447 678 3516 petris
695 3443 897 3516 possessionem
915 3447 1034 3518 accepit:
1058 3451 1141 3516 utque
1158 3447 1198 3501 itu
1214 3445 1283 3517 filiu,
1302 3463 1373 3517 quse
1390 3449 1492 3504 mansit
1510 3457 1540 3500 oo

65 3521 98 3580 5ss
120 3542 252 3610 nmero,
272 3553 334 3593 cum
353 3536 475 3592 eiusdem
494 3535 613 3591 familiae
630 3533 714 3592 tratre
732 3536 811 3592 beree
829 3535 968 3607 institute,
986 3537 1188 3607 possessionem
1207 3535 1330 3591 intestati
1348 3537 1432 3606 petris
1450 3551 1491 3592 er·

64 3625 258 3684 wienbeorne
275 3627 441 3698 emancipati
459 3630 554 3680 secuto
572 3625 686 3696 accepit.
714 3625 806 3682 dotem
829 3627 931 3696 scripto
953 3625 1029 3682 fratri
1053 3624 1175 3682 conterre
1198 3641 1254 3680 non
1277 3629 1405 3695 cogetur,
1429 3641 1491 3681 curn

62 3712 105 3759 οἳ
129 3719 250 3784 possessio
269 3716 371 3773 bostra
388 3717 474 3788 petita
492 3716 529 3771 sit
546 3719 574 3770 et
591 3713 647 3770 filie
663 3716 749 3786 patrie
766 3716 935 3772 uoluntatem
954 3714 1001 3771 fini
1018 3716 1103 3772 uirilis
1116 3716 1202 3786 pertis
1213 3714 1338 3785 retineat,
1356 3714 1384 3770 id
1402 3719 1494 3772 estut

60 3801 163 3862 ⁰mncr
177 3808 288 3864 trientes
307 3806 443 3862 habeant¹
461 3811 490 3862 et
506 3805 638 3860 bonorurn
657 3805 797 3875 possessio
816 3805 888 3860 unde
905 3803 983 3860 liberi
1000 3802 1120 3874 fingetur
1137 3819 1187 3876 pro
1204 3809 1300 3860 contre
1311 3802 1419 3859 tubulas
1431 3819 1493 3860 esse

22 3869 35 3914 ¹
56 3887 162 3950 petitu.
192 3897 276 3966 Pilio,
294 3911 367 3966 qnae
385 3895 474 3952 soluto
492 3894 665 3950 matrimonio
683 3893 775 3950 dotem
793 3893 917 3950 conferre
935 3893 1043 3964 debuit,
1062 3910 1166 3950 rnorem
1184 3893 1321 3950 collationi
1354 3889 1494 3962 Εἱῖῖζιῐ
1511 3905 1541 3945 eo

56 3961 149 4037 feeit:
167 3987 215 4042 uiri
233 3985 299 4042 boni
317 3985 450 4042 arbitratu
473 3987 587 4054 cogetur
608 3997 705 4038 usuras
728 3997 837 4053 quoque
861 3983 933 4039 dotis
955 3981 1090 4054 conterre,
1114 3999 1176 4040 curn
1199 3985 1386 4055 emancipatus
1409 3981 1494 4040 freter

54 4063 153 4128 “fian
167 4074 269 4132 iunctm
286 4074 411 4132 conserat
428 4079 457 4129 et
473 4072 529 4130 filis
545 4075 631 4143 pertis
649 4087 716 4128 suae
734 4070 839 4128 fructus
856 4073 998 4144 percipiet.

52 4141 265 4236 F(1rerrorr)
1229 4255 1494 4264 m

58 4267 68 4297 ¹
96 4286 147 4340 uel
159 4291 230 4362 nepti
248 4291 297 4345 det
316 4289 470 4360 (Setottinp)
541 4287 553 4322 ²
570 4285 598 4342 id
617 4291 708 4342 estut
726 4301 820 4344 ornnes
837 4287 951 4342 trientes
968 4285 1088 4342 bubeent
1105 4287 1152 4341 det.

57 4387 81 4442 ¹
120 4413 231 4482 tenleu
253 4428 288 4468 ee
312 4411 374 4479 ΡΙ
396 4411 432 4466 sd
456 4411 625 4467 collationem
649 4431 696 4466 om.
713 4411 751 4464 Ρ
805 4410 939 4468 nisiiorte
949 4409 985 4464 Ρ
1030 4410 1298 4466 eoueniontom⁴F²
1340 4411 1374 4464 31
1387 4407 1493 4478 udqui·

58 4457 86 4514 ᾖ
112 4474 237 4540 f'tniliue
258 4485 295 4538 Ρ
311 4485 315 4551 Ι
330 4483 374 4538 *sit
386 4483 414 4538 in
432 4484 590 4554 stipulatum
605 4485 642 4536 Ρ
689 4485 753 4538 bet
805 4485 900 4538 tan
934 4480 1365 4552 biemuncipsti...frutritisi³¹
1381 4485 1386 4548 p
1402 4495 1493 4535 ernen-

59 4530 173 4624 Μὴ]
197 4573 230 4612 ex
258 4555 356 4612 dotato
380 4555 416 4608 Ρ
442 4557 447 4621 Ι
471 4556 507 4609 sit
534 4563 592 4610 ante
618 4559 648 4610 et
674 4557 760 4627 dots
806 4555 898 4625 ciputi]
916 4555 1105 4625 emancipatus
1122 4562 1209 4626 priore
1226 4557 1294 4617 loce,
1316 4551 1495 4622 ernsnoipotie

63 4601 91 4657 ⁸
119 4619 185 4697 dure]
203 4627 259 4684 duo
278 4629 317 4682 Ρ
369 4625 526 4682 toonferet
548 4631 577 4681 et
597 4627 713 4682 inuicem
734 4627 759 4679 F
802 4635 947 4698 posteriore
964 4629 1000 4680 Ρ
1021 4631 1026 4692 Ι
1046 4629 1157 4680 secutae
1173 4633 1262 4698 priore
1279 4627 1334 4680 toro
1351 4623 1376 4676 F
1388 4626 1392 4689 Ι
1408 4621 1494 4694 irstri]

69 4677 344 4774 {dispensaturum
358 4699 394 4752 Ρ
435 4697 565 4753 l3siom.
578 4699 613 4749 Ρ
651 4699 753 4767 lbpoi·
807 4696 898 4752 fratris
914 4706 1003 4768 priore
1020 4701 1075 4751 loro
1093 4699 1129 4751 Ρ
1184 4697 1219 4752 38
1237 4694 1345 4763 stubbs]
1365 4695 1389 4749 'u
1403 4694 1494 4750 frctru'

68 4743 220 4827 hiitutionis
234 4773 269 4826 Ρ
319 4773 353 4827 16
371 4785 420 4840 pro
438 4769 524 4840 purte]
544 4774 622 4840 porte
635 4770 671 4822 Ρ
688 4772 692 4836 Ι
708 4769 752 4838 de]
806 4769 1017 4833 frustr‘o'oi'br
1028 4767 1113 4823 fratre
1123 4771 1170 4824 det.
1182 4787 1214 4822 m.
1224 4771 1249 4833 2,
1265 4767 1363 4834 oeni)
1379 4769 1384 4834 1
1399 4766 1494 4837 petris]

77 4819 160 4886 ‘¹⁰5¹
190 4843 426 4912 tleam10urni¹
443 4847 447 4908 Ι
463 4841 753 4898 ereinuc...2ocon-
808 4841 905 4908 FiQK,
924 4839 1015 4896 fratris
1030 4839 1180 4906 ΡΠΕἿΟ,
1199 4839 1299 4895 om.E¹
1314 4849 1319 4905 ι
1334 4839 1429 4910 pertis]
1447 4853 1495 4908 pu·
1528 4841 1533 4850 '

82 4889 151 4959 fem
168 4931 208 4968 orn.
220 4917 269 4970 11⁰¹:
294 4915 317 4970 εἰ
335 4914 366 4969 b's
384 4915 415 4985 κῇ
435 4913 451 4968 b
469 4913 546 4969 θετὸο
564 4911 654 4982 strip.
675 4910 754 4974 οῩτὸο
807 4913 856 4968 tris
876 4914 910 4966 Ρ
962 4913 997 4968 41
1020 4909 1104 4968 tecit
1126 4913 1164 4966 Ρ
1216 4912 1252 4976 42
1274 4913 1420 4981 percepset
1437 4910 1494 4975 F'‘,

88 4981 206 5048 §turum
220 4987 246 5041 Β
257 4989 367 5055 (Aeon.)
421 4987 454 5042 27
467 4987 687 5056 possessionem*
697 4985 753 5049 ΡΙ
807 4984 948 5057 pereepiot
965 4985 1014 5036 Ρ·

92 5049 232 5112 ‘Ueni'
275 5057 488 5130 28portiouiF¹
534 5053 755 5128 29iungi'forte'
