3480 5460
96 255 144 303 urn
160 251 334 302 emmenum.
352 252 466 302 oense
712 225 800 307 263
1164 236 1299 306 XXXVI
1320 240 1341 305 2
1362 246 1478 304 22—26

54 397 82 456 22
130 392 266 448 Pourourus
287 389 357 447 libro
380 391 477 461 quinto
500 390 536 446 ed
554 389 683 457 Quintum
701 390 829 446 lineium.
865 389 896 448 Si
914 391 1002 464 litio,
1021 392 1091 450 'eum
1108 395 1133 450 is
1150 410 1282 450 unnorum
1301 390 1478 480 [Q‘iossso
1493 409 1522 465 Ε

92 479 266 551 ‘qmttuordeeim
284 485 360 534 esset
376 478 483 550 iaetus]
501 480 623 548 legatum
641 477 724 534 fuerit
741 484 770 534 et
787 479 812 534 is
829 484 894 536 ente
912 485 1041 551 quartum
1057 482 1192 538 deeimnm
1205 499 1306 540 sunum
1319 473 1477 558 deoeseeffi,

90 585 159 626 uerum
172 577 201 624 at
214 567 246 623 sd
263 567 393 623 heredem
411 568 470 623 eius
488 569 610 636 legetum
628 582 683 623 nou
701 567 825 638 haurire,
844 570 973 639 quonism
992 585 1047 626 non
1064 572 1153 627 solnm
1170 571 1252 642 diem,
1270 573 1321 629 red
1338 579 1368 630 et
1385 575 1478 630 eondi-

88 659 164 714 donen
178 656 219 712 heo
234 658 355 726 legatum
372 657 401 711 iu
420 671 451 712 se
469 657 591 712 eontinet
609 655 640 711 ‘si
658 655 770 712 effoetum
788 661 864 713 esset
881 673 1014 714 annorum
1031 659 1265 732 quattuordecim]
1284 663 1332 732 qui
1344 669 1436 718 entem
1449 664 1477 720 in

86 761 150 802 rerum
163 750 245 801 nunes
261 760 317 800 non
332 750 415 815 esset,
434 759 566 800 annorum
579 745 798 814 quattuordeoim
811 765 865 802 esre
876 762 932 802 non
943 747 1156 819 intellegeretur.
1182 765 1233 806 neo
1245 751 1367 822 interest,
1386 757 1478 808 utrum
1495 765 1509 806 e

85 834 184 892 reehstur
197 835 224 890 'ei
241 849 374 890 senorum
393 833 613 904 quattuordecim
630 833 721 888 iaetus
739 833 798 889 erit'
816 850 852 890 en
870 835 917 906 ite,
936 851 999 892 eum
1017 837 1107 907 priore
1125 839 1260 909 seriptum
1277 853 1327 909 per
1340 841 1477 896 eondieio·

84 937 128 980 nom
141 930 228 994 tempus
244 923 457 992 demonstretur,
476 923 602 993 sequenti
620 937 669 993 per
686 926 797 993 tempus
815 924 948 995 condicio,
967 924 1114 996 utrubique
1132 931 1223 982 temen
1242 928 1339 984 eedem
1351 929 1476 986 eondioio

63 1017 119 1068 led
138 1011 256 1078 Queedum
275 1017 369 1067 entem
387 1012 562 1068 eondieionee
580 1012 663 1067 etiem
682 1027 872 1082 eupemuouee
890 1019 963 1083 eunt,
981 1015 1068 1069 ueluti
1086 1015 1163 1070 eiite
1174 1015 1290 1071 eorihet:
1309 1016 1406 1072 ''litine
1425 1014 1476 1100 [(Ῑ)

83 1101 144 1156 heres
156 1105 213 1156 erto.
239 1100 263 1155 ei
280 1101 373 1156 Titius
390 1100 570 1156 hereditatem
589 1116 679 1155 meum
698 1099 805 1172 adierit,
824 1101 931 1158 Maeuio
950 1102 1045 1158 deoem
1064 1102 1151 1159 deto':
1170 1119 1234 1159 nem
1245 1119 1296 1174 pro
1308 1120 1362 1160 non
1374 1107 1476 1177 scripto

82 1205 105 1244 es
117 1189 214 1245 eondioio
230 1190 289 1260 erit,
307 1195 341 1246 ut
357 1189 516 1247 omnimodo
534 1189 570 1244 ed
588 1189 719 1244 heredem
736 1190 838 1246 hleeuii
855 1191 977 1260 legatum
994 1195 1126 1261 trement,
1144 1193 1252 1248 etiamsi
1269 1194 1393 1250 hlneuius
1411 1201 1476 1252 ente
1496 1208 1524 1250 ro

82 1278 153 1333 editur
168 1278 341 1335 hereditatem
359 1279 517 1335 decesserit
545 1283 574 1332 et
591 1277 673 1347 idem,
691 1278 714 1332 si
733 1279 773 1333 itu
790 1277 872 1334 inerit
884 1280 1031 1350 seriptum:
1050 1279 1082 1338 'si
1092 1281 1182 1336 Titius
1194 1281 1374 1338 hereditatem
1387 1298 1475 1340 meem

82 1365 165 1437 illest,
183 1369 250 1423 intre
271 1368 332 1424 dies
349 1373 460 1423 eentum
477 1367 586 1423 hleeuio
605 1367 700 1422 deoem
720 1366 808 1426 dnto’:
832 1383 896 1424 nem
914 1367 968 1424 hoe
985 1369 1107 1438 legentum
1124 1371 1152 1426 in
1171 1371 1244 1426 diem
1262 1373 1328 1441 erit,
1351 1387 1406 1428 uon
1423 1372 1476 1429 suh

81 1454 211 1526 ooudldone,
233 1456 300 1526 quie
321 1455 445 1512 definitio
462 1455 601 1512 Leheonie
623 1454 766 1526 prehende
784 1462 828 1512 est
844 1457 961 1512 dioentie
978 1457 1007 1512 id
1024 1451 1135 1514 demum
1153 1460 1275 1530 legetnm
1293 1460 1329 1516 ed
1346 1459 1476 1518 heredem

60 1543 170 1611 tlegstsri
183 1545 305 1615 mandre,
323 1545 399 1616 quod
417 1551 521 1600 eertum
540 1546 578 1600 eit
594 1543 717 1600 debitum
736 1545 776 1614 iri,
796 1545 820 1600 ei
837 1546 953 1602 edentur
963 1545 1110 1602 heredites.
1134 1547 1164 1604 Si
1176 1553 1269 1604 temen
1281 1549 1476 1606 duosheredes

81 1631 182 1688 Meum
202 1639 242 1703 et,
265 1634 290 1689 si
308 1635 378 1689 alter
395 1624 431 1690 e'x
447 1633 491 1690 his
510 1633 593 1690 edent
609 1633 803 1704 hereditatem,
827 1634 909 1690 nlieui
927 1635 1017 1704 legem
1035 1635 1070 1691 eb
1088 1636 1216 1693 omnihus
1233 1635 1395 1694 heredibus:
1419 1655 1475 1696 non
1495 1652 1523 1694 ru

81 1719 116 1773 eit
129 1735 168 1790 oro
186 1737 355 1793 superuacuo
378 1737 413 1778 ee
436 1722 575 1792 modiolo,
598 1721 649 1776 sed
671 1722 700 1776 in
723 1723 876 1793 portionem
899 1722 1010 1793 quidem
1033 1724 1175 1781 eoheredie
1197 1725 1314 1796 udebit,
1337 1727 1367 1782 in
1387 1728 1475 1798 ipsius

81 1812 154 1879 uon,
172 1811 243 1866 onius
260 1825 380 1882 persone
397 1812 425 1866 in
444 1810 604 1868 eondioione
622 1809 820 1881 comprehense
837 1816 893 1882 est,
912 1827 1085 1884 superueoue
1101 1815 1168 1885 erit,
1186 1815 1300 1885 perinde
1318 1821 1401 1888 etque
1421 1815 1432 1889 ΙΙ
1449 1817 1475 1872 ei
1492 1825 1572 1874 treo'

80 1896 120 1951 telo
132 1911 157 1953 eo
170 1898 264 1955 herede
282 1900 409 1956 instituto
426 1914 460 1955 eo
478 1899 561 1956 modo
578 1901 699 1969 legatum
719 1905 800 1956 esset

45 1982 70 2040 lt
115 1984 239 2044 durusne
255 1985 326 2044 libro
344 1993 442 2058 quarto
460 1989 496 2044 ed
513 1990 604 2059 legem
616 1989 713 2044 lulium
731 1992 759 2044 et
771 1989 892 2059 Pupiam.
921 1989 990 2046 cnm
1008 1990 1036 2046 in
1054 2005 1141 2047 eunus
1158 1991 1282 2062 singulos
1300 1988 1474 2076 [Q’eo
1492 2001 1521 2056 Ε

79 2071 165 2142 eumn
178 2077 349 2146 relinquitur,
372 2078 432 2132 sine
450 2076 535 2133 duhio
553 2091 603 2147 per
620 2092 708 2132 ennon
731 2077 854 2148 singulos
878 2078 1004 2150 inspoots
1026 2079 1186 2136 eondieione
1209 2081 1335 2150 legatarii
1357 2088 1405 2138 eut
1428 2097 1473 2138 ee·
1493 2097 1522 2138 so

80 2167 141 2230 μιν.
161 2169 185 2219 et
199 2166 223 2220 si
238 2165 359 2235 plurium
378 2177 476 2221 seruus
494 2167 539 2236 eit,
558 2167 727 2235 singulorum
745 2166 917 2222 dominorum
935 2172 1017 2223 erunt
1033 2183 1168 2237 personne
1186 2169 1363 2239 speetendee.

45 2246 69 2305 ll
114 2250 208 2310 Peurus
229 2254 300 2310 lihro
324 2259 404 2310 serto
429 2256 464 2310 nd
487 2255 577 2324 legem
599 2255 697 2310 lulium
721 2259 750 2310 et
772 2255 894 2325 Pupium.
931 2255 962 2312 Sl
984 2271 1086 2326 penum
1110 2256 1189 2312 heres
1214 2255 1279 2312 dere
1298 2254 1472 2340 [ess—Eso‘oJe‘n
1491 2268 1536 2340 Es

80 2334 183 2398 &emme
205 2344 240 2398 eit
262 2344 308 2398 nel
332 2342 447 2399 lendum
472 2349 514 2414 et,
538 2344 563 2398 si
581 2359 636 2399 non
654 2343 791 2412 dedisset,
816 2343 926 2414 deoem,
951 2360 1004 2414 ego
1028 2345 1120 2415 noeepi
1142 2349 1171 2400 et
1187 2360 1288 2416 penum
1307 2336 1474 2418 regam

80 2426 195 2486 omnen
214 2446 275 2487 esee
293 2431 323 2487 in
339 2431 450 2502 deoem‚
474 2432 499 2486 si
517 2431 635 2488 noluerit
651 2447 754 2502 penum
772 2431 852 2488 heres
870 2431 951 2504 dere,
975 2437 1004 2488 et
1025 2439 1091 2488 tuno
1114 2435 1258 2504 peouniem
1277 2435 1386 2506 deberi,
1410 2451 1472 2492 oum

79 2511 220 2585 hieroclem
241 2519 358 2576 fundum
377 2535 433 2577 non
450 2519 586 2591 dedisset,
610 2525 653 2591 et,
677 2520 700 2574 ri
718 2521 825 2576 interes
848 2520 997 2577 deeesserit
1017 2521 1182 2592 legstsrius,
1206 2527 1273 2579 tuno
1295 2523 1389 2580 heredi
1413 2526 1472 2582 eins
1492 2538 1521 2580 re

79 2606 166 2662 renni
180 2607 290 2665 fundum
308 2608 412 2669 deberi.
440 2623 559 2679 nemque
576 2623 639 2664 oum
657 2608 760 2664 dietum
786 2613 842 2664 est:
862 2608 899 2664 ‘et
916 2609 1055 2666 Publicius
1078 2608 1193 2666 fundum
1214 2611 1297 2684 deto',
1320 2612 1472 2684 perfeetum

79 2691 215 2764 *legemur
238 2703 268 2754 et
291 2713 355 2754 eum
378 2697 459 2774 dioit:
478 2697 509 2753 ‘si
534 2711 589 2753 non
611 2697 732 2767 dederit,
756 2701 866 2752 eentum
885 2697 967 2769 dsto',
990 2699 1043 2754 sub
1067 2699 1227 2757 eondioione
1249 2699 1327 2758 fundi
1349 2702 1471 2772 legatum

79 2775 194 2853 timemur
209 2787 297 2842 uideri
316 2802 350 2843 eo
369 2803 444 2856 essu,
462 2801 518 2857 quo
536 2785 760 2842 eentum-deberi
778 2787 927 2856 eoeperint
954 2803 1070 2858 quorum
1088 2791 1153 2860 quie
1171 2790 1295 2846 eondioio
1313 2791 1379 2846 uiuo
1397 2792 1472 2862 lege·

78 2866 126 2923 ledo
137 2887 182 2930 non
195 2877 337 2946 exstiterit,
356 2875 427 2932 sorte
444 2877 509 2946 quie
526 2875 713 2944 interpelletur
731 2875 811 2930 heres
830 2889 885 2931 uon
903 2876 953 2946 sit,
975 2882 1077 2947 euenit,
1096 2883 1127 2932 ut
1145 2879 1283 2949 ademptio
1300 2879 1365 2936 nihil
1384 2881 1473 2950 egerit

58 2951 171 3031 “ludique
185 2965 305 3035 tegetum
323 2963 472 3020 domuerit.
499 2964 584 3020 Plane
596 2965 625 3019 ei
643 2964 684 3020 sio
701 2964 822 3032 legetum
840 2964 891 3019 sit:
911 2963 942 3020 ‘si
960 2979 1061 3035 penum
1079 2981 1134 3022 non
1146 2967 1261 3038 dederit,
1279 2967 1375 3024 deoem
1388 2968 1471 3040 deto',
1491 2981 1519 3022 so

78 3039 159 3105 didere
172 3067 222 3108 non
239 3067 302 3108 esse
319 3068 421 3122 penum
440 3053 587 3122 legetum¹.

43 3120 68 3181 ἢ
113 3134 266 3198 Pilumnus
283 3141 353 3198 lihro
372 3147 471 3198 ooteno
489 3141 597 3196 deeimo
614 3139 815 3210 quaestionum.
843 3139 912 3196 Cum
929 3140 996 3196 illud
1013 3146 1061 3197 eut
1078 3142 1145 3198 illud
1162 3144 1278 3214 legetur,
1296 3140 1471 3229 Q
1488 3152 1516 3207 P

77 3230 202 3285 lumerto
218 3231 336 3301 plurium
355 3245 445 3286 rerum
464 3229 629 3286 dieiunetiuo
647 3229 729 3285 modo
748 3228 946 3299 eomprehense
963 3231 1042 3300 plere
1058 3231 1151 3301 legate
1163 3247 1218 3288 non
1230 3230 1304 3288 feeit.
1331 3249 1383 3290 neo
1395 3235 1471 3290 eliud

76 3308 152 3373 uolui
165 3320 272 3389 noent,
296 3319 322 3374 sl
337 3334 407 3390 pure
425 3318 540 3374 fundum
558 3319 674 3374 ultorum
693 3319 738 3373 uel
756 3318 872 3374 alterum
897 3317 949 3374 suh
967 3319 1128 3378 eondioione
1144 3321 1294 3390 leguuerit:
1317 3337 1380 3376 nem
1403 3337 1469 3392 pen·

76 3391 133 3454 dente
145 3407 292 3464 eondieione
310 3423 367 3464 non
385 3408 438 3463 erit
455 3408 552 3464 eleetio
570 3422 629 3477 neo,
647 3407 671 3461 si
690 3411 829 3477 morietur,
848 3406 884 3462 ed
902 3405 1031 3463 heredem
1044 3409 1176 3464 transisse
1187 3410 1309 3478 legatum
1322 3409 1468 3468 uidebitur.
1488 3423 1516 3466 eu

57 3479 141 3546 illene
155 3511 222 3553 nens
239 3498 314 3553 Titio
332 3497 398 3553 dete
416 3497 491 3567 quod
509 3495 575 3552 mihi
593 3495 676 3552 Seius
692 3494 792 3551 dehet'.
818 3495 842 3550 si
859 3494 941 3552 Seius
964 3497 1083 3567 pupillus
1106 3498 1165 3552 sine
1188 3498 1287 3554 tutoris
1305 3500 1470 3555 suetoritete

76 3583 164 3638 mnne.
177 3586 281 3656 rooepit
297 3601 347 3642 nee
364 3586 526 3656 loeupletior
543 3583 634 3640 isetus
652 3589 696 3640 est
719 3591 743 3640 et
766 3585 883 3640 creditor
906 3585 941 3640 ed
962 3601 1093 3656 praesens
1112 3585 1235 3642 debitum
1252 3587 1339 3644 uerbo
1356 3589 1469 3660 rettulit,

76 3660 120 3726 ΨΜ
131 3669 181 3728 nhil
193 3675 274 3730 Seius
291 3674 383 3745 dehet,
402 3675 502 3730 nullius
520 3674 651 3730 momenti
668 3674 790 3743 legatum
808 3674 872 3729 erit:
891 3674 965 3744 qnod
983 3675 1007 3730 si
1025 3673 1110 3730 uerbo
1128 3674 1215 3730 debiti
1232 3677 1384 3732 naturalem
1402 3675 1469 3732 ohli-

75 3751 173 3816 emnem
189 3767 217 3818 et
233 3761 354 3818 futurem
372 3763 536 3818 solutionem
555 3761 701 3832 eogiteuit,
723 3762 831 3818 interim
849 3761 916 3818 nihil
934 3763 1021 3819 Tutius
1038 3768 1128 3834 petet,
1147 3765 1227 3834 qussi
1243 3764 1326 3820 tuoite
1344 3765 1469 3822 eondieio

75 3831 145 3931 {Mis
158 3850 195 3920 eit,
213 3865 268 3906 non
286 3865 368 3907 seeus
385 3866 419 3906 eo
436 3851 460 3906 si
478 3851 519 3906 ite
536 3850 664 3906 dixisset:
683 3851 764 3906 'Titio
782 3851 856 3920 dete,
875 3851 950 3920 quod
966 3852 1088 3922 pupillus
1105 3853 1225 3922 soluerit’
1242 3853 1288 3908 uel
1306 3854 1330 3908 si
1347 3855 1470 3924 legasset
1487 3865 1517 3908 ro

79 3930 129 3991 illd
142 3951 169 3993 er
183 3939 323 3998 Arethusa
340 3945 436 3996 netum
455 3938 513 3996 erit'
532 3939 577 3996 uel
596 3937 725 4010 duetus,
748 3939 796 4009 qui
818 3940 847 3994 in
870 3939 916 3996 illo
935 3939 1020 3998 fundo
1037 3941 1201 4002 ussoentur'.
1229 3942 1395 3998 eontrarium
1413 3959 1469 4000 non

73 4015 273 4108 llwereror)

74 4142 149 4214 ’Μ
163 4159 293 4217 dieendue
312 4165 356 4217 eet
373 4165 422 4216 snt
438 4175 493 4217 nou
512 4175 610 4230 oepere
629 4171 676 4217 ine.
749 4162 897 4232 ’legulam
917 4164 952 4229 (u.
966 4163 1016 4231 t.)?

72 4230 455 4264 N*—

73 4273 224 4359 ¹¹tqnem
243 4295 270 4348 r
312 4295 400 4363 eost]
416 4293 595 4359 werhen,
614 4313 662 4348 om.
675 4295 723 4348 rr·
776 4296 969 4364 onpmeu.
988 4295 1232 4360 errantemque
1283 4297 1317 4352 er
1335 4298 1456 4367 legatum

71 4343 219 4420 ⁴0ffiotusF
258 4367 355 4421 hesse
371 4365 436 4434 non]
450 4366 499 4428 9⁵,
518 4380 573 4422 non
590 4381 722 4422 essenon
776 4367 867 4431 Folo,
886 4367 1004 4436 legatum
1019 4366 1192 4432 WDEQIK‘
1239 4368 1275 4423 35
1293 4369 1352 4438 nee]
1373 4369 1446 4423 neF

71 4413 116 4506 ’,Ὁῇ
129 4449 174 4490 non
191 4452 252 4492 esse
266 4437 400 4492 WEIGK
440 4439 665 4508 Ssupernequee
678 4439 704 4490 F
716 4438 720 4506 Ι
776 4442 897 4493 moretur
914 4439 940 4490 F
987 4439 1022 4492 36
1046 4437 1113 4492 mihi
1136 4437 1220 4507 seius]
1244 4439 1310 4494 mihi
1328 4439 1352 4494 ei
1369 4441 1429 4495 eius
1447 4439 1473 4492 F

70 4487 135 4556 ileu,
149 4505 223 4562 heres
243 4509 280 4560 F²
331 4509 431 4578 iinon]
449 4523 485 4562 no
503 4509 530 4561 F
578 4509 612 4562 10
630 4523 722 4563 omne·
776 4511 810 4564 37
830 4510 937 4578 eeoepit
954 4510 1013 4577 nee]
1032 4517 1135 4580 scripsi,
1153 4511 1310 4580 eeoepiseeo
1327 4513 1372 4576 Ρ,
1391 4525 1467 4565 eoee·

69 4567 124 4624 hodo
135 4576 166 4642 ΡΙ
181 4579 254 4647 ente]
272 4577 309 4633 ed
326 4581 355 4632 te
367 4580 404 4631 Β
455 4581 489 4634 lh
503 4577 671 4634 institu't'em
685 4581 723 4632 F’
776 4581 864 4650 pieeet
882 4579 952 4645 etQ,
976 4580 1130 4647 decepisset
1146 4595 1197 4634 nee
1214 4581 1352 4638 DEICK:
1377 4583 1415 4637 nui
1435 4579 1467 4642 oi

69 4629 90 4683 Π
103 4655 257 4720 livoresque
271 4651 298 4702 F
343 4651 377 4704 18
395 4665 428 4704 eo
447 4649 556 4719 herede]
571 4651 625 4715 rh,
642 4649 722 4706 eolre·
777 4652 881 4716 resones
900 4649 929 4705 ὲκ
948 4651 1045 4714 τοῨτογ
1061 4651 1257 4722 πλογοιώτεροο
1269 4654 1296 4707 Β
1308 4653 1388 4726 (Tlp.)
1403 4654 1408 4718 Ι
1424 4656 1468 4707 est

68 4703 209 4775 fideliler(
220 4723 329 4776 Teurelt.
373 4721 408 4776 20
425 4721 483 4788 eut]
497 4722 542 4785 F¹,
561 4721 600 4775 uit
613 4723 657 4785 F’,
673 4741 722 4775 om.
776 4727 805 4777 et
822 4721 949 4790 creditor]
969 4731 1077 4792 scripsi,
1101 4727 1145 4776 est
1162 4737 1193 4777 se
1211 4728 1240 4776 et
1257 4724 1357 4794 petitor
1375 4725 1404 4788 F,
1424 4727 1469 4779 eet

71 4765 198 4846 WDllch
236 4793 272 4848 ee
290 4791 379 4860 meret
398 4793 424 4844 r
463 4793 498 4847 ee
509 4793 689 4862 interpelletis
703 4795 728 4846 r
775 4797 804 4848 ee
821 4793 922 4862 petitor
934 4793 967 4858 n,
986 4796 1060 4847 esset
1077 4793 1179 4862 petitor
1193 4793 1329 4860 rumor,
1346 4799 1421 4850 esset
1439 4801 1468 4850 ee

67 4837 138 4926 Μ]
158 4862 196 4918 ite
217 4861 408 4929 WDEQIGK
467 4865 502 4917 28
529 4863 592 4932 quo]
621 4877 675 4918 ouo
702 4865 727 4917 F
775 4865 877 4934 petitor
887 4863 988 4928 D1100,
1004 4867 1078 4918 esset
1089 4864 1138 4918 sed
1151 4865 1295 4934 petitorli'
1334 4865 1465 4934 38seius]

67 4908 237 4990 ²9exstiterit
252 4933 290 4988 F*
312 4935 317 5002 Ι
337 4934 462 4988 euenerit
479 4932 524 4995 Fi,
543 4935 669 4989 etieuerit
686 4934 723 4986 F·
775 4953 824 4989 ean
837 4935 869 4988 de
882 4933 981 5000 Water,
1000 4935 1100 5000 einer,
1120 4936 1145 4989 ei
1159 4935 1323 4993 WDEIOK
1353 4937 1388 4992 39
1401 4935 1467 4992 nihil

68 4979 224 5076 illusoris]
237 5005 301 5073 PK,
315 5005 491 5070 doreueritF,
503 5004 721 5062 doneueritWD
776 5005 896 5062 sititim
914 5008 938 5061 F
986 5007 1022 5063 41
1040 5009 1201 5072 neseentum
1219 5007 1256 5060 Ρ
