3644 5460
275 218 631 288 xxxxuea-re
781 291 784 308 ,
942 211 1029 295 558
1185 237 1701 296 oocoearonsooursoasuo

243 387 258 431 a
276 377 455 432 oreditoribus
472 377 600 447 potuerit.
619 377 688 432 ratio
706 390 761 432 non
779 373 882 446 potitur
900 391 963 432 eom
980 378 1009 432 in
1026 378 1168 448 proposito
1185 378 1360 434 summoueri.
1392 376 1448 434 Sed
1465 379 1495 434 in
1512 377 1636 448 quolibet
1652 377 1702 433 aiio

276 466 418 536 oreditore,
437 466 484 536 qui
502 465 702 536 separationem
719 465 885 536 impetrauit,
903 465 1013 536 probari
1031 466 1203 522 commodius
1213 473 1265 537 est,
1282 471 1322 537 ut,
1340 468 1364 522 si
1376 466 1495 524 solidum
1507 481 1543 522 ex
1554 465 1704 522 misum

276 555 380 611 seruari
397 570 452 612 non
468 555 564 624 possit,
581 555 621 610 ita
638 554 755 610 demum·
767 555 869 625 aliquid
887 569 922 610 ex
939 554 1019 612 bonis
1036 555 1144 612 herodis
1161 552 1246 625 ierat,
1269 557 1294 612 si
1310 556 1412 628 proprii
1430 556 1582 612 creditores
1598 554 1705 611 heredis

275 643 377 702 fuerint
394 643 508 700 dimissi.
534 643 609 714 quod
627 643 685 698 sine
702 642 787 700 dubio
805 643 1004 700 admittendum
1027 649 1071 700 est
1092 645 1166 700 eirea
1187 645 1335 702 creditores
1358 645 1466 702 heredis
1490 645 1614 701 dimissis
1631 643 1704 700 here·

275 733 390 790 diffiid-
1744 752 1797 793 5

238 822 258 878 4
328 821 339 892 ΙΙ
358 823 436 878 burs
452 819 521 877 libro
539 819 702 877 duodeoimo
719 836 922 892 responsorum.
957 820 1153 893 creditoribus,
1171 823 1219 893 qui
1236 839 1272 879 ex
1290 823 1334 879 die
1352 824 1398 880 uel
1415 823 1467 880 sub
1485 840 1549 880 oon·
1568 818 1705 908 [ξ’-ζῇ
1751 835 1813 888 1

276 911 383 968 dioione
401 910 534 966 debentur
551 915 580 966 et
596 916 708 984 propter
725 909 777 966 hoo
795 911 915 966 nondum
933 911 1077 980 paeoniam
1089 916 1184 981 petere
1195 915 1319 983 possunt7
1338 927 1425 984 aeque
1437 913 1576 984 separatio
1589 913 1705 983 dabitur,

244 1013 257 1057 1
276 1001 403 1072 quoniam
421 1000 534 1071 stipsis
552 999 679 1054 cautione
697 999 833 1055 eommuni
851 1000 1015 1056 oonsuistur.
1045 1001 1207 1070 iegatarios
1220 1007 1311 1060 autem
1324 1003 1353 1058 in
1364 1007 1517 1058 eatantom
1528 1005 1618 1074 porte,
1636 1016 1708 1072 quae

276 1090 311 1146 de
328 1089 407 1146 bonis
425 1089 529 1144 seruari
545 1087 644 1158 potuit,
662 1087 763 1144 habero
780 1088 902 1159 pignoris
919 1103 1030 1144 eausam
1049 1090 1186 1146 oonuenit
1777 1102 1813 1141 ς

240 1179 259 1238 ὅ
329 1179 448 1234 Puuuus
468 1175 539 1232 libro
560 1176 641 1232 tertio
666 1176 772 1234 deoimo
795 1177 996 1247 quaestionum.
1037 1177 1067 1234 Si
1090 1179 1239 1236 proditores
1262 1179 1419 1236 hereditarii
1441 1196 1550 1252 separa·
1584 1193 1638 1249 ue,
1648 1193 1670 1250 7,
1677 1195 1714 1240 4²
1791 1229 1813 1238 -

276 1267 378 1324 tionem
396 1265 528 1322 bonorum
547 1265 763 1336 impetrauerant
779 1272 808 1322 et
824 1267 980 1322 inueniatur
996 1281 1052 1322 non
1069 1266 1169 1324 idonea
1185 1268 1335 1340 hereditas,
1359 1268 1438 1325 ireres
1460 1274 1553 1326 autem
1577 1256 1717 1326 idoneus}

277 1372 331 1413 non
347 1359 476 1426 potorum
493 1356 594 1412 reuerti
612 1355 647 1410 ad
665 1355 802 1424 heredem,
822 1355 872 1410 sed
890 1370 938 1426 eo,
956 1355 1031 1426 quod
1048 1357 1132 1412 semel
1149 1359 1368 1428 postulauerunt,
1385 1361 1459 1414 stare
1476 1358 1588 1416 debent
1615 1360 1667 1416 sed
1684 1360 1722 1416 si

276 1450 341 1516 post
357 1445 529 1516 impetratam
547 1445 747 1515 separationem
766 1443 869 1515 aliquid
887 1443 966 1500 heres
984 1444 1158 1515 adquisierit,
1181 1447 1205 1502 ei
1222 1445 1332 1516 quidem
1356 1462 1392 1504 ex
1409 1447 1576 1518 hereditate,
1599 1449 1721 1505 admitffi

276 1532 417 1590 debebunt
434 1533 516 1589 adid
534 1533 608 1603 quod
626 1532 793 1603 adquisitum
811 1538 854 1588 est
871 1534 909 1588 iiii
926 1534 974 1604 qui
992 1534 1192 1605 separationem
1210 1535 1439 1606 impetrauerant:
1455 1536 1507 1592 ssd
1520 1538 1546 1592 ai
1557 1537 1610 1594 illis
1628 1539 1721 1594 satis·-

277 1621 380 1678 iaotum
402 1619 495 1692 suerit,
519 1622 593 1692 quod
616 1625 743 1692 superest
766 1621 901 1678 tribuetur
925 1623 1042 1694 propriis
1066 1622 1174 1680 heredia
1192 1623 1382 1681 oreditoribus.
1409 1631 1439 1681 at
1456 1626 1480 1681 ei
1498 1640 1533 1681 ex
1551 1627 1607 1682 alia
1624 1643 1727 1684 eausa

276 1710 357 1768 heres
374 1711 547 1781 adquisierit,
570 1725 624 1766 non
642 1709 821 1768 admittentur
842 1710 998 1768 hereditarii
1021 1711 1178 1769 oreditores.
1205 1713 1280 1782 quod
1298 1714 1322 1770 si
1339 1715 1441 1785 proprii
1458 1714 1494 1770 ad
1511 1715 1631 1772 solidum
1649 1731 1726 1787 per-

277 1805 424 1870 uenerunt,
446 1799 475 1855 id
493 1799 567 1870 quod
584 1800 719 1870 supererit
735 1799 910 1856 tribuendum
928 1799 1099 1856 hereditariis
1123 1801 1235 1872 quidam
1257 1807 1370 1873 potant:
1394 1803 1459 1859 mihi
1483 1807 1578 1860 autem
1601 1805 1631 1860 id
1655 1821 1728 1862 nort

277 1889 400 1946 uidetur:
424 1903 486 1946 oum
504 1889 577 1944 enim
595 1889 795 1960 reparationem
813 1889 964 1960 petierunt,
987 1896 1160 1946 reoesseront
1177 1906 1195 1947 a
1212 1905 1329 1961 persona
1350 1891 1459 1948 heredis
1482 1898 1512 1948 et
1528 1892 1602 1950 bona
1620 1895 1729 1950 ssooti

278 1983 343 2036 sunt
360 1983 389 2033 et
405 1977 484 2048 quasi
501 1975 624 2034 deiirnoti
641 1977 714 2034 bona
736 1977 933 2048 uendiderunt,
957 1993 1028 2048 quae
1050 1985 1199 2049 augmenta
1215 1995 1270 2036 uon
1288 1986 1404 2051 possunt
1421 1981 1551 2052 resipere.
1579 1983 1727 2054 idemqoa

278 2067 405 2126 exiatioro
422 2065 576 2136 dioendum,
594 2066 702 2122 etiamsi
720 2067 793 2124 uiros
810 2068 1010 2137 separationem
1029 2066 1161 2124 bonorum
1174 2068 1283 2140 decepti
1295 2069 1385 2125 minus
1397 2071 1537 2126 oonaeooti
1549 2076 1615 2127 sunt
1627 2087 1730 2142 quan

278 2156 381 2228 proprii
403 2154 512 2212 heredis
534 2154 691 2212 creditores.
719 2157 822 2226 proprii
845 2161 935 2212 autem
959 2155 1067 2214 heredis
1089 2157 1237 2214 eruditores
1260 2157 1362 2214 hebent
1382 2158 1494 2229 propria
1510 2159 1572 2215 eius
1590 2159 1667 2217 bona
1683 2165 1737 2217 et:

278 2261 431 2318 personam,
449 2259 520 2315 quae
537 2247 631 2314 potest
648 2243 736 2300 donee
753 2245 822 2300 uiuit
839 2245 992 2316 adquirere.

242 2331 261 2390 6
331 2336 472 2392 iomanes
489 2332 559 2389 libro
576 2333 805 2404 quadragensimo
822 2339 902 2390 sexto
920 2334 1098 2404 digestorum.
1134 2335 1265 2402 Quotiens
1282 2333 1392 2392 heredis
1408 2334 1480 2391 bona
1498 2337 1552 2392 soi·
1571 2331 1741 2422 [W

279 2424 369 2480 nendo
387 2439 442 2480 non
459 2427 537 2492 sont,
561 2437 616 2478 non
634 2423 721 2478 solum
740 2421 889 2478 creditores
911 2424 1065 2493 testatoris,
1088 2423 1137 2480 sed
1159 2425 1242 2480 etiarn
1264 2438 1327 2494 eos,
1350 2423 1449 2494 quibus
1472 2412 1741 2499 regamm‘iffi‘r,

278 2514 425 2584 impetrare
441 2511 575 2568 bonorum
592 2512 792 2581 separationem
810 2527 927 2583 aequum
946 2517 998 2582 est,
1016 2512 1056 2568 ita
1072 2517 1116 2583 ut,
1135 2527 1197 2568 oum
1216 2514 1261 2568 in¹
1280 2512 1459 2570 oreditoribus
1477 2515 1597 2572 solidum
1616 2517 1748 2588 adqui-

247 2611 260 2655 1
279 2604 363 2660 situm
380 2600 470 2672 fuerit,
487 2600 626 2670 legatariis
643 2601 688 2656 uel
706 2601 823 2658 solidum
842 2601 886 2656 uei
903 2601 992 2670 portio
1010 2605 1166 2672 quaeratur.
1194 2601 1223 2658 Si
1234 2601 1333 2658 liberta
1343 2601 1423 2658 heres
1437 2603 1565 2666 instituta
1576 2605 1751 2664 bonomiu-

279 2691 478 2762 mationem
497 2689 648 2746 seeundum
664 2687 773 2746 tabulas
789 2690 906 2760 petisset
922 2690 995 2760 sius,
1019 2692 1066 2760 qui
1089 2690 1221 2748 soluendo
1244 2706 1300 2747 nou
1322 2697 1393 2762 erat,
1418 2693 1574 2762 quaesitum
1592 2703 1651 2767 est,
1677 2711 1763 2754 ιιι

279 2779 352 2836 bona
369 2780 428 2836 eius
445 2779 566 2851 separari
584 2777 619 2834 ab
643 2777 813 2834 hereditariis
837 2777 947 2834 debent.
973 2779 1127 2850 respondit:
1150 2791 1205 2836 non
1228 2786 1272 2836 est
1294 2780 1416 2851 iniquum
1439 2784 1563 2838 soooorri
1585 2790 1759 2856 patrono,

279 2883 315 2924 oe
332 2873 489 2925 oneraretur
506 2881 569 2924 aere
587 2867 689 2938 alieno,
712 2866 786 2938 quod
802 2866 901 2924 liberta
922 2868 1042 2938 petendo
1059 2867 1193 2926 bonorum
1210 2869 1412 2940 possessionem
1430 2870 1584 2928 seeundum
1602 2871 1767 2930 abulat

280 2958 454 3014 eontraxerit
1670 3003 1671 3008 1

243 3044 262 3102 7
331 3048 505 3104 mauranus
522 3045 591 3102 libro
609 3045 730 3102 seeundo
747 3045 911 3116 regularum.
946 3039 998 3112 Qui
1015 3045 1147 3104 iudicium
1164 3046 1338 3104 diotaoerunt
1354 3047 1456 3120 heredi,
1475 3063 1555 3120 sepa·
1574 3037 1766 3138 Q

280 3137 412 3194 rationem
431 3135 510 3206 quasi
527 3134 683 3193 hereditarii
699 3138 816 3206 possum
833 3136 987 3206 impetrare,
1005 3135 1070 3206 quia
1087 3151 1123 3193 ex
1140 3137 1303 3194 nmesdtate
1321 3135 1374 3194 hoo
1390 3135 1524 3194 seoeront

568 3427 605 3504 it
643 3424 707 3502 DE
736 3290 1154 3506 uuuuuougnuouls
1181 3425 1346 3518 DANDO
1387 3427 1425 3506 it

245 3585 261 3641 1
333 3586 452 3641 Faunus
469 3581 538 3640 libro
555 3583 801 3653 quinquagensimo
819 3581 936 3653 septimo
953 3581 990 3637 ad
1007 3581 1146 3638 edietum'
1164 3583 1194 3640 Si
1211 3585 1273 3655 quis
1284 3584 1338 3642 sub
1349 3599 1413 3642 oon·
1431 3576 1729 3668 [Weffq‘s
1765 3563 1813 3627 Β

281 3675 388 3730 dioione
405 3673 486 3729 hereo
503 3673 646 3730 institutus
664 3677 722 3742 eat,
740 3671 881 3742 eugendus
898 3676 943 3727 est
959 3671 1112 3729 rondioioni
1130 3689 1239 3744 parere,
1258 3674 1283 3730 ai
1299 3679 1404 3745 potest,
1422 3679 1479 3746 aut,
1498 3675 1522 3730 si
1539 3677 1723 3747 responderit
1753 3659 1801 3710 θ’

249 3771 261 3816 1
281 3779 312 3820 se
329 3779 384 3820 non
402 3763 554 3834 aditurum,
574 3761 683 3818 etiarnsi
701 3760 824 3818 ooodieio
842 3761 972 3832 extiterit,
990 3761 1136 3818 uendenda
1153 3768 1233 3820 erunt
1249 3763 1323 3820 bona
1339 3762 1471 3819 dsioneu‘.
1507 3763 1589 3831 Quod
1607 3766 1632 3822 si
1648 3761 1722 3822 nihil

249 3861 264 3906 a
281 3851 372 3909 faeere
388 3856 488 3922 potest,
505 3855 615 3908 ourator
632 3849 711 3906 bonis
729 3849 938 3906 oonstitoendos
955 3851 1008 3906 erit
1024 3851 1090 3906 aot²
1106 3850 1181 3908 bona
1197 3852 1351 3908 uendenda.
1377 3851 1434 3908 Sed
1451 3853 1476 3910 si
1489 3867 1578 3922 graue
1590 3869 1639 3910 aes
1650 3855 1713 3911 slis-

282 3957 346 3998 num
365 3942 409 4012 sit,
427 3941 501 4012 quod
519 3955 554 3996 ex
571 3953 661 4010 poena
677 3943 792 4009 creseat,
809 3953 859 4009 per
876 3943 1029 3996 auratorem
1047 3940 1208 3996 soluendum
1227 3957 1275 3997 aes
1293 3943 1419 4011 adesum,
1437 3942 1519 3998 aienti
1535 3957 1601 3999 oum
1619 3948 1714 4000 uenter

281 4031 311 4088 in
326 4031 501 4102 pomereions
518 4030 556 4086 sit
572 4033 622 4085 aut
637 4027 756 4099 pupillus
773 4026 853 4084 hersa
869 4033 987 4086 tutorem
1005 4044 1060 4086 non
1077 4028 1186 4100 habeat,
1204 4030 1315 4087 deserni
1332 4031 1410 4088 solet
1722 4033 1744 4076 d

246 4115 264 4174 2
334 4119 485 4176 Unerarros
506 4116 576 4175 libro
598 4117 790 4188 sexagensimo
812 4117 907 4187 quinto
925 4118 962 4174 ad
979 4117 1109 4175 emotum.
1145 4119 1188 4174 De
1206 4124 1332 4176 amatore
1349 4133 1412 4178 oon·
1431 4115 1740 4206 Qu

283 4208 421 4264 stituendo
439 4207 491 4265 hoo
507 4208 566 4266 iore
584 4207 694 4276 utimur,
711 4209 743 4260 ut
759 4210 869 4275 praetor
886 4206 1002 4264 adeatur
1018 4207 1097 4279 isque
1114 4213 1268 4264 curatorem
1280 4209 1492 4279 ouratoresque⁸
1510 4211 1663 4268 eonstituat
1678 4224 1711 4265 es

282 4313 418 4354 eonsenso
441 4297 552 4354 maioris
574 4296 661 4368 portis
682 4293 861 4366 creditorum,
884 4297 929 4352 uel
951 4311 1063 4368 praeses
1083 4297 1254 4368 prouinoiae‚
1277 4299 1301 4354 si
1318 4297 1392 4356 bona
1409 4297 1591 4356 &nubenda
1607 4299 1636 4356 in
1653 4312 1712 4380 pro

285 4566 293 4599 ¹
312 4563 340 4618 in
358 4564 406 4618 dai.
424 4563 507 4630 (Hui.)
577 4564 589 4598 ²
607 4563 664 4633 out]
683 4563 755 4618 neo?
825 4563 837 4598 ⁸
855 4566 1030 4620 curatoresue
1047 4563 1207 4638 (Krueperri

282 4719 508 4776 deraditorisffl
551 4721 694 4791 4psredis
706 4723 743 4776 F·
790 4723 970 4780 8oautiomo*
1023 4723 1107 4778 odF¹
1155 4724 1189 4779 21
1207 4723 1299 4794 propri
1317 4725 1450 4780 autemF
1489 4726 1525 4781 28
1543 4725 1590 4795 ab]
1610 4725 1695 4782 ow

285 4792 320 4846 F’
340 4793 345 4859 Ι
366 4792 513 4862 legatarios
529 4792 590 4864 aeq]
614 4793 766 4864 uuparlproc
789 4794 819 4846 t'e
842 4794 970 4866 aipsrrsoc
1022 4793 1160 4850 debeant
1178 4795 1216 4848 F’
1236 4797 1242 4864 Ι
1263 4795 1418 4867 respondi‘t'
1431 4796 1468 4850 F’
1530 4798 1567 4852 29
1585 4798 1707 4868 patendo

284 4861 322 4917 ἐιιὶ
347 4864 403 4918 τοῖο
426 4863 491 4919 καὶ
514 4863 546 4916 τὰ
572 4863 633 4934 χρέα
658 4865 820 4920 οωιοκὲιιοιε
845 4865 889 4922 dus
905 4867 970 4936 Ῡρογ
1023 4865 1153 4923 rotenodo
1171 4868 1230 4934 (sio)
1243 4868 1278 4921 i*
1331 4867 1718 4940 35siqois1F1,isqniF‘

283 4934 381 4990 uiantes
398 4934 449 5006 ἔχει
462 4936 490 4990 Β
534 4935 567 4990 11
579 4935 833 5006 impetrauerintF’
877 4885 911 4994 ti
923 4937 970 4996 aii·
1023 4939 1057 4993 37
1085 4938 1211 4993 etiamsi
1238 4939 1274 4992 Γ*
1359 4940 1395 4996 tu
1422 4940 1653 5012 ouratoresqu‘a'e
1681 4941 1718 4995 F’

283 5006 358 5077 quid]
382 5006 476 5078 etquid
496 5007 532 5060 Γ·
587 5006 827 5078 14ἰ11ἱίιίιιιί1Η
881 5009 914 5065 15
932 5009 971 5078 at]
1023 5010 1059 5065 43
1077 5009 1255 5066 eonsensu'm'
1269 5009 1378 5066 maioris
1396 5011 1435 5065 F²
