3644 5460
88 308 218 358 musore
240 307 459 356 eossmsunrs
756 281 839 364 551
1207 289 1357 356 1111111111
1376 289 1398 355 5
1416 297 1516 352 9-12

50 449 70 508 9
142 447 221 502 mnu
244 447 313 502 libro
330 447 521 518 sexagensimo
539 445 660 502 secundo
678 447 715 502 ed
733 447 863 503 edictum.
898 448 1011 503 Praetor
1033 448 1085 503 ait:
1105 446 1141 503 ‘Si
1164 449 1239 518 quie,
1264 463 1327 503 cum
1349 447 1377 502 in
1396 443 1515 530 [ff
1533 453 1561 506 Ε

89 536 271 607 ’3030031030
288 535 421 592 bonorum
439 539 521 606 emet,
539 536 613 606 quod
631 551 665 592 eo
684 536 793 592 nomine
810 535 915 592 imotus
933 536 1048 606 ceperit,
1066 537 1105 606 ei,
1123 537 1159 592 ad
1177 553 1258 607 quem
1277 552 1311 592 ea
1328 552 1372 591 res
1389 537 1516 606 pertinet,

89 627 153 681 'non
170 626 310 681 restituat:
331 626 399 696 sine,
416 624 490 695 quod
508 625 648 695 impensae
665 625 724 680 sine
742 624 805 680 dolo
823 626 895 680 malo
913 623 1023 695 fecerit,
1042 626 1067 680 ei
1085 641 1139 680 non
1157 625 1354 696 praestabitur:
1373 626 1433 680 siue
1451 625 1514 680 dolo

89 715 170 770 'mdo
187 715 247 770 eius
264 714 384 770 deterior
401 729 485 769 causa
502 713 684 784 possessionis
702 712 775 769 iacta
787 729 849 770 esse
861 713 974 784 dicetur,
993 714 1028 769 de
1043 729 1077 768 ea
1088 731 1117 770 re
1129 715 1259 770 iudicium
1271 715 1298 770 13
1311 713 1413 770 sactum
1426 713 1515 770 dabo'.

55 815 69 862 ι
89 805 170 872 Quod
187 804 223 860 de
240 802 374 860 fructibus
392 803 444 872 ait,
463 803 544 856 etiem
563 801 598 857 de
617 802 728 872 ceteris,
746 816 935 873 quaecumque
954 818 989 858 en
1006 817 1036 857 re
1054 802 1184 859 debitoris
1201 809 1392 873 peruenerunt,
1411 803 1514 858 intelle·
1533 815 1547 855 s

88 894 211 964 gendum
228 898 280 949 est.
307 898 337 948 et
353 906 419 947 sane
437 890 532 947 debuit
555 890 607 947 boc
629 891 669 946 ita
690 905 765 947 esee:
788 891 855 962 quid
878 892 964 962 enim,
988 892 1011 948 si
1035 907 1070 947 ex
1092 892 1288 962 compromisso
1311 893 1355 946 uel
1377 893 1430 948 alio
1449 907 1515 947 casu

54 995 205 1054 apoenam
224 987 389 1038 consecutus
405 980 468 1036 est?
494 995 558 1035 nam
576 995 637 1035 eam
655 993 780 1051 posnam,
799 995 880 1050 quam
899 985 1063 1036 consecutus
1081 985 1132 1052 est,
1151 983 1290 1050 praestare
1308 981 1399 1036 debet.
1436 980 1515 1046 Quod

87 1073 130 1128 eit
150 1077 260 1143 praetor
283 1071 349 1126 'eine
371 1069 445 1140 quod
468 1070 608 1141 impensae
632 1069 757 1125 nomine¹
781 1070 840 1126 sine
864 1069 927 1126 dolo
949 1067 1028 1140 iecit,
1055 1070 1080 1124 ei
1103 1085 1158 1125 non
1180 1068 1378 1140 praestabitur,
1406 1068 1458 1124 hoc
1482 1084 1514 1124 eo

86 1165 210 1232 spectet,
228 1165 268 1230 ut,
286 1159 392 1230 siquid
410 1159 470 1229 ipse
489 1159 614 1228 erogauit
631 1157 761 1228 creditor,
779 1159 803 1212 si
822 1157 902 1214 modo
920 1159 979 1214 eine
997 1158 1061 1216 dolo
1079 1159 1151 1214 malo
1169 1159 1307 1229 erogauit,
1325 1159 1377 1214 hoc
1395 1160 1421 1214 ei
1438 1173 1514 1228 prae-

86 1255 188 1306 stetur:
212 1247 314 1305 sufficit
330 1249 414 1319 igitnr
431 1248 491 1304 sine
509 1247 572 1304 dolo
590 1261 733 1317 erogasse,
757 1247 865 1302 etiamd
887 1247 953 1303 nibil
973 1246 1075 1326 profuit
1097 1249 1220 1317 erogatio
1244 1248 1303 1303 eius
1326 1249 1365 1304 rei
1389 1247 1514 1304 debitore.
1535 1262 1562 1301 so

53 1347 68 1392 a
86 1339 139 1395 His
160 1338 253 1395 303013
269 1337 314 1394 'ad
338 1351 419 1408 qnam
443 1351 478 1392 ee
499 1351 544 1392 res
566 1334 691 1406 pertinet'
710 1336 792 1391 etiem
810 1341 920 1416 conatu
937 1335 1016 1394 bonis
1033 1335 1216 1392 distrahendis
1233 1337 1315 1394 datus
1332 1327 1516 1392 continebitur

86 1431 117 1484 et
133 1428 194 1498 ipse
211 1425 330 1496 debitor,
349 1426 373 1482 si
389 1425 548 1496 eontigerit,
566 1440 601 1480 ne
619 1423 693 1481 bone
710 1415 769 1481 eius
787 1430 914 1480 ueueent.
942 1431 971 1480 et
987 1426 1041 1496 ipsi
1057 1426 1151 1496 itaque
1168 1426 1296 1482 creditori
1313 1426 1447 1482 aduersus
1464 1426 1515 1481 bos

85 1516 198 1572 dabitur
215 1517 295 1586 ectio,
313 1529 383 1586 qnos
400 1513 634 1584 enumerabimus,
652 1514 712 1570 siue
729 1514 795 1584 quid
813 1515 842 1569 13
859 1512 993 1570 fructibus
1010 1514 1192 1585 percipiendis
1210 1516 1336 1584 erogauit
1352 1516 1412 1570 siue
1429 1516 1458 1570 in
1476 1513 1514 1570 ia·

86 1606 162 1661 milis
179 1605 278 1662 alenda
295 1602 470 1660 curandane²
487 1602 607 1674 praediis
624 1601 768 1658 fulciendis
786 1603 830 1658 uel
848 1600 1002 1658 reiciendis
1020 1604 1065 1659 uel
1082 1603 1183 1668 damno
1201 1601 1320 1660 infecto⁸
1331 1604 1515 1674 promittendo
1553 1633 1559 1648 =
1636 1653 1637 1658 ,

86 1694 133 1750 301
150 1709 232 1750 serim
250 1693 342 1750 noxali
359 1692 461 1748 iudicio
478 1690 606 1761 defenso,
630 1692 654 1746 si
672 1691 753 1747 modo
772 1707 826 1746 non
844 1692 933 1761 magis
956 1707 1019 1747 eum
1037 1693 1150 1762 expedit
1166 1692 1267 1748 dedere
1284 1708 1366 1762 quam
1384 1693 1514 1750 retinere:
1535 1707 1562 1748 ss

53 1784 162 1854 equod
179 1783 203 1838 si
220 1781 321 1838 dedere
338 1781 463 1852 expedit,
487 1795 657 1850 consequens
675 1780 728 1836 erit
744 1785 868 1851 repetere
892 1796 955 1836 eum
973 1801 1023 1836 non
1041 1781 1149 1837 debere.
1186 1781 1356 1838 Generaliter
1373 1783 1455 1838 etiam
1475 1783 1514 1838 di-

86 1872 206 1929 cendum
223 1877 279 1942 est,
302 1870 436 1942 quidquid
453 1869 587 1940 impendit
603 1870 631 1924 in
650 1884 720 1939 rem,
744 1869 769 1924 si
787 1869 869 1926 modo
887 1869 946 1925 sine
969 1869 1032 1926 doio
1050 1872 1122 1926 malo
1140 1870 1287 1940 impendit,
1311 1878 1434 1941 repetere
1451 1887 1514 1927 eum

85 1962 200 2032 posse⁴2
219 1976 282 2016 nem
300 1961 472 2030 negotiorum
490 1963 630 2028 gestorum
648 1973 730 2028 egere
748 1973 803 2014 uon
821 1959 909 2030 magis
926 1963 1019 2029 potest
1036 1975 1117 2029 quam
1136 1960 1160 2014 si
1178 1959 1268 2014 socius
1280 1975 1423 2016 commune
1441 1961 1515 2016 aedi·

84 2049 178 2108 ficium
196 2049 284 2119 fulsit,
303 2050 368 2120 quia
384 2047 429 2104 hic
446 2061 555 2118 qnoque
573 2047 692 2104 creditor
709 2062 867 2117 commune,
892 2061 947 2102 non
964 2048 1082 2102 alienum
1099 2049 1240 2118 negotium
1258 2050 1378 2117 gessisse
1396 2049 1513 2106 uidetur.
1535 2064 1562 2104 ra

52 2149 67 2198 o
85 2141 138 2196 Est
154 2145 297 2210 praeterea
314 2137 478 2209 quaesitum,
497 2138 521 2192 si
539 2137 676 2192 deteriora
692 2136 805 2206 praedia
823 2135 834 2206 11
853 2133 927 2192 facta
943 2134 1045 2192 fuerint
1063 2137 1121 2193 sine
1139 2137 1202 2192 dolo
1220 2138 1292 2193 malo
1310 2138 1452 2194 creditoris
1470 2140 1603 2198 3011371

84 2230 146 2286 iura
163 2243 258 2285 eorum
276 2228 377 2284 3331033
393 2228 439 2283 301
456 2225 581 2282 aedificia
598 2226 689 2282 diruta
707 2227 750 2282 uei
769 2232 875 2295 exuste,
892 2225 959 2281 item
977 2224 1096 2282 familiae
1107 2239 1291 2296 pecorumque
1303 2231 1365 2283 acta
1376 2243 1443 2283 cure
1459 2243 1514 2284 non

85 2320 123 2376 sit
141 2323 190 2374 aut
205 2317 345 2390 possessio
362 2317 408 2372 3111
425 2315 534 2385 tradita,
552 2317 612 2371 sine
624 2315 687 2372 dolo
699 2319 791 2371 tamen
804 2315 884 2386 meio,
902 2319 1083 2370 0310303133.
1111 2319 1140 2372 01
1152 2320 1266 2386 apparet
1277 2331 1339 2372 eum
1352 2332 1407 2372 non
1418 2317 1514 2387 teneri,

85 2407 151 2479 qnia
168 2407 231 2463 doio
250 2407 321 2462 meto
338 2409 427 2476 caret,
450 2405 557 2474 eritque
579 2405 674 2460 melior
697 2405 756 2460 eins
780 2403 904 2460 condicio
928 2418 1010 2473 quam
1034 2405 1062 2458 in
1084 2405 1198 2474 pignore
1215 2405 1371 2474 creditoris,
1395 2406 1441 2476 qui
1460 2421 1514 2461 non

84 2501 193 2554 tantum
211 2495 303 2552 dotum
321 2495 432 2565 malum,
449 2508 545 2549 nerum
563 2494 671 2563 culpem
689 2507 798 2564 quoquc
816 2492 908 2550 debat.
935 2493 1034 2549 eadem,
1049 2507 1134 2549 causa
1151 2500 1194 2548 est
1211 2509 1288 2548 cura·
1306 2491 1514 2566 [Efflusseunot‘.

52 2596 67 2643 0
85 2586 154 2642 toris
170 2584 318 2641 bonorum:
337 2599 400 2639 nam
418 2588 448 2638 ct
465 2583 489 2638 is
506 2587 615 2638 tenetur
633 2588 664 2637 ut
682 2582 840 2638 creditores.
866 2582 898 2637 In
911 2597 973 2638 eum
986 2597 1104 2653 quoque,
1122 2584 1170 2654 qui
1182 2597 1271 2653 neque
1283 2567 1514 2640 scientificum]
1533 2601 1561 2642 so

83 2673 190 2747 praedii
207 2687 296 2744 30030
313 2671 449 2742 uendidit,
474 2673 502 2727 in
519 2669 622 2728 sactum
640 2672 776 2728 00110303
794 2671 843 2728 dat
859 2677 970 2742 praetor
987 2677 1017 2727 et
1033 2671 1061 2726 in
1079 2671 1131 2728 boc
1148 2672 1386 2744 condemnabitur,
1411 2677 1513 2743 quanto

84 2765 176 2821 131330
192 2767 304 2834 propter
321 2761 373 2818 hoc
390 2765 550 2832 perceptum
569 2764 625 2831 eat,
650 2761 715 2830 quie
733 2775 822 2830 neque
839 2760 965 2816 uendidit
981 2775 1071 2830 neque
1088 2762 1197 2818 locauit
1226 2767 1346 2818 ceterum
1365 2763 1514 2818 sitantum

84 2858 244 2926 perceptum
263 2855 314 2922 est,
332 2855 464 2921 quantum
483 2849 682 2922 perciperetur,
706 2851 854 2906 siloeatus
866 2851 916 2906 ,301
934 2849 1082 2906 distractus
1104 2849 1209 2907 fructus
1227 2857 1312 2920 esset,
1338 2851 1403 2906 nihil
1421 2851 1447 2906 ei
1464 2852 1514 2906 im·

83 2941 233 3014 putabitur.
260 2945 383 3011 praestet
400 2945 491 2996 autern
509 2953 559 3010 per
577 2939 605 2995 id
622 2942 729 2994 tentum
747 2940 891 3010 temporis,
916 2954 971 3008 quo
989 2940 1017 2994 13
1034 2941 1235 3009 possessiouem
1253 2938 1306 2996 fuit
1328 2941 1373 2996 nel
1391 2941 1450 3012 ipse
1468 2941 1513 2996 uel

82 3033 162 3089 iussu
179 3031 239 3086 eins
256 3029 334 3099 elius,
352 3027 443 3099 quood
460 3027 524 3084 inde
542 3027 577 3083 de
594 3028 769 3100 possessione
787 3027 938 3084 dissessum
957 3033 1012 3084 eet:
1031 3043 1095 3084 nam
1113 3043 1201 3100 neque
1219 3028 1271 3084 boc
1288 3029 1438 3100 imputatur
1455 3045 1512 3085 ose·
1531 3044 1561 3086 so

83 3121 179 3190 muri,
202 3135 251 3176 our
273 3120 301 3175 in
318 3118 520 3190 possessionem
538 3131 593 3174 non
610 3117 730 3186 uenerit,
747 3131 837 3186 neque
854 3116 934 3188 illud,
953 3133 1002 3173 cur
1019 3118 1054 3174 de
1072 3117 1245 3189 possessione
1263 3118 1426 3189 decesserit,
1449 3135 1512 3176 cum

82 3209 266 3267 uoluntarium
284 3214 313 3264 et
330 3223 410 3264 suum
428 3209 520 3278 potius
537 3207 677 3277 negotium
696 3205 814 3262 creditor
830 3211 917 3275 gerat.
944 3207 1099 3263 aestimatio
1117 3213 1209 3264 autem
1221 3206 1260 3278 iit,
1279 3214 1411 3277 quantum
1428 3209 1511 3264 inter·

52 3304 127 3356 test
144 3299 204 3355 eins
222 3297 269 3368 qui
287 3297 433 3369 experitur.
469 3297 529 3352 Hae
547 3296 670 3352 actiones
688 3309 776 3365 neque
794 3296 974 3366 temporariae
997 3301 1061 3352 aunt
1083 3301 1113 3352 et
1134 3301 1191 3352 taso
1214 3297 1360 3353 heredibus
1383 3313 1464 3367 quam
1483 3299 1511 3354 in

51 3400 66 3446 0
82 3387 199 3445 heredes
216 3385 354 3442 dabuntur
371 3391 532 3455 ceterosque
550 3399 731 3441 successores.
759 3381 788 3438 Si
806 3385 988 3453 possessionis
1000 3399 1085 3440 cause
1099 3385 1217 3442 deterior
1235 3385 1309 3442 facta
1326 3403 1387 3444 esse
1405 3388 1511 3444 dicotur

83 3477 147 3534 (1010
165 3477 238 3546 0133,
262 3477 308 3546 qui
326 3476 355 3531 in
372 3475 573 3546 possessionem
592 3474 692 3530 missus
710 3474 760 3544 sit,
784 3473 858 3530 ectio
875 3473 903 3528 in
921 3488 984 3529 eum
1002 3487 1037 3528 ex
1055 3473 1117 3530 dolo
1136 3474 1229 3545 datur,
1253 3490 1324 3545 quae
1342 3491 1430 3546 neque
1447 3483 1511 3548 post
1530 3490 1558 3532 aa

82 3582 185 3622 scnnm
203 3579 292 3635 neque
309 3565 338 3620 in
355 3564 470 3620 heredes
488 3568 648 3633 ceterosque
665 3577 838 3618 successores
856 3560 973 3633 dabitur,
991 3577 1053 3619 cum
1073 3577 1107 3618 ex
1125 3563 1224 3619 delicto
1237 3564 1340 3620 oriatur
1351 3581 1510 3638 poenaeque

82 3655 193 3712 nominc
210 3654 387 3725 concipiatur,

31 3747 66 3806 10
135 3745 255 3800 Peneus
272 3741 341 3800 libro
359 3740 604 3814 quinquagensimo
627 3753 699 3797 nono
720 3740 755 3796 ad
773 3739 902 3797 edictum.
939 3739 991 3797 nisi
1008 3745 1143 3812 quatenns
1162 3741 1197 3797 ad
1216 3757 1277 3798 cnm
1295 3758 1355 3813 per·
1373 3741 1510 3828 [Πῖῶ
1527 3752 1556 3806 Ε

82 3833 167 3890 uenit
1529 3847 1557 3887 aa

31 3926 63 3984 11
136 3922 287 3978 1133333130
304 3919 372 3977 libro
391 3919 563 3991 sexagesimo
581 3919 701 3976 secundo
719 3919 756 3976 ad
774 3919 902 3976 edietum.
931 3919 1032 3976 Herodi
1050 3924 1141 3976 autem
1155 3918 1272 3992 debitur,
1291 3922 1356 3992 quia
1373 3917 1509 4006 [Ke‘q‘fi
1527 3930 1555 3984 Ε

81 4017 112 4069 et
128 4011 168 4068 rei
185 4011 308 4067 confluet
323 4009 549 4082 persecutionem.
1387 3999 1509 4010 *⁸*

31 4106 64 4164 12
134 4101 255 4157 Pronus
277 4099 346 4156 libro
368 4099 594 4170 quinquagesimo
615 4113 687 4155 nono
711 4098 747 4154 od
769 4097 897 4154 edictum.
935 4096 1003 4154 Cum
1027 4113 1099 4154 unus
1122 4113 1155 4154 en
1174 4099 1353 4156 oreditoribus
1371 4097 1507 4186 [rso—‚sm
1525 4110 1553 4164 3

80 4189 204 4261 postulet
220 4189 249 4244 in
267 4187 340 4246 bona
357 4187 487 4244 debitoris
505 4203 535 4244 se
553 4188 638 4258 mitti,
661 4187 815 4258 quaeritur,
839 4193 930 4244 uuum
953 4187 1028 4242 solus
1051 4187 1075 4243 is
1098 4189 1145 4258 qui
1162 4191 1232 4260 petit
1248 4179 1508 4264 possidere‘pot‘est,

80 4295 130 4346 sn,
153 4293 217 4334 eum
239 4293 311 4333 unus
334 4278 403 4348 petit
425 4282 454 4332 et
476 4281 585 4348 praetor
607 4277 744 4348 permisit,
768 4276 894 4333 omnibus
917 4277 1097 4333 creditoribus
1114 4278 1206 4335 aditus
1224 4281 1268 4336 sit.
1295 4286 1323 4336 et
1340 4282 1508 4338 commodius

79 4369 189 4438 dicitur,
207 4383 269 4424 cum
288 4372 398 4439 praetor
414 4367 575 4438 permiserit,
593 4381 648 4422 non
665 4371 722 4422 1333
740 4381 875 4438 personae
893 4367 978 4422 solius
995 4367 1122 4438 petentis,
1141 4383 1222 4439 quam
1237 4369 1417 4427 creditoribus
1434 4375 1463 4427 et
1480 4372 1508 4428 in
1527 4385 1555 4427 ss

78 4483 272 4554 3333300)

80 4646 277 4702 1303130111
291 4648 335 4715 (cs.
348 4645 410 4713 33)
481 4645 554 4699 ²uel
567 4653 614 4700 sne.
685 4642 801 4699 'damni
812 4641 905 4700 iniecti
917 4644 1020 4712 (113111
1090 4644 1172 4700 ‘hac
1185 4646 1292 4704 actione
1307 4647 1334 4704 13
1345 4647 1449 4705 fectum
1459 4659 1507 4706 sne.

77 4719 209 4784 (sumtum
226 4717 342 4783 Pothier)

78 4865 194 4934 100301]
203 4867 342 4936 possetF¹
379 4864 636 4922 bdebitoribu'sF‘
665 4867 767 4936 8dolo]
821 4868 856 4922 29
874 4883 922 4937 per
940 4867 968 4923 id
986 4873 1092 4924 tantum
1110 4869 1250 4940 temporis]
1269 4869 1332 4939 intp
1345 4872 1393 4932 roi
1410 4872 1507 4942 χρόκογ

78 4935 273 4994 113103331οΡ
309 4937 521 4994 lOdebitorisF
548 4937 653 5026 111103]
667 4938 719 4994 hoc
732 4939 767 4992 F¹
821 4939 949 5002 atensis
1007 4941 1042 4995 30
1060 4940 1185 5010 quo'd'ad
1204 4942 1240 4995 Γ*
1295 4944 1328 4998 31
1347 4943 1506 5012 de'pos'ces·

79 5007 198 5077 161103]
216 5007 502 5066 XY‘M‘OOcomB:
520 5009 767 5081 οῩχέΞειικᾶλιιψιΝ
819 5011 886 5065 serit
903 5011 940 5064 F*
997 5013 1032 5067 34
1050 5011 1243 5084 cetorosqu‘a'e
1263 5014 1298 5067 F²
1355 5015 1391 5069 45
1407 5015 1505 5086 promi·

76 5079 136 5136 roias
148 5079 293 5147 10011033,
310 5099 360 5136 om.
368 5080 435 5148 w,
447 5088 495 5138 inc.
504 5080 549 5137 M·
594 5083 629 5139 28
642 5081 677 5152 01]
690 5085 719 5138 01
731 5080 766 5134 F’
820 5081 887 5138 serit
904 5081 939 5136 F
