4350 5438
639 214 666 282 L
691 218 707 282 1
732 221 846 277 rs-er
1311 201 1400 284 904
1767 197 2077 278 an‘uusrcrrmru

607 382 620 430 1
640 377 732 428 antem
756 373 905 427 auctoritas
923 386 978 427 nou
996 370 1041 426 sit.
1077 369 1109 425 lu
1127 383 1203 439 eum,
1229 367 1275 438 qul
1294 381 1480 424 successorem
1499 381 1550 424 suo
1568 369 1689 439 periculo
1707 369 1874 440 nominauit,
1898 368 1924 425 si
1943 364 2078 454 Q

607 461 717 518 adulto
741 462 904 532 magistratu
923 475 1065 517 successor
1081 458 1197 516 idoneus
1214 456 1279 528 tuit,
1303 457 1440 514 actionem
1458 457 1519 513 dari
1536 473 1592 514 non
1609 462 1727 530 oportet.
1763 459 1796 514 Iu
1813 457 1941 514 fraudem
1960 459 2077 514 ciuilium

640 565 782 606 munerum
807 567 857 622 per
879 551 992 606 tacitam
1016 549 1099 606 fidem
1121 546 1235 619 praedia
1257 547 1389 602 translata
1406 545 1474 604 fisco
1491 547 1666 604 uindicantur
1682 553 1845 618 tantumque
1863 549 1982 604 alterum
1999 549 2078 604 inter·

607 641 731 698 adicus
753 641 792 694 rei
816 641 939 696 minister
962 639 997 694 de
1020 639 1077 694 suis
1099 637 1179 694 bonis
1201 636 1310 705 cogitur
1330 637 1447 692 soluere.
1483 637 1530 692 lus
1548 637 1662 708 originis
1679 638 1708 693 iu
1725 637 1875 693 honoribus
1893 637 2030 693 obeundis
2047 653 2079 693 ac

466 779 475 806 ,
559 793 560 796 Ἴ
640 729 799 786 munoribus
825 728 1007 800 suscipiendis
1034 727 1180 797 adoptione
1203 741 1258 782 nou
1282 728 1416 781 mutatur:
1443 726 1493 782 sed
1517 728 1596 784 nouis
1619 742 1728 798 quoqne
1751 725 1912 783 muneribus
1936 725 2010 783 lilius
2031 737 2107 799 pem

641 819 801 888 adoptiuum
819 823 926 888 patrem
944 817 1132 886 adstringitur.

584 906 622 965 16
693 909 953 964 Hnuuoemusrtue
971 905 1040 962 libro
1057 906 1145 976 primo
1164 903 1231 960 iuris
1249 903 1438 974 epitomarum.
1466 902 1520 958 Sed
1539 905 1563 960 si
1581 905 1770 976 emancipatur
1788 903 1823 961 ab
1841 903 1977 976 adoptiuo
1993 910 2077 977 patre,
2095 903 2130 960 P·

530 1063 531 1068 ἵ
641 1012 695 1052 non
713 1000 820 1052 tantum
838 995 926 1068 filius,
945 997 995 1052 sed
1013 996 1095 1051 etiam
1114 994 1183 1050 ciuis
1201 993 1260 1048 mus
1279 991 1398 1048 ciuitatis
1404 1034 1412 1063 ,
1434 993 1512 1050 euius
1529 1009 1579 1066 per
1596 995 1771 1066 adoptionem
1790 992 1882 1050 fuerat
1898 993 2000 1066 faetus,
2018 1010 2078 1052 esse

641 1085 750 1141 desinit.
1730 1129 1734 1134 .
2094 1097 2106 1138 t

584 1171 622 1232 1⁷
693 1173 875 1230 Parmmuus
892 1172 961 1228 libro
978 1173 1067 1244 primo
1085 1185 1286 1242 responsorum.
1312 1170 1440 1227 Libertus
1457 1176 1570 1243 propter
1586 1177 1730 1242 patronum
1750 1171 1907 1229 aciuilibus
1919 1170 2078 1228 muueubus
2095 1172 2116 1228 P

641 1277 695 1318 nou
718 1267 880 1332 excusatur,
904 1275 954 1316 nee
980 1261 1090 1316 adrem
1109 1261 1239 1330 pertinet,
1265 1277 1300 1316 au
1318 1275 1416 1331 operas
1435 1266 1550 1332 patrono
1568 1264 1613 1318 uel
1631 1261 1810 1318 ministerium
1829 1266 1912 1332 capto
1930 1261 2078 1318 lumimbus

607 1362 621 1407 1
641 1350 777 1408 exhibent
801 1350 909 1414 Liberti
926 1365 993 1406 uero
1012 1353 1177 1418 senatorum,
1195 1348 1242 1420 qui
1261 1350 1373 1420 negotia
1389 1355 1566 1420 patronorum
1585 1357 1693 1422 gerunt,
1711 1367 1728 1406 a
1744 1351 1833 1406 tutela
1844 1349 1959 1406 decreto
1971 1355 2077 1421 patrum

608 1451 622 1498 a
640 1441 815 1501 excusantur.
852 1439 950 1496 Filium
968 1443 1048 1509 pater
1065 1439 1239 1494 decurionem
1258 1453 1320 1494 esse
1337 1440 1438 1495 uoluit:
1463 1443 1528 1495 ante
1545 1437 1631 1494 filium
1649 1455 1685 1495 ex
1701 1455 1820 1510 persona
1837 1456 1890 1495 sua
1907 1455 1954 1495 res
1971 1439 2077 1511 publius

641 1529 724 1585 debet
747 1528 899 1588 conuenire
912 1543 994 1598 quam
1012 1533 1114 1598 patrer
1132 1543 1168 1584 er
1184 1541 1303 1597 persona
1320 1525 1378 1583 filii.
1409 1542 1460 1584 neo
1478 1528 1514 1583 ad
1532 1543 1590 1583 rem
1608 1528 1768 1600 pertinebit,
1793 1545 1829 1584 su
1846 1527 1921 1585 filius
1939 1535 2076 1586 measure

607 1627 622 1673 t
640 1617 777 1690 peculium
794 1621 903 1676 tautum
921 1617 1074 1688 possideat,
1097 1633 1159 1673 cum
1178 1623 1243 1672 ante
1260 1617 1407 1672 militasset
1423 1617 1467 1673 uel
1485 1623 1591 1688 postea
1626 1619 1806 1688 Praeaoriptio
1824 1623 1992 1689 temporum,
2009 1615 2075 1689 quas
2091 1633 2114 1675 rs

641 1709 669 1764 in
693 1705 842 1767 honoribus
863 1705 1022 1776 repetundis
1041 1707 1085 1762 uel
1104 1707 1164 1762 aliis
1182 1705 1365 1776 suscipiendis
1381 1703 1448 1761 data
1465 1712 1521 1776 est,
1545 1707 1619 1778 apud
1637 1705 1748 1763 eosdem
1766 1713 1908 1778 seruatur,
1932 1723 1987 1764 uon
2005 1707 2074 1778 apud

606 1806 623 1854 4
641 1797 717 1852 alios.
745 1796 801 1868 Sed
819 1795 916 1860 eodem
935 1799 1059 1872 tempore
1077 1809 1132 1852 nou
1150 1801 1216 1851 sunt
1232 1795 1350 1850 bonores
1367 1795 1395 1850 in
1413 1794 1522 1851 duabus
1539 1795 1697 1851 ciuitatibus
1710 1795 1854 1852 abeodem
1867 1798 1999 1868 gerendi:
2016 1813 2073 1852 curn

607 1895 622 1942 t
641 1885 722 1942 simul
747 1885 832 1956 igitur
852 1883 999 1954 utrubique
1017 1882 1189 1956 deferuntur,
1211 1886 1302 1955 potior
1319 1890 1362 1940 est
1380 1884 1493 1954 originis
1511 1900 1603 1941 causa
1640 1885 1705 1942 Sola
1721 1887 1792 1941 ratio
1808 1887 1997 1957 possessionis
2013 1887 2074 1942 ciui·

639 1973 711 2030 libus
734 1974 887 2045 possessori
901 1973 1069 2029 muneribus
1092 1974 1266 2043 iniungendis
1290 1975 1359 2029 eitra
1377 1973 1550 2044 priuilegium
1569 1975 1723 2045 specialiter
1740 1975 1847 2032 ciuitati
1865 1976 1963 2032 datum
1980 1977 2074 2032 idonea

607 2073 695 2121 onon
712 2067 763 2118 est.
795 2063 964 2120 Postliminio
982 2063 1100 2133 regressi
1119 2064 1223 2134 patriae
1241 2061 1400 2118 muneribus
1417 2062 1607 2133 obtemperare
1624 2069 1768 2134 coguntur,
1787 2067 1917 2136 quamuis
1934 2067 1964 2122 in
1975 2067 2073 2122 alienrs
2087 2079 2109 2121 ιι

607 2161 622 2209 '1
640 2152 761 2208 ciuitatis
784 2150 885 2207 finibus
909 2152 1069 2208 comistaut
1105 2151 1242 2222 Exigendi
1262 2151 1358 2208 tributi
1376 2167 1475 2208 munus
1493 2153 1564 2208 inter
1581 2152 1693 2209 sordida
1710 2169 1824 2210 munera
1842 2169 1898 2210 non
1918 2155 2033 2210 babetur
2047 2159 2073 2210 et

607 2241 703 2298 ardeo
726 2240 919 2297 decurionibus
941 2257 1051 2312 quoque
1074 2241 1229 2297 mandatur.
1264 2241 1307 2296 Ex
1331 2257 1416 2297 cansa
1439 2239 1642 2297 fideicommissi
1664 2243 1849 2298 manumissus
1872 2245 1902 2299 in
1922 2243 2072 2301 munerrbus

607 2341 622 2388 9
641 2329 767 2386 ciuilibus
791 2331 995 2386 manumissoris
1020 2331 1153 2400 originem
1178 2331 1315 2401 sequitur,
1338 2345 1393 2386 nou
1416 2331 1476 2386 eius
1499 2332 1546 2401 qui
1569 2331 1722 2388 libertatem
1740 2333 1860 2402 reliquit
1896 2334 1930 2390 Iu
1948 2333 2071 2404 adoptiua

640 2417 744 2475 lamllia
767 2423 925 2490 susceptum
950 2419 1076 2490 exemplo
1098 2418 1156 2474 duti
1181 2419 1338 2476 muneribus
1362 2419 1488 2476 ciuilibus
1511 2421 1585 2490 apud
1603 2421 1735 2491 originem
1754 2422 1800 2477 aui
1817 2438 1931 2494 quoque
1949 2423 2069 2479 naturalis

592 2519 623 2568 1o
640 2508 806 2579 respondere
824 2509 890 2566 diuo
908 2509 957 2564 Pio
972 2509 1083 2580 placuit,
1102 2510 1229 2579 quamuis
1241 2510 1270 2564 in
1281 2510 1335 2564 isto
1347 2507 1451 2564 fraudis
1463 2524 1515 2564 nec
1527 2510 1646 2580 suspicio
1658 2511 1768 2580 quidem
1781 2512 1970 2570 interueniret
1996 2514 2069 2568 liuor
2079 2524 2100 2566 rs

641 2599 714 2668 eius,
735 2598 782 2668 qui
800 2613 830 2653 so
850 2598 1013 2670 municipem
1033 2604 1082 2654 aut
1099 2599 1224 2654 colonum
1244 2599 1404 2654 existimaus
1422 2613 1536 2654 munera
1554 2600 1646 2655 ciuilia
1662 2604 1854 2670 susceptumm
1873 2604 2012 2672 promisit,
2028 2602 2067 2657 de

593 2700 622 2745 ιι
641 2685 792 2742 sensionem
810 2687 876 2742 iuris
894 2702 949 2742 non
966 2686 1096 2744 excludit
1123 2687 1212 2742 Patris
1230 2687 1397 2744 domicilium
1414 2686 1499 2744 filium
1517 2689 1630 2744 aliorum
1648 2689 1766 2745 incolam
1779 2689 1908 2746 ciuilibus
1920 2690 2063 2748 muneribus

641 2778 747 2834 alienas
770 2776 891 2832 ciuitatis
915 2791 969 2830 nou
993 2775 1153 2846 adstringit,
1178 2791 1241 2832 cum
1266 2777 1397 2848 lupatria
1416 2792 1524 2848 quoque
1541 2793 1660 2848 persona
1676 2778 1805 2834 domicilii
1823 2781 1895 2836 ratic
1914 2781 2062 2852 temponra

593 2879 623 2924 12
642 2867 686 2922 eit.
722 2867 753 2922 Iu
774 2863 982 2935 quaestiouibus
1000 2866 1155 2922 nominatos
1174 2867 1331 2938 capitalium
1350 2867 1491 2923 criminum
1511 2867 1547 2923 ad
1565 2881 1652 2923 nouos
1669 2867 1786 2924 bonores
1804 2875 1870 2924 ante
1887 2883 2000 2926 oausam
2016 2869 2061 2926 liri

593 2969 623 3014 1s
641 2961 698 3010 tam
717 2955 824 3010 admitti
843 2969 897 3009 uon
915 2959 1036 3024 oportet:
1055 2959 1176 3010 ceterum
1194 2956 1337 3026 pristinam
1356 2957 1464 3012 iuterim
1483 2956 1645 3027 dignitatem
1663 2959 1790 3014 retinent
1820 2957 1886 3014 Sola
1904 2959 2060 3031 domusprs
2073 2969 2093 3010 a

593 3057 624 3104 14
642 3043 742 3113 sessio,
765 3058 837 3112 quae
860 3044 888 3098 in
912 3045 1001 3098 aliena
1023 3045 1135 3100 ciuitate
1159 3051 1347 3115 comparatur,
1370 3045 1536 3102 domicilium
1560 3061 1615 3102 nou
1638 3045 1712 3103 lacit.
1748 3047 1889 3104 Nominati
1911 3047 2061 3106 subsessoris

593 3145 623 3193 lt
641 3133 790 3203 perieulum
808 3131 996 3188 fideiussorem
1015 3133 1180 3188 nominantis
1198 3149 1253 3190 nou
1270 3138 1355 3191 terret
1383 3134 1579 3206 Fideiussores,
1597 3137 1644 3207 qui
1663 3137 1768 3192 saluam
1785 3151 1844 3192 rem
1862 3137 1999 3208 publicam
2014 3136 2060 3192 lora

641 3221 867 3292 respondemntl,
886 3227 915 3276 et
933 3223 979 3291 qui
997 3222 1176 3292 magistratus
1194 3239 1244 3279 sno
1262 3225 1382 3294 periculo
1401 3225 1713 3296 nominantpoenulibus
1726 3225 1880 3282 actionibus
1893 3243 1950 3284 nou
1962 3227 2060 3284 adstru-

640 3317 755 3382 guntur,
778 3311 806 3366 in
830 3325 899 3380 quaa
922 3311 1077 3366 inciderunt
1094 3309 1135 3382 hi,
1160 3327 1210 3382 pro
1228 3313 1328 3384 quibus
1345 3314 1566 3370 interuenerunt:
1589 3329 1637 3371 eos
1655 3315 1726 3371 euim
1744 3315 1876 3372 damnum
1894 3317 2061 3389 reipublicae

640 3405 782 3472 praestare
799 3401 867 3456 satis
886 3406 929 3456 est
947 3400 1020 3470 quod
1038 3400 1161 3469 promitti
1177 3401 1292 3460 uidetur.
2074 3413 2094 3456 at

586 3491 624 3552 18
694 3491 813 3546 Psunus
839 3489 909 3544 libro
934 3489 1023 3560 primo
1048 3491 1250 3558 quaestionum.
1286 3493 1375 3548 Diuus
1399 3491 1518 3549 Seuerus
1542 3493 1683 3564 rescripsit
1704 3493 1850 3550 interualla
1872 3500 2020 3568 temporum
2038 3489 2094 3548 iuP

642 3578 833 3634 continuandis
851 3577 998 3635 oneribus²
1016 3579 1123 3650 inuitis,
1142 3595 1196 3636 uon
1214 3581 1298 3638 etiam
1316 3581 1473 3639 uolentibus
1491 3597 1634 3654 concessa,
1653 3583 1718 3639 dum
1735 3585 1853 3654 nequis
1870 3588 2009 3643 continuet
2023 3583 2062 3638 bo

642 3682 745 3723 uorem.

586 3761 624 3820 19
696 3755 854 3812 semrom
877 3755 946 3812 libro
970 3756 1059 3828 primo
1077 3758 1277 3828 quaestionum.
1313 3759 1392 3827 Quod
1411 3762 1498 3818 maior
1514 3777 1579 3832 pars
1596 3762 1688 3818 curiae
1705 3762 1810 3833 effecit,
1832 3779 1884 3834 pro
1903 3779 1937 3820 eo
1953 3758 2096 3832 babetur?

642 3859 676 3902 ao
693 3846 716 3900 si
735 3861 831 3901 omues
849 3846 964 3914 egerint
1968 3907 1969 3912 ,
2079 3863 2099 3904 ιι

585 3939 626 3999 20
694 3936 813 3991 Patruus
837 3933 905 3991 libro
923 3935 1073 3992 uicensimo
1091 3939 1189 4006 quarto
1207 3939 1409 4006 quaestionum.
1445 3939 1619 3995 Domicilium
1638 3954 1668 3996 re
1685 3945 1715 3996 et
1730 3938 1805 3997 iacto
1823 3941 1997 4012 transfertur,
2017 3937 2099 3997 noul’

642 4023 717 4080 nuda
736 4027 746 4093 ΙΙ
766 4026 979 4080 contestatione:
998 4025 1070 4080 sicut
1087 4025 1114 4081 in
1132 4025 1175 4081 bis
1187 4027 1314 4098 erigitur,
1332 4029 1378 4098 qui
1391 4034 1536 4098 negantes
1548 4029 1678 4099 possead
1691 4045 1804 4086 munera
1816 4038 1849 4088 ut
1859 4033 1963 4089 incolas
1974 4031 2065 4088 uomit
2078 4031 2125 4086 titi

585 4119 623 4180 21
695 4111 774 4168 Iunas
796 4113 864 4170 libro
887 4116 974 4185 primo
996 4129 1197 4184 responsorum.
1233 4116 1335 4172 Lucius
1353 4119 1443 4174 'littus
1460 4133 1522 4173 cum
1542 4123 1617 4174 esset
1633 4119 1661 4174 in
1679 4119 1766 4189 patris
1782 4125 1938 4192 potestate,
1956 4138 1973 4178 a
1990 4121 2065 4192 magl-
2080 4115 2101 4172 P

642 4202 774 4258 stratibus
798 4203 868 4258 inter
892 4209 998 4259 ceteros
1023 4202 1160 4260 frumento
1178 4207 1363 4282 comparando
1381 4209 1467 4264 inuito
1484 4213 1563 4277 patre
1581 4212 1691 4264 curator
1707 4211 1875 4267 comtitutus
1893 4217 1951 4268 est:
1975 4212 2017 4268 cui
2032 4209 2066 4265 rei

642 4293 744 4348 Lucius
763 4293 852 4348 Titius
876 4309 965 4364 neque
990 4295 1130 4350 consensit
1153 4309 1242 4366 neque
1265 4296 1410 4366 pecuniam
1434 4298 1542 4368 accepit
1563 4311 1652 4368 neque
1669 4297 1698 4353 in
1715 4313 1778 4354 eam
1796 4301 1872 4356 cauit
1889 4307 1939 4358 aut
1955 4317 1986 4357 se
2002 4315 2066 4356 eou-
2080 4309 2103 4351 tl

642 4399 835 4467 MXYMOG)

644 4561 653 4593 ¹
672 4555 730 4612 fore
749 4558 955 4628 spoponderunt
972 4559 1070 4626 (edulii
1141 4559 1318 4618 lbonoribus
1336 4517 1434 4631 (eddrli

643 4715 843 4788 oadopttone
862 4718 901 4770 F’
958 4719 1026 4788 isi]
1046 4721 1069 4776 si
1087 4721 1111 4777 ia
1130 4722 1167 4775 F’
1187 4721 1193 4788 1
1213 4722 1331 4777 emanci·
1384 4725 1418 4781 27
1431 4723 1578 4780 ineola's'm
1591 4725 1628 4780 F·
1671 4727 1705 4781 31
1719 4731 1810 4797 quiae
1823 4727 1862 4783 rt
1909 4727 2067 4800 asprenati
2131 4727 2133 4736 ‘

641 4795 723 4858 petur
741 4791 778 4841 F²
842 4791 876 4844 11
894 4797 1040 4846 excusator
1057 4793 1092 4846 F¹
1157 4793 1191 4848 14
1213 4795 1329 4864 patrem]
1383 4795 1513 4852 uidentur
1540 4799 1568 4864 F,
1597 4797 1757 4868 promittere
1783 4801 1914 4858 uidentur
1939 4799 2069 4858 XYMOG

642 4862 757 4930 paterF
806 4862 839 4916 16
852 4861 925 4932 apud
936 4862 1056 4932 eosdem]
1066 4861 1096 4917 in
1106 4864 1138 4934 τῇ
1148 4863 1212 4935 atri
1222 4864 1331 4921 niterB
1383 4869 1420 4923 42
1437 4885 1552 4925 munera
1573 4870 1614 4940 ut]
1639 4875 1786 4927 munerant
1804 4875 1842 4927 F¹
1913 4875 1949 4931 44
1968 4886 2067 4944 compa·

644 4933 778 4997 (Calactae
789 4934 825 4986 ud
833 4933 1005 5005 Papinianum
1019 4935 1043 4988 l.
1053 4939 1079 5002 l.)
1127 4937 1162 4992 23
1174 4938 1302 5006 relinquit
1312 4937 1338 4990 F
1384 4939 1470 4996 teudo
1490 4942 1515 4996 F

643 5004 677 5060 24
700 5002 888 5075 suseeptu's'm
915 5004 952 5060 F*
1023 5008 1058 5062 25
1085 5009 1268 5078 respondere
1295 5007 1332 5063 F*
