4216 5424
506 285 508 293 .
621 241 746 308 L418
766 278 797 288 -
817 243 874 308 03
1291 236 1379 318 916
1784 259 1834 308 ua
1855 261 2004 316 0000000000
2102 198 2104 203 ¹

574 408 604 454 30
621 415 711 469 neque
729 399 905 470 capitatione,
923 399 1046 469 exceptis
1065 399 1195 455 militibus
1207 403 1236 456 et
1247 399 1394 468 ueteranis,
1413 407 1540 454 excusari
1552 403 1676 468 possunt.
1704 399 1850 468 llagistris,
1867 401 1908 469 qui
1923 403 2008 460 00001000
2107 448 2108 451 0

622 505 765 544 munerum
784 489 954 544 uacationem
975 488 1090 558 habent,
1113 489 1196 544 item¹
1216 488 1402 558 grammaticis
1426 493 1455 542 et
1472 486 1626 543 oratoribus
1649 493 1679 542 et
1697 488 1811 544 medicis
1834 492 1862 543 et
1876 488 2010 564 0001000000,
2107 488 2108 513 ³

621 593 657 633 ne
674 577 809 648 hospitem
828 577 994 648 reciperent,
1018 593 1035 633 a
1053 576 1221 649 principibus
1245 576 1330 634 inisse
1352 577 1552 634 immunitatem
1570 576 1703 633 indultam
1723 583 1753 633 et
1770 577 1851 632 diuus
1868 577 2012 650 0000000000

622 670 651 722 00
668 666 749 722 dicus
767 665 923 724 Hadriam
941 667 1146 738 rescripserunt.

1353 887 1362 905 ,
2029 848 2039 890 s

727 957 764 1035 00
803 957 867 1034 DE
895 957 1170 1034 UAOATIONE
1196 955 1259 1034 ET
1287 819 1617 1034 EXCUSATIONE
1644 954 1878 1032 MUNERUM
1914 956 1946 1033 u
2032 983 2078 1040 000

588 1112 603 1168 1
676 1112 826 1169 1100000000
849 1113 919 1170 libro
942 1115 1063 1171 secundo
1087 1113 1255 1185 opinionum.
1297 1113 1392 1170 Omnis
1415 1113 1558 1170 excusatio
1585 1127 1636 1168 sua
1662 1113 1802 1182 aequitate
1829 1112 1927 1167 00000000.
1949 1113 2047 1172 0001000

622 1202 865 1270 praetendentibus
884 1202 994 1273 aliquod
1012 1203 1071 1259 sine
1089 1203 1179 1258 iudice
1198 1202 1333 1273 credatur,
1351 1207 1400 1258 aot
1417 1203 1520 1272 passim
1533 1203 1593 1258 sine
1608 1202 1740 1272 temporis
1758 1199 1947 1272 praefinitione,
1962 1210 2023 1272 prout

623 1293 722 1361 cuique
739 1290 862 1362 libuerit,
880 1293 1044 1362 permissum
1062 1290 1146 1347 0000000
1163 1307 1194 1348 00
1213 1305 1359 1362 exossare,
1379 1307 1433 1347 non
1451 1303 1539 1362 erunt,
1557 1293 1605 1361 qni
1621 1305 1736 1346 munera
1754 1290 1909 1346 necessaria
1923 1291 1947 1345 in
1961 1291 2023 1347 robus

624 1380 740 1452 publicis
758 1380 867 1436 obeant.
896 1396 981 1452 quare
999 1387 1028 1436 et
1045 1381 1092 1452 qui
1110 1380 1256 1438 liberorum
1279 1381 1455 1437 incolumium
1478 1381 1537 1436 iure
1561 1397 1578 1436 a
1600 1380 1759 1436 muneribus
1783 1379 1907 1435 ciuilibus
1923 1379 1967 1460 arbi
1980 1381 2023 1437 uin·
2036 1395 2054 1435 00

624 1469 717 1524 dicant
735 1471 948 1540 excusationem,
967 1471 1176 1541 appellationem
1195 1470 1369 1541 interponere
1387 1469 1501 1526 debent:
1520 1475 1549 1524 et
1566 1470 1613 1539 qui
1630 1475 1755 1540 tempora
1766 1467 1909 1540 0000000000
1922 1469 2025 1524 inordirs

592 1567 604 1610 1
624 1558 757 1614 eiusmodi
775 1559 988 1629 appellationum
1006 1559 1165 1630 peragendo
1183 1574 1237 1615 non
1256 1559 1436 1630 seruauerint,
1455 1559 1553 1614 meritc
1571 1559 1788 1630 praescriptione
1802 1559 1966 1630 repelluntur.
1986 1557 2024 1622 Qui

513 1663 514 1666 ¹
624 1649 800 1703 excusatione
818 1649 909 1719 aliqua
932 1655 1060 1719 utuntur,
1083 1649 1328 1719 quotienscumque
1352 1649 1436 1704 creati
1461 1647 1574 1718 inerint,
1599 1647 1651 1703 etsi
1675 1649 1729 1703 iam
1754 1653 1819 1704 ante
1842 1647 1952 1703 absoluti
1971 1653 2025 1716 sunt,

623 1751 737 1792 necesse
761 1735 863 1792 habent
885 1739 1031 1808 appellare.
1060 1738 1110 1794 sed
1132 1739 1228 1809 siper
1251 1738 1415 1794 calumniam
1447 1743 1475 1792 et
1498 1737 1609 1807 saepius
1635 1737 1707 1793 idem
1736 1738 1909 1792 00000000οἰ000
1933 1736 2025 1792 uerendi

623 1827 713 1895 gratia
730 1827 798 1896 eius,
817 1843 898 1897 quem
917 1828 970 1882 0000
986 1832 1120 1898 perpetua
1138 1827 1282 1883 uacatione
1300 1826 1456 1898 subnixum,
1475 1827 1504 1882 id
1522 1825 1612 1882 iacere
1630 1826 1763 1897 probatus
1778 1827 1837 1896 erit,
1856 1829 1971 1895 sumptus
1984 1826 2025 1880 litis
2037 1839 2056 1880 u

623 1916 749 1986 exemplo
768 1916 939 1973 decretorum
958 1917 1147 1988 principalium
1166 1920 1307 1987 praestare
1326 1915 1453 1972 iubeatur
1470 1916 1509 1986 ei,
1533 1931 1614 1986 quem
1638 1916 1697 1970 sine
1720 1931 1807 1972 causa
1824 1916 1931 1984 saepius
1944 1915 2025 1984 inquis

590 2005 702 2060 0000000.
739 2004 791 2071 Qui
809 2008 837 2061 in
855 2005 980 2063 fraudem
999 2006 1102 2063 ordinis
1125 2007 1153 2061 in
1172 2005 1320 2061 bonoribus
1338 2005 1480 2076 gerendis,
1504 2021 1566 2060 cum
1590 2005 1661 2060 inter
1683 2021 1731 2061 eos
1754 2005 1791 2060 ad
1814 2005 1914 2074 primos
1935 2003 2025 2059 bonores

623 2095 708 2148 creari
727 2095 833 2164 possint
850 2095 897 2166 qui
915 2096 943 2151 in
962 2096 1074 2151 ciuitate
1092 2093 1331 2164 munerabantur¹,
1355 2094 1546 2150 euitaudorum
1567 2094 1699 2150 maiorum
1717 2109 1831 2150 onerum
1849 2093 1935 2164 gratia
1950 2092 1980 2146 ad
1993 2107 2025 2146 oo

622 2183 700 2238 lonos
718 2183 890 2254 praediorum
910 2200 941 2240 se
958 2185 1169 2254 transtulerunt,
1194 2189 1225 2240 ut
1243 2183 1393 2240 minoribus
1411 2183 1592 2254 subiciantur,
1616 2183 1685 2238 banc
1703 2181 1910 2238 excusationem
1927 2180 1971 2236 sibi
1985 2195 2025 2236 non

592 2281 605 2325 a
623 2279 795 2342 parauerunt.
828 2273 959 2340 Quamuis
978 2275 1122 2344 sexaginta
1139 2274 1260 2344 quinque
1278 2289 1410 2330 annorum
1429 2273 1526 2343 aliquis
1539 2274 1576 2328 sit
1591 2278 1620 2328 00
1635 2277 1691 2327 tres
1709 2271 1812 2328 liberos
1830 2266 2025 2354 [roff—‘-
1920 2284 1954 2336 co
1963 2283 1981 2334 4
1990 2284 2006 2338 0
2014 2283 2025 2329 0
2037 2285 2056 2324 00

622 2362 771 2418 incolumes
789 2361 898 2432 babeat,
917 2380 934 2418 a
952 2363 1111 2419 muneribus
1131 2369 1223 2418 tamen
1241 2361 1368 2418 ciuilibus
1387 2367 1499 2434 propter
1516 2361 1566 2418 bas
1584 2377 1683 2417 causas
1701 2375 1756 2416 non
1774 2331 1912 2416 liberatur.

587 2447 605 2504 0
675 2452 752 2506 1000000
776 2451 845 2508 libro
863 2452 944 2508 000000
962 2453 1128 2523 opinionum.
1165 2451 1278 2509 Sextum
1298 2451 1433 2507 decimum
1453 2453 1551 2507 aetatis
1575 2467 1677 2506 aunum
1699 2455 1828 2521 agentem
1846 2449 1903 2504 ads
1900 2438 1974 2502 Por.
1914 2433 2051 2500 *uel

623 2557 722 2596 munus
740 2541 856 2596 sitoniae
873 2543 967 2598 uocari
985 2558 1040 2598 non
1058 2546 1179 2612 0000000.
1204 2541 1253 2598 sed
1273 2541 1296 2598 si
1315 2540 1380 2596 nibil
1398 2541 1507 2612 0000000
1525 2541 1553 2596 in
1570 2541 1660 2611 patria
1682 2545 1810 2595 seruator
1832 2538 1867 2594 de
1885 2541 1931 2594 mi-
1947 2533 2026 2622 [(0000.

623 2628 736 2685 noribus
753 2644 863 2700 quoque
881 2631 960 2686 annis
978 2631 1077 2701 uiginti
1095 2631 1215 2701 quinque
1233 2630 1269 2685 ad
1287 2645 1402 2686 munera
1426 2631 1485 2686 0000
1503 2629 1620 2685 bonores
1642 2629 1778 2698 creandi¹,
1802 2629 1876 2683 iusta
1898 2635 1967 2684 aetas
1985 2642 2025 2681 000-

623 2823 683 2864 rum
703 2806 738 2862 ab
756 2807 905 2864 bonoribus
923 2811 972 2864 aut
991 2807 1149 2864 muneribus
1166 2807 1209 2864 bis
1228 2808 1437 2866 cohaerentibus
1455 2810 1660 2865 excusationem
1677 2825 1732 2864 non
1750 2814 1883 2878 praestat,
1900 2807 2026 2860 00010000

592 2907 606 2952 0
624 2897 735 2953 neribus
752 2900 859 2952 0000000000
878 2896 1013 2954 ciuilibus.
1043 2897 1176 2968 Adoptlul
1188 2895 1255 2954 lilii'
1248 2915 1275 2954 000
1288 2913 1430 2954 numerum
1449 2914 1503 2954 0000
1520 2896 1667 2969 proliciunt
1683 2913 1779 2954 eornm
1796 2896 1948 2964 liberorum,
1964 2888 2026 2977 [0000

592 2997 606 3041 0
624 3003 670 3056 000
689 3001 821 3042 excusare
838 2991 967 3056 parentes
985 2987 1083 3042 solent.
1120 2985 1172 3052 Qui
1191 2987 1225 3042 ad
1244 3003 1359 3043 munera
1376 2992 1524 3058 uocantur,
1550 2989 1675 3043 uiuorum
1699 3001 1729 3042 se
1747 2985 1894 3042 liberorum
1912 2997 2026 3040 0000000000

623 3074 724 3130 habere
742 3079 874 3145 tempore,
893 3091 948 3146 quo
966 3081 1079 3147 propter
1096 3089 1144 3131 eos
1162 3077 1288 3132 excusari
1306 3077 1472 3146 desiderant,
1490 3075 1606 3150 probare
1624 3075 1739 3131 debent:
1759 3090 1889 3130 numerus
1900 3075 1964 3130 enim
1980 3071 2026 3126 100

591 3174 607 3220 4
622 3179 714 3219 rorum
733 3169 830 3234 postea
847 3166 991 3236 impletus⁴
1009 3165 1147 3234 susceptis
1165 3169 1247 3220 antea
1264 3165 1422 3222 muneribus
1441 3181 1494 3221 non
1513 3165 1618 3221 liberat.
1646 3166 1723 3231 Quae
1734 3165 2056 3235 patrimoniorumouerau

591 3249 609 3309 o'
623 3257 695 3322 sunt,
714 3267 827 3309 numero
846 3253 991 3310 liberomm
1010 3269 1064 3310 non
1083 3259 1257 3310 excusantur.
1294 3255 1446 3310 incolumes
1464 3253 1554 3322 liberi,
1577 3255 1685 3310 etiamsi
1709 3255 1737 3310 iu
1760 3257 1900 3324 potestate
1916 3251 1979 3323 patri
1992 3263 2027 3304 000

591 3353 605 3398 0
623 3341 754 3398 desierint
772 3357 842 3412 esse,
861 3343 1066 3400 executionem
1084 3360 1102 3400 0
1120 3343 1278 3400 muneribus
1296 3343 1422 3400 ciuilibus
1439 3347 1589 3413 praestant.
1625 3344 1715 3400 11000000
1733 3343 1850 3399 audiens
1867 3342 2028 3398 inmunitatem

592 3431 744 3486 iciuilium
770 3447 912 3488 munerum
937 3449 993 3488 non
1016 3431 1108 3489 habet.
1151 3433 1237 3500 Quem
1261 3433 1300 3488 ita
1323 3433 1399 3488 senio
1426 3439 1454 3487 et
1476 3433 1598 3503 corporis
1619 3431 1797 3488 inbecillitate
1824 3433 1917 3488 uexari
1942 3441 2029 3500 000000

623 3519 855 3591 animaduerterit,
875 3527 906 3576 ut
923 3522 1029 3577 muneri
1047 3521 1225 3593 perferendae
1243 3523 1376 3593 pecuniae
1394 3537 1449 3577 uon
1467 3520 1595 3591 sufficiat,
1613 3522 1736 3578 dimittat
1753 3525 1783 3577 00
1800 3522 1884 3578 alium
1898 3519 2029 3576 0000000000

575 3618 606 3664 ra
624 3609 752 3678 Corporis
770 3609 897 3665 debilitas
915 3625 1009 3666 eornm
1028 3627 1170 3668 munerum
1190 3612 1394 3668 excusationem
1413 3615 1548 3681 praestat,
1571 3625 1642 3680 quae
1660 3617 1767 3666 tantum
1786 3626 1900 3682 corpore
1932 3600 2059 3674 {afsto

623 3698 761 3768 implenda
779 3705 851 3754 sunt.
879 3703 999 3756 ceterum
1018 3716 1089 3770 quae
1107 3702 1220 3758 consilio
1237 3699 1380 3771 prudentis
1399 3700 1450 3755 uiri
1469 3701 1513 3754 uel
1528 3699 1690 3769 patrimonio
1702 3698 1866 3756 sufficientis
1878 3701 1905 3754 in
1917 3696 2030 3754 homiues‘

591 3797 605 3842 0
623 3787 693 3842 obiri
710 3795 833 3859 possunt,
856 3790 909 3844 nisi
927 3790 1009 3845 certis
1027 3796 1056 3846 et
1073 3793 1191 3862 receptis
1209 3789 1396 3862 probabilibus
1414 3789 1505 3846 censis
1523 3806 1577 3846 non
1595 3791 1780 3845 remittuntur.
1817 3789 1870 3856 Qui
1887 3779 2030 3869 00000οΚ00

622 3877 725 3946 primas
743 3877 848 3933 litteras
867 3877 980 3948 docent,
1004 3879 1194 3934 inmunitatem
1214 3895 1230 3934 a
1248 3878 1374 3934 ciuilibus
1392 3878 1550 3934 muneribus
1568 3895 1623 3934 non
1640 3878 1756 3934 babent:
1777 3878 1829 3933 sed
1847 3894 1881 3933 ne
1899 3879 1941 3933 cni
1957 3891 2030 3932 eorum

623 3965 651 4019 id
670 3965 743 4035 quod
761 3982 846 4036 supra
863 3967 936 4022 uires
954 3967 991 4022 000
1008 3967 1151 4037 indicatur,
1170 3967 1205 4022 ad
1223 3968 1358 4038 praesidis
1376 3969 1534 4040 religionem
1552 3969 1679 4039 pertinet,
1697 3969 1757 4023 siue
1775 3969 1803 4023 in
1823 3967 1974 4024 0000000000
1988 3965 2031 4020 siue

623 4054 651 4109 iu
670 4055 738 4110 uicis
756 4056 858 4125 primas
875 4057 981 4112 litteras
1000 4057 1124 4126 magistri
1141 4057 1267 4113 doceant.
2041 4065 2059 4104 ⁴⁸

586 4140 605 4198 3
676 4141 834 4200 8000000000
853 4143 922 4201 libro
940 4146 1021 4200 tertio
1039 4146 1203 4216 regularum.
1231 4147 1289 4217 His,
1308 4147 1354 4216 qui
1373 4161 1459 4202 naues
1477 4147 1595 4202 marinas
1612 4145 1818 4202 fabricauerunt
1832 4151 1861 4200 et
1872 4146 1907 4201 ad
1919 4143 2055 4200 0000000000

622 4233 717 4302 populi
734 4233 849 4290 Romani
873 4233 1060 4305 praefuerint⁸
1078 4249 1133 4290 non
1155 4235 1274 4292 minores
1296 4236 1496 4306 quinquaginta
1515 4236 1618 4292 milium
1636 4235 1790 4292 modiorum
1810 4239 1860 4292 ant
1875 4235 1977 4305 pluresi
1991 4232 2031 4287 000

622 4329 815 4400 mxumo)

623 4473 632 4507 ¹
650 4472 726 4541 item]
738 4471 767 4528 id
780 4474 1000 4542 estidolorum?
1069 4475 1081 4510 ²
1099 4491 1162 4531 cum
1180 4475 1252 4530 inter
1269 4491 1317 4532 eos
1336 4475 1371 4532 ad
1389 4477 1492 4548 primos
1509 4477 1626 4534 bonores
1643 4477 1692 4548 qui
1710 4477 1799 4532 creari
1812 4475 1947 4546 possent·
1939 4492 1965 4530 rn
1980 4471 2031 4528 0000·

620 4548 678 4598 tate
696 4545 910 4600 numerabantur
927 4547 985 4610 (000
1003 4547 1091 4613 00000
1160 4547 1336 4604 'creandisl
1406 4549 1519 4605 ‘atas
1594 4547 1879 4606 ι0000000100000000000
1945 4547 2032 4616 ‘pm

620 4613 740 4670 buerunt
756 4617 860 4684 (100000
930 4619 940 4651 ²
959 4619 1146 4688 autquinque
1164 4619 1313 4690 pluresue?

622 4749 789 4803 lexcusare
807 4749 833 4802 F
880 4748 1087 4807 0100000000οπ0
1105 4752 1132 4804 F
1172 4751 1311 4822 3*b⁴0spi-
1363 4753 1398 4808 27
1416 4751 1482 4808 lilii⁴
1496 4753 1533 4805 Γ*
1586 4753 1621 4808 28
1639 4751 1786 4822 0000100Ἲ
1840 4755 1876 4809 30
1891 4747 2034 4824 porussi*

620 4823 675 4874 tem
696 4820 733 4873 F’
795 4820 814 4874 4
838 4819 1005 4878 hadrianus
1024 4825 1061 4876 F’
1125 4823 1310 4880 6000000οο000
1363 4825 1398 4879 33
1416 4823 1592 4880 inueelllitate
1605 4826 1630 4878 F
1672 4825 1708 4880 34
1725 4825 1891 4880 demittat?
1932 4820 2035 4879 300000·

621 4891 672 4944 ind.
686 4890 712 4943 F
746 4891 934 4960 8possimF¹
977 4895 1009 4948 11
1023 4893 1182 4950 ordinemF
1217 4897 1309 4966 10000-
1362 4897 1462 4950 litas?
1503 4897 1539 4950 06
1557 4896 1752 4952 0000011000οΡ
1768 4895 1957 4966 00001000000000]
1970 4889 2035 4953 rit

620 4962 795 5029 pellatienem
821 4964 856 5015 F
919 4965 953 5020 lb
975 4966 1066 5034 quem]
1088 4981 1162 5034 quae
1186 4967 1223 5020 F¹
1244 4969 1248 5034 Ι
1270 4967 1307 5036 id]
1361 4967 1706 5040 inhonoresPOetmurp
1708 4969 1761 5032 .,X
1768 4965 1952 5034 inhonoredl,
1961 4962 2036 5022 isal·

620 5037 652 5092 ut
670 5034 707 5090 ps
771 5037 804 5092 16
822 5035 1027 5110 inquietabitF
1085 5039 1120 5092 26
1141 5037 1308 5092 000100001
1362 5039 1398 5095 38
1414 5039 1623 5096 inmunitatem
1642 4989 1706 5092 F⁶⁹
1737 5043 1775 5097 40
1793 5041 1873 5114 000000]
1890 5037 2004 5098 einai·
