3616 5468
215 265 349 336 XXXIII
369 269 390 334 2
411 273 509 330 2-14
894 259 980 341 108
1226 287 1273 334 on
1291 285 1358 335 osu
1375 287 1419 334 nn
1435 285 1502 334 usu
1517 285 1730 334 usseru-

215 439 282 497 pere
299 425 449 495 legatarius
466 427 567 494 potest,
586 422 669 479 etism
688 435 786 492 operas
805 421 864 477 eins
881 421 942 492 ipse
959 423 1050 479 looare
1064 423 1173 494 poterit,
1192 438 1262 494 quas
1274 425 1298 480 si
1309 422 1454 496 prohiberi
1467 423 1549 480 lieres
1566 424 1701 495 eupit..

215 513 362 570 tenebitur.
395 513 467 568 ldem
491 516 535 567 est
558 513 587 566 et
606 512 631 566 si
648 525 746 566 seruus
764 525 794 566 se
812 511 952 566 looanerit.
986 516 1015 567 et
1032 511 1097 582 quia
1114 513 1265 582 legatarius
1281 512 1447 570 fructuarius
1464 528 1519 570 uon
1538 517 1595 584 est,
1618 512 1692 568 ad..

215 601 344 658 herodem
364 617 445 657 suum
462 613 607 672 operarum
625 599 747 668 legatum
765 599 940 654 transmittit:
960 599 1008 655 sed
1028 600 1110 656 seruo
1127 617 1181 656 usu
1199 606 1281 672 oapto
1297 603 1420 673 legstum
1437 601 1518 674 perit

179 693 198 752 3
269 691 389 746 Pronus
406 689 475 745 libro
493 689 575 745 tertio
593 687 628 742 ad
646 685 786 743 Sabinum.
813 687 939 743 Hominis
950 701 1060 759 quoque
1071 687 1150 744 lioeri
1162 704 1262 759 operae
1274 691 1361 762 legari
1371 695 1496 762 possunt,
1516 685 1684 776 Q
1721 699 1739 753 s

215 779 288 836 deut
304 778 389 834 looari
406 783 435 833 et
452 778 480 833 ln
498 776 703 848 stipulationem
721 775 829 832 dedaoi.
986 779 991 786 '
1717 791 1729 833 ι

177 872 197 929 4
268 868 420 925 Uusssrrus
437 866 507 922 libro
525 869 625 922 ootauo
643 865 751 920 dooimo
769 863 805 920 ud
823 863 965 920 Sabinum.
992 862 1022 920 Sl
1034 880 1103 935 puro
1114 867 1268 938 proprietas
1279 867 1373 938 legata
1384 867 1444 938 erit,
1462 882 1496 923 ea
1514 863 1670 952 Q
1713 873 1731 927 S

215 957 251 1013 ad
268 956 431 1026 legatarium
448 953 600 1026 perueniet,
619 953 746 1024 quamuis
763 951 930 1008 iruotusrlus
948 952 1027 1009 heres
1045 954 1082 1020 sit
1099 954 1249 1011 institutus.

177 1046 196 1106 5
267 1045 387 1102 Plenus
404 1041 473 1100 libro
491 1043 573 1099 tertio
592 1041 627 1098 ad
646 1041 786 1098 Sabinum.
815 1040 901 1098 Usum
916 1039 1038 1098 nurum
1058 1041 1127 1098 'eum
1146 1042 1253 1098 moriar'
1266 1043 1399 1100 inutiliter
1410 1045 1495 1116 stlpu·
1513 1039 1655 1129 Μ
1708 1049 1726 1104 d

213 1135 268 1192 lor:
286 1133 359 1189 idem
378 1137 422 1187 est
439 1132 467 1186 in
486 1131 587 1202 legato,
606 1131 672 1201 qnia
689 1133 718 1186 et
735 1131 900 1188 constitutus
918 1145 986 1186 usus
1003 1127 1109 1186 fruetus
1126 1135 1214 1186 morte
1231 1131 1394 1188 intercidere
1411 1134 1490 1189 solet.
1708 1141 1718 1182 t

177 1226 196 1284 6
266 1221 439 1279 Postremus
462 1219 531 1276 libro
555 1220 651 1290 quinto
676 1218 783 1276 daoimo
804 1219 841 1275 ad
858 1217 999 1274 Sabinum.
1035 1217 1065 1274 st
1082 1234 1149 1274 nsua
1167 1217 1273 1277 iruotns
1291 1221 1357 1277 milri
1374 1222 1403 1276 in
1419 1219 1496 1277 bien·
1514 1217 1656 1306 Q
1708 1225 1724 1280 S

213 1311 289 1367 nium
307 1310 466 1366 oontlnuum
485 1325 503 1364 a
520 1313 608 1364 morte
626 1308 767 1364 testatoris
784 1308 893 1378 legatus
912 1307 950 1362 sit
966 1311 996 1363 et
1006 1321 1056 1378 per
1067 1306 1195 1363 heredem
1208 1310 1323 1380 steterit,
1342 1324 1396 1380 quo
1409 1310 1499 1365 minus
1511 1325 1575 1366 eum
1588 1311 1658 1368 mihi

213 1399 306 1471 daret,
330 1397 477 1469 praeterito
501 1397 611 1454 biennio
635 1397 718 1454 nihilo
742 1397 831 1452 minus
848 1399 958 1452 tenetur
976 1395 1218 1466 (quemadmodum
1236 1401 1387 1470 teneretur,
1411 1399 1435 1454 sl
1452 1399 1609 1470 resrlegsta
1624 1399 1657 1454 in
1761 1457 1772 1478 ‚

213 1503 304 1544 rerum
327 1491 426 1543 ustura
448 1499 510 1542 esse
533 1485 665 1556 desisset,
688 1500 771 1556 qnam
789 1485 852 1554 qais
869 1483 996 1554 deberet,
1022 1490 1199 1556 moratusque
1217 1486 1338 1542 essetis
1356 1501 1391 1542 es
1407 1485 1525 1557 danda),
1547 1491 1580 1543 ut
1596 1489 1660 1560 peti

214 1577 325 1648 quidem
342 1577 397 1632 iam
415 1590 483 1630 usus
500 1573 605 1631 duetus
623 1575 671 1646 qui
688 1575 797 1644 legatus
815 1573 924 1630 sitnon
941 1573 1038 1645 possit,
1056 1575 1121 1644 quia
1139 1575 1209 1631 alim
1223 1573 1332 1631 iuturus
1344 1575 1381 1632 slt
1391 1589 1474 1646 quam
1486 1577 1657 1648 quileprtna

213 1663 304 1737 fuerit,
322 1664 373 1720 sed
390 1663 545 1719 aestimatio
564 1664 623 1718 eius
640 1662 716 1720 bima
733 1663 878 1720 denerat
895 1659 1022 1718 lenienda
1039 1661 1084 1718 sit.
1706 1675 1728 1718 so

177 1756 196 1815 ‘l
269 1753 419 1809 Unsssrrus
436 1751 505 1808 libro
523 1752 655 1809 uieeaimo
668 1756 747 1808 sexto
759 1751 795 1806 ad
807 1750 936 1806 edietum.
964 1749 1070 1820 Operae
1081 1754 1248 1807 testammto
1259 1751 1371 1808 reliotae
1384 1751 1495 1822 quando
1514 1747 1653 1838 Q
1704 1759 1721 1814 i

214 1841 313 1898 oedere
330 1840 463 1912 deberat,
486 1845 577 1896 utrum
595 1855 630 1896 ex
648 1855 704 1912 qno
720 1840 791 1911 petit
807 1853 856 1894 ees
872 1839 1023 1909 legatarius
1041 1854 1077 1894 an
1095 1853 1130 1894 ex
1148 1853 1203 1909 quo
1220 1839 1298 1896 adita
1314 1839 1452 1897 hereditas
1470 1841 1534 1897 esti
1562 1848 1592 1897 et
1608 1842 1655 1898 eui

213 1935 328 2002 pereant
345 1931 413 2001 dias,
432 1929 532 2000 quibus
550 1945 633 2000 segor
650 1943 748 1985 seruus
766 1926 850 1986 miti.
863 1933 892 1982 et
908 1933 976 1998 puto
993 1941 1029 1982 ex
1046 1927 1092 1984 die
1109 1927 1249 1998 petitionis
1266 1943 1314 1985 eas
1326 1928 1438 1986 sedere:
1456 1943 1542 2000 qnare
1554 1931 1578 1988 si
1588 1934 1655 2002 post

213 2019 315 2091 petitas
333 2033 418 2089 aeger
435 2033 497 2074 esse
515 2033 612 2074 seruus
631 2017 759 2088 eoeperit,
777 2016 911 2086 legatsrio
928 2015 1065 2086 peribunt
1700 2028 1722 2069 ss

176 2109 196 2169 8
268 2107 362 2164 Gerus
384 2106 452 2162 libro
475 2108 558 2162 tertio
581 2107 616 2162 de
640 2107 739 2178 legatis
757 2105 793 2161 ad
812 2104 932 2160 edietum
950 2103 1094 2174 praeseus.
1130 2101 1161 2160 Si
1178 2119 1246 2161 usus
1263 2098 1656 2192 Q
1696 2111 1715 2166 S

213 2195 319 2252 fruetus
337 2194 520 2266 munioiplbua
536 2195 645 2266 legatus
663 2195 723 2266 erit,
741 2194 889 2266 quaeritur,
907 2207 1051 2264 quousque
1067 2193 1096 2248 iu
1116 2207 1149 2249 eo
1167 2209 1220 2249 nau
1237 2191 1329 2250 iruotu
1347 2193 1443 2250 tuendi
1460 2195 1530 2252 aiut:
1548 2213 1612 2252 nrm
1626 2197 1655 2253 si

213 2285 275 2356 quis
292 2300 341 2342 eos
358 2287 493 2356 perpetuo
509 2289 610 2354 tuetur,
628 2284 703 2339 nulls
719 2283 824 2338 utilitas
838 2281 890 2337 erit
901 2281 992 2337 nudae
1003 2281 1179 2352 proprietatis
1190 2297 1299 2354 semper
1310 2281 1475 2340 abscedente
1486 2299 1539 2340 usu
1550 2283 1652 2342 duem.

212 2373 286 2430 unde
304 2377 414 2429 eentum
433 2387 519 2429 annos
536 2371 725 2429 obseruandos
742 2385 805 2427 esso
822 2375 940 2440 eonstat,
958 2370 1006 2441 qui
1023 2369 1085 2426 finis
1103 2371 1177 2436 uitae
1194 2371 1371 2442 longissimus
1389 2375 1472 2428 esset

177 2466 196 2525 9
267 2463 418 2519 Unrrsrros
434 2459 503 2517 libro
521 2463 621 2516 oetauo
632 2459 859 2532 disputationum.
887 2458 917 2515 st
929 2457 964 2514 sb
977 2473 1018 2529 eo,
1037 2460 1082 2514 eui
1092 2460 1203 2529 legatus
1215 2465 1290 2516 esset
1301 2475 1368 2516 usus
1379 2458 1494 2532 motus,
1513 2457 1653 2546 Q
1691 2455 1717 2512 S

212 2549 454 2608 fideicommissum
477 2548 561 2606 luerit
583 2549 720 2620 relietum,
743 2550 808 2606 ieet
830 2547 840 2622 ΙΙ
862 2563 930 2604 irena
947 2546 1053 2603 fruetus
1071 2547 1107 2602 ad
1117 2549 1287 2618 legatarium
1304 2564 1360 2606 non
1376 2551 1547 2622 peruenerit,
1571 2551 1653 2608 bessa
1691 2533 1760 2597 Μ’

212 2643 314 2710 muron,
332 2654 417 2711 penes
435 2653 517 2710 quem
535 2653 603 2693 usus
617 2635 723 2693 motus
734 2643 866 2708 remanet,
884 2635 1125 2693 fideioommissum
1138 2642 1269 2706 praestat
1296 2637 1371 2708 quod
1382 2643 1411 2693 et
1422 2638 1450 2693 in
1462 2639 1556 2695 militis
1567 2645 1652 2697 testa-
1693 2635 1734 2682 ¹⁶

213 2733 307 2785 mento
325 2729 378 2783 erit
395 2727 555 2797 dieendum,
576 2725 600 2781 si
618 2726 776 2798 legatarius,
795 2743 812 2782 a
830 2741 885 2796 quo
903 2724 1143 2782 fideieommiaaum
1161 2726 1285 2782 relietum
1304 2731 1355 2797 est,
1373 2727 1561 2798 repndisuerit
1576 2729 1651 2800 lega·

212 2821 272 2872 tum
291 2816 335 2872 uel
353 2815 418 2872 uiuo
435 2818 569 2871 testatore
587 2813 744 2870 deessserit.

158 2909 197 2968 10
266 2905 409 2960 Iumssoe
426 2902 495 2959 libro
513 2903 718 2974 septuagesimo
736 2907 835 2959 ootuuo
854 2901 1032 2972 digestorum.
1065 2900 1094 2958 Sl
1106 2902 1181 2958 Titio
1192 2900 1295 2958 fundus
1312 2907 1341 2958 ot
1352 2901 1475 2960 eiusdem
1493 2899 1650 2990 [p‘ffl
1696 2895 1731 2954 S

213 2992 291 3049 fundi
308 3009 376 3049 usna
393 2990 499 3048 fruetus
517 2993 625 3062 legatus
644 2990 733 3062 luerit,
752 2992 804 3046 erit
820 2991 849 3048 in
865 2994 1003 3062 potestate
1021 2991 1089 3060 eius,
1107 2989 1222 3046 fundum
1238 3007 1274 3046 an
1286 3005 1366 3048 rmum
1377 2989 1497 3049 oneum
1509 2995 1651 3051 uindioare
1700 2985 1745 3033 ³⁰

213 3083 298 3138 metit.
326 3087 355 3137 et
372 3082 396 3137 ai
413 3079 528 3137 fundum
547 3080 674 3150 elegerit,
692 3079 847 3136 neeessesio
864 3080 973 3150 plenam
992 3079 1187 3150 proprietatem
1205 3077 1332 3151 habebit,
1349 3081 1415 3136 lieet
1431 3097 1512 3138 urum
1530 3081 1649 3140 mserum

213 3185 284 3228 ese
308 3170 470 3242 reppulerit:
494 3169 518 3225 sl
539 3183 606 3226 uero
629 3183 710 3224 usum
733 3166 853 3224 frustum
876 3167 978 3224 hebere
996 3169 1123 3226 maluerit
1140 3173 1169 3224 et
1185 3169 1381 3240 proprietatem
1398 3168 1476 3226 tundi
1493 3173 1649 3244 reppulerit,

212 3261 301 3317 solum
319 3275 400 3315 usum
417 3257 536 3315 sermm
554 3255 675 3313 habebit.

157 3352 194 3412 11
266 3349 345 3404 ιιιι
367 3347 436 3404 uero
458 3347 546 3417 peno
569 3360 604 3402 ιι
620 3345 739 3402 uiuere.
776 3343 962 3401 ιιιιιιιιιιιιι
982 3345 1106 3415 septum
1128 3345 1158 3401 ιι
1182 3345 1305 3417 singulos
1329 3361 1416 3405 ιιιιι
1433 3346 1469 3404 ιι
1491 3343 1650 3434 Q
1699 3329 1755 3396 Β·

212 3437 291 3494 initio
308 3437 374 3493 anni
391 3435 486 3492 deberi
503 3437 620 3492 eousmt
1702 3421 1750 3476 ³⁵

158 3530 196 3588 12
266 3525 408 3582 Aususue
426 3524 529 3581 Usaus
545 3523 615 3580 libro
633 3521 755 3578 seeundo
773 3521 943 3592 digestorum
961 3538 979 3579 a
995 3522 1081 3578 Paulo
1099 3522 1319 3593 epitomstorum.
1346 3523 1434 3580 lieres
1445 3523 1474 3580 in
1492 3519 1649 3608 ffi'ri

212 3613 312 3685 fundo,
336 3614 414 3670 ouius
438 3627 506 3668 usus
524 3611 631 3667 iruetus
648 3612 757 3682 legatus
776 3615 832 3681 ost,
853 3611 946 3667 uillam
964 3611 1070 3682 posuit:
1094 3625 1155 3667 eam
1173 3612 1262 3668 inuito
1279 3610 1428 3668 metusne
1446 3603 1650 3674 demolue'n‘on

213 3707 318 3776 potest,
337 3702 421 3758 nihilo
439 3701 527 3771 magis
545 3716 627 3770 quem
646 3701 683 3770 si,
702 3715 784 3770 qnam
804 3698 929 3754 arborem
947 3699 1093 3769 posuisset,
1112 3714 1148 3754 ox
1164 3697 1250 3756 iundo
1267 3700 1292 3756 is
1309 3701 1426 3757 euellere
1443 3703 1540 3760 uellet:
1558 3705 1610 3762 sod
1626 3705 1651 3762 si

213 3797 361 3862 sntequsm
379 3787 597 3845 usustuetusrius
614 3789 792 3859 prohibuerit,
811 3788 971 3858 demolierit,
989 3789 1101 3858 impune
1118 3785 1265 3844 rasurum.
1694 3775 1749 3830 θ’

157 3883 195 3944 13
266 3879 387 3934 Psunos
409 3877 479 3933 libro
502 3877 583 3932 tertio
606 3875 713 3934 deolmo
731 3878 768 3933 od
784 3877 930 3933 Plautium.
968 3855 1037 3931 (lum
1055 3873 1246 3931 ususfructus
1265 3876 1473 3934 slterniaannis
1491 3875 1650 3965 Q
1685 3857 1745 3934 fl

212 3968 328 4038 legetur,
347 3981 401 4023 non
419 3981 513 4036 unum,
532 3964 581 4020 sed
598 3961 679 4035 plura
695 3966 788 4035 legsta
805 3969 877 4021 sunt
904 3963 979 4020 adod
997 3967 1040 4020 est
1058 3964 1087 4020 in
1102 3964 1238 4020 seruitute
1255 3979 1344 4035 aquae
1363 3969 1391 4022 et
1408 3966 1483 4023 uiso:
1501 3969 1565 4025 nise
1576 3971 1650 4026 enim

213 4057 332 4112 seruitus
350 4071 406 4112 una
424 4061 475 4127 est,
494 4055 558 4125 qnia
576 4057 675 4109 natura
691 4054 735 4110 sui
752 4052 837 4109 habet
853 4053 1091 4109 intermissionem.
1482 4093 1485 4104 ,

157 4149 196 4208 14
267 4143 381 4201 (tumus
398 4143 467 4200 libro
485 4147 584 4199 oetauo
602 4141 708 4198 deoimo
724 4142 902 4213 digestorum.
930 4141 1008 4197 Duos
1019 4142 1166 4212 seperatim
1179 4141 1220 4196 uti
1230 4139 1285 4197 frui
1296 4141 1386 4198 sinere
1398 4142 1473 4200 dam-
1492 4139 1651 4232 Q
1679 4124 1743 4204 fl

213 4237 295 4290 natus
312 4232 391 4288 heres
408 4233 590 4288 communiter
606 4232 647 4286 ati
664 4230 719 4287 isui
735 4246 835 4302 passus
853 4233 910 4286 est:
933 4228 1129 4302 quaerebatur,
1149 4247 1185 4286 sn
1203 4231 1312 4302 utrique
1333 4245 1368 4287 ex
1387 4235 1555 4291 testamento
1575 4241 1651 4292 tene

212 4327 296 4378 retur.
324 4321 381 4377 dixi
403 4321 504 4392 teneri,
529 4321 553 4376 si
575 4323 693 4376 testator
714 4323 861 4390 auumque
884 4318 1001 4375 solidum
1018 4317 1121 4376 habere
1138 4320 1239 4376 uoluit:
1263 4335 1328 4376 nam
1346 4319 1433 4392 ipsius
1451 4335 1521 4378 onus
1539 4327 1597 4396 est,
1620 4328 1653 4382 ut
1679 4305 1744 4364 ¹⁵

213 4411 330 4466 solidum
354 4409 470 4480 singulis
493 4409 616 4480 legatum
638 4411 806 4479 praestaret:
830 4423 886 4479 qus
906 4411 986 4479 perte
1008 4409 1093 4479 igitur
1116 4409 1231 4466 ultorum
1250 4408 1291 4464 uti
1308 4406 1363 4465 frui
1380 4409 1483 4466 sineret
1499 4409 1595 4484 heres,
1618 4427 1653 4470 es

211 4503 291 4656 mee
288 4513 371 4642 ιθιιιίιιέ
370 4513 445 4642 1ὶιοιὲιι
462 4498 552 4555 sinere
569 4497 751 4562 alterumuti
767 4495 833 4570 irui,
857 4496 975 4569 ideoque
997 4513 1047 4568 per
1068 4497 1285 4556 aestimationem
1308 4497 1456 4568 unionique
1476 4499 1553 4570 quod
1573 4501 1653 4560 deest

211 4681 454 4752 qwnuoros)

211 4825 221 4861 ¹
239 4821 319 4878 darii

90 4951 94 4958 .
209 4913 630 4962 ἡ

208 4953 570 5038 θιιοιιιιῖιιωίιιιιιιῐᾱιιθ
582 4989 619 5050 F,
666 4957 906 5044 postseeudeute
957 4957 1122 5028 legatarium
1130 4971 1186 5044 non
1194 4956 1605 5044 peruenerit'ideieommisanm
1615 4963 1651 5018 F*

205 5025 240 5080 F:
257 5025 458 5103 ch.7,1,56
501 5038 537 5104 24
554 5073 629 5152 ,W
652 5056 728 5129 um
742 5033 850 5096 fruetus
870 5029 906 5086 ad
959 5029 1173 5102 dimeppnlerst
1189 5031 1227 5086 Ρ
1279 5032 1315 5088 39
1333 5029 1505 5088 demolierit
1522 5033 1560 5086 Β*
