3614 5460
320 269 614 338 XXXXVH1161
992 261 1079 343 836
1214 285 1261 334 an
1285 283 1745 336 smu.oous.uuarmu1aucu

321 426 427 483 ridibus
445 426 577 498 postulari
595 440 628 481 ac
645 425 784 496 impetrari
802 425 884 494 solet,
907 423 973 480 item
991 439 1040 495 pro
1057 423 1202 495 tribunali,
1225 439 1280 480 non
1298 424 1333 480 de
1351 425 1446 496 plano:
1465 439 1518 480 uec
1534 437 1667 494 praeseus
1682 420 1747 476 bauo

289 517 504 586 ecognitlonem
527 514 606 598 elteri
629 513 795 570 demandare
816 516 918 585 potest.
954 511 984 568 Si
1006 513 1085 584 plura
1107 513 1220 568 crimina
1241 513 1315 569 idem
1339 513 1427 569 eidem
1451 512 1557 581 intulit,
1585 511 1747 582 singulorum

322 604 407 661 debet
429 603 603 660 abolitionem
627 608 735 674 petere:
759 603 878 672 alioquin
900 607 982 672 prout
1004 601 1071 670 quid
1095 603 1260 673 admiserlt1,
1284 605 1343 658 eius
1365 603 1474 658 nomine
1497 605 1614 656 senatus
1638 598 1749 655 consulti

274 703 304 748 10
321 709 442 765 poenam*
456 693 585 764 patietur.
622 691 835 747 Accusationem
853 692 877 747 la
896 693 994 760 intulit,
1012 693 1059 762 qui
1077 694 1290 763 praescriptione
1308 691 1474 748 summoueri
1492 695 1611 760 poterat,
1629 688 1679 744 ut’
1694 687 1748 758 qui·

321 782 389 838 libet
406 782 533 838 adulterii
550 782 673 836 runculo
690 786 755 852 post
772 781 892 851 quinque
910 795 996 838 annos
1014 782 1160 837 continuos
1176 797 1212 838 ea
1229 781 1274 837 die
1288 781 1426 838 commissi
1439 779 1567 835 adulterii
1579 779 1624 833 nel
1636 777 1748 832 feminae
1764 785 1801 832 s

322 877 386 942 post
402 887 451 926 sea
468 885 577 926 meuses
595 870 676 926 utiles
694 885 729 926 cx
747 870 792 926 dle
810 870 933 925 dicendi:
951 886 995 942 an,
1010 871 1037 925 ai
1056 870 1198 940 destiterit,
1217 870 1269 926 hoo
1286 875 1398 926 senatus
1417 870 1543 925 consulto
1560 867 1646 938 plecti
1662 865 1747 933 debet,

323 959 393 1016 belle
411 959 559 1016 dubitatur.
589 963 693 1027 mouet,
711 957 785 1029 quod
802 973 890 1028 paene
907 959 982 1014 nulla
999 960 1052 1014 erlt
1069 961 1222 1030 accusatio,
1240 975 1322 1030 qnam
1339 958 1470 1028 temporis
1489 957 1610 1027 spatium
1629 959 1677 1010 aut
1693 969 1747 1024 per·

323 1063 407 1105 sonae
423 1049 519 1104 uitium
531 1047 689 1105 omnimode
700 1052 854 1104 remoueret
864 1063 966 1118 reoque
978 1049 1152 1104 securitatem
1164 1049 1270 1104 timoris
1282 1063 1315 1103 ae
1326 1047 1439 1118 periculi
1451 1047 1632 1117 promitteret
1659 1049 1748 1100 cenna

323 1142 424 1208 mouet,
442 1137 516 1208 quod
533 1138 738 1208 qualiscumque
757 1137 895 1194 wcuaetio
913 1138 989 1193 illata
1005 1138 1197 1208 cognoscentis
1215 1138 1391 1207 auctoritate,
1409 1151 1464 1191 non
1482 1135 1642 1190 accusantis
1659 1133 1745 1189 uolun-

322 1231 381 1283 tate
399 1227 501 1282 aboleri
519 1225 602 1282 debet
619 1227 775 1298 maioreque
793 1227 857 1282 odio
875 1227 975 1296 dignus
993 1227 1203 1297 existimaretur,
1223 1228 1271 1297 qui
1288 1232 1391 1282 temere
1409 1225 1444 1280 ad
1461 1230 1520 1280 tam
1539 1222 1690 1294 improbam
1705 1235 1743 1276 ac
1763 1241 1786 1279 ur

323 1316 492 1372 cusationem
510 1317 699 1386 processisset.
729 1329 795 1385 ergo
813 1315 906 1370 uerius
922 1319 967 1371 eat
983 1331 1046 1372 eum
1064 1331 1173 1387 quoque
1191 1315 1226 1370 de
1244 1331 1299 1385 quo
1317 1315 1453 1386 loquimur
1469 1315 1498 1369 in
1517 1318 1631 1369 senatus
1648 1310 1742 1367 eonsul-

323 1409 382 1460 tum
400 1404 519 1459 incidere
537 1409 670 1474 oportere.
697 1403 798 1474 adquin
817 1403 982 1474 Papinianus
999 1405 1143 1475 respoudit
1157 1405 1306 1473 mulierem,
1324 1418 1395 1474 quae
1407 1403 1510 1459 ideirco
1528 1394 1739 1486 Q

323 1491 359 1548 ad
377 1491 439 1548 falsi
457 1494 658 1548 accusationem
676 1509 731 1549 non
749 1491 947 1562 admitteretur,
966 1493 1040 1562 quod
1058 1509 1136 1549 suam
1155 1508 1302 1550 sucrumue
1319 1493 1444 1548 iniuriam
1464 1507 1521 1549 neu
1535 1495 1735 1563 persequeretur,

323 1581 501 1638 desistentem
519 1586 632 1638 senatus
650 1581 775 1638 consulto
793 1583 961 1652 ‘lurpilliano
980 1597 1034 1638 uon
1052 1584 1143 1653 plecti.
1173 1599 1238 1639 num
1257 1597 1323 1654 erge
1341 1587 1371 1639 et
1387 1583 1415 1637 in
1434 1582 1534 1638 ceteris
1552 1581 1628 1636 idem
1642 1594 1733 1649 respon·

323 1685 404 1727 surus
422 1671 477 1726 ait?
508 1669 573 1740 quid
592 1671 664 1726 enim
681 1671 808 1740 interest,
832 1676 943 1742 propter
961 1687 1044 1728 sexus
1061 1672 1246 1728 infirmitatem
1266 1689 1301 1728 an
1318 1677 1431 1742 propter
1448 1675 1539 1726 status
1556 1668 1730 1740 turpitudinem
1742 1675 1759 1716 1⁵

322 1759 490 1830 temporisne
511 1757 594 1814 finem
617 1759 653 1814 ad
676 1761 880 1816 accusationem
903 1762 1022 1831 aliquam
1040 1777 1096 1818 uon
1114 1761 1293 1818 admittatur?
1325 1762 1466 1831 multoque
1484 1760 1575 1830 magis
1592 1755 1729 1814 excludendi

323 1854 401 1919 suut,
424 1847 499 1918 quod
518 1849 637 1904 mulieris
654 1848 764 1918 quidem
783 1850 922 1906 accusatio
940 1851 985 1906 uel
1003 1857 1113 1921 propter
1130 1851 1268 1922 proprium
1288 1851 1347 1905 eius
1365 1849 1487 1906 dolerem
1506 1849 1634 1904 edentum
1650 1845 1727 1901 babere

322 1938 425 2009 potuit,
447 1939 552 1994 illorum
576 1953 643 1994 uero
666 1939 805 1994 accusatio
829 1954 898 1996 uoce
920 1939 1065 1996 dumtaxat
1083 1945 1165 1996 tenus
1183 1939 1338 1996 interuenit
1370 1939 1473 2009 adquin
1491 1928 1727 2022 ffipi'lt—sesffl

322 2025 395 2082 idem
419 2027 487 2082 alias
510 2023 605 2083 scribit
628 2041 683 2082 nou
703 2041 786 2098 posse
808 2028 924 2098 aliquem
948 2029 1018 2084 duos
1036 2029 1133 2084 codem
1151 2035 1274 2100 tempore
1292 2027 1419 2084 adulterii
1437 2043 1582 2097 accusare,
1605 2041 1692 2082 maren
1706 2027 1725 2077 et

322 2113 465 2185 iemluam,
484 2119 634 2187 ettamen,
654 2116 677 2170 si
695 2117 803 2186 utrique
821 2117 901 2172 simul
919 2117 1135 2188 denuntiauerit,
1155 2119 1184 2173 iu
1202 2119 1343 2188 utriusque
1361 2133 1480 2188 persona
1497 2117 1664 2174 abolitionem
1679 2127 1723 2167 euu
1735 2117 1753 2158 ¹⁰

322 2209 417 2276 petere
435 2203 544 2276 debere,
562 2219 597 2260 ue
615 2205 643 2260 in
660 2205 713 2262 hoc
731 2211 844 2261 senatus
862 2207 986 2262 consulto
1005 2207 1115 2263 incidat
1143 2207 1208 2278 quid
1221 2221 1302 2278 porro
1314 2205 1405 2276 refert,
1424 2211 1539 2277 propter
1550 2221 1644 2261 causas
1659 2195 1723 2287 Q.)

323 2308 405 2364 supra
429 2293 545 2363 scriptas
569 2295 708 2350 accusatio
732 2309 787 2350 nou
806 2296 923 2352 caluerit
941 2313 976 2351 au
993 2301 1105 2368 propter
1122 2311 1263 2351 numerum
1282 2311 1461 2367 personarum
1479 2311 1535 2350 nou
1553 2292 1677 2350 tenuerit?
1699 2306 1723 2344 au

323 2381 392 2438 baec
409 2383 543 2453 intersint,
561 2383 669 2454 plenam
688 2383 814 2440 habuerit
832 2385 929 2456 aliquis
947 2385 1095 2441 accusandi
1113 2383 1279 2455 facultatem,
1299 2384 1348 2440 sed
1366 2391 1478 2456 propter
1494 2399 1663 2454 personarum
1677 2395 1722 2434 eon·

323 2471 490 2528 lunationem
508 2471 543 2526 ab
562 2472 736 2528 accusatione
755 2480 969 2545 summoneatur,
991 2489 1026 2530 au
1045 2489 1110 2530 uere
1129 2475 1225 2530 stricta
1242 2475 1348 2529 ratione
1365 2473 1532 2544 quibusdam
1551 2465 1722 2546 accusandis

324 2561 412 2616 cultas
434 2575 488 2616 nen
513 2560 670 2631 competat?
702 2563 798 2618 merito
821 2563 913 2633 itaque
932 2563 1077 2619 dicendum
1096 2569 1139 2618 est
1156 2579 1251 2620 omnes
1269 2569 1386 2632 excepta
1403 2563 1518 2617 muliere
1535 2567 1564 2618 et
1582 2562 1673 2617 minore
1685 2553 1721 2610 uisi
1733 2559 1751 2602 ¹⁵

275 2660 304 2706 11
324 2648 498 2706 abolitionem
516 2649 653 2720 petierint,
671 2649 699 2704 lu
717 2649 769 2705 hoc
787 2657 900 2708 senatus
919 2653 1042 2708 consulto
1060 2643 1192 2708 incideres
1220 2651 1347 2722 Suspeoti
1365 2651 1463 2707 tutoris
1482 2652 1620 2706 aeeuutio
1636 2663 1675 2720 pro
1688 2643 1720 2699 lti-

323 2737 416 2794 bunali
439 2742 545 2793 tantum
569 2738 719 2794 examinari
740 2744 847 2812 potest,
871 2747 899 2797 et
920 2743 1011 2797 nullus
1035 2742 1104 2796 alius
1127 2742 1161 2797 de
1184 2741 1341 2796 huiusmodi
1362 2741 1525 2810 quaestione
1543 2757 1623 2810 quam
1638 2747 1720 2809 praesta

276 2835 305 2884 12
323 2827 498 2898 pronuntiare
521 2831 625 2896 potest:
648 2832 677 2882 et
700 2834 793 2884 tannen
816 2831 864 2900 qui
886 2829 922 2886 ab
945 2845 978 2885 ea
999 2829 1119 2900 destitit,
1143 2831 1398 2886 senatusconsulto
1416 2845 1473 2885 nou
1490 2835 1606 2885 tenetur.
1638 2820 1720 2882 leuel

323 2915 399 2970 dicat
416 2915 514 2986 aliquis
532 2916 560 2970 in
578 2920 691 2971 senatus
709 2919 862 2973 consultum
880 2919 1008 2974 incidisse
1026 2911 1231 2990 Turpillianum,
1253 2919 1387 2991 praesidis
1404 2925 1449 2974 est
1466 2935 1550 2989 super
1567 2935 1599 2974 ee
1615 2933 1641 2972 re
1656 2912 1719 2969 nodo:

323 3009 467 3060 ettamen
489 3009 585 3060 contra
607 3003 774 3060 desertorem
798 3013 910 3063 senatus
934 3009 1051 3064 consulti
1074 3025 1129 3064 uon
1152 3010 1299 3064 interuenit
1322 3009 1465 3064 coercitio:
1489 3009 1537 3078 qui
1557 3005 1658 3062 autsm¹
1672 2999 1719 3056 dicit
1730 3004 1749 3046 ³⁰

275 3103 306 3151 18
324 3107 405 3164 quem
429 3094 457 3148 lu
476 3092 529 3150 boc
546 3097 659 3148 senatus
677 3095 801 3151 consulto
819 3097 956 3168 incidisse,
975 3103 1120 3154 accusator
1136 3095 1191 3152 non
1209 3101 1260 3154 est.
1297 3097 1396 3153 Incidit
1414 3099 1442 3152 in
1459 3096 1512 3153 hoc
1531 3103 1635 3152 senatus
1649 3091 1658 3160 l
1673 3077 1781 3145 ton-2⁴⁰¹*

324 3183 396 3238 eulto
414 3183 507 3254 etqui
525 3189 711 3239 accusatorem
729 3185 875 3240 summittit
893 3192 941 3240 aut
956 3185 1079 3257 instiget,
1100 3191 1148 3242 aut
1165 3187 1212 3257 qui
1232 3186 1345 3242 mandat
1362 3187 1444 3242 alicui
1463 3193 1491 3242 et
1509 3187 1616 3242 instruit
1631 3174 1716 3238 eumad

324 3272 525 3328 accusationem
546 3273 690 3342 capitalem
709 3272 800 3329 dando
817 3274 1007 3346 probationes,
1031 3275 1175 3346 allegando
1193 3277 1395 3331 accusationes:
1420 3282 1449 3331 et
1466 3277 1577 3331 merito:
1600 3291 1653 3329 nam
1666 3263 1716 3322 diffi·

229 3355 234 3366 '
324 3361 415 3417 dendo
436 3361 542 3416 crimini
564 3361 639 3432 quod
660 3368 754 3418 mouet
776 3368 805 3418 et
828 3363 973 3420 eximendo
996 3380 1026 3420 ee
1043 3365 1163 3434 periculo
1182 3366 1333 3420 calumniae
1351 3366 1395 3420 uel
1413 3364 1576 3421 desertionis
1593 3362 1672 3418 merito
1684 3369 1716 3409 et·

323 3449 482 3505 lumniautls
499 3457 528 3506 et
545 3449 702 3506 desistentis
719 3467 825 3522 pesum
843 3451 923 3507 subdi
941 3451 1043 3524 debuit,
1062 3454 1114 3508 nisi
1132 3453 1296 3510 subornatus
1315 3459 1459 3510 accusator
1476 3453 1628 3525 probauerit
1641 3448 1715 3504 eduen
1727 3446 1746 3490 ⁵⁵

324 3539 398 3610 quod
417 3539 558 3595 intendere
577 3542 707 3610 suscepit.
736 3555 786 3596 neo
804 3541 926 3610 interest,
944 3557 993 3612 per
1011 3557 1041 3596 se
1060 3543 1201 3598 mandauit
1218 3544 1420 3598 accusationem
1435 3561 1470 3599 au
1482 3559 1532 3614 per
1544 3544 1632 3598 alium:
1646 3545 1713 3592 uerum

324 3627 409 3699 huuc,
434 3629 480 3698 qul
492 3628 556 3684 .hoc
578 3630 728 3685 ministerio
751 3645 818 3686 usus
839 3635 882 3685 est
898 3631 934 3685 ad
953 3631 1136 3686 mandandam
1155 3633 1372 3702 accusationem,
1395 3623 1714 3700 concambiassem

324 3719 460 3774 sententia
477 3722 590 3774 senatus
608 3719 725 3774 consulti
743 3719 833 3790 puniri
851 3719 1016 3804 lffeplulanua
1033 3721 1182 3790 respondit
1210 3721 1373 3776 summissus
1385 3723 1457 3778 enim
1476 3701 1713 3806 [1³11]Tit'ieJlTllsl

324 3813 469 3862 accusator
487 3808 611 3862 similiter
628 3807 724 3863 eodem
743 3814 854 3863 mustus
872 3810 996 3864 consulto
1009 3811 1144 3880 plectitur,
1162 3809 1190 3864 id
1203 3813 1246 3864 est
1257 3817 1368 3880 propter
1380 3810 1432 3866 hoc
1445 3800 1532 3868 solum
1543 3811 1647 3882 punitur,
1660 3793 1713 3870 qood

277 3902 307 3951 li
325 3897 504 3952 ministerium
522 3897 603 3952 alieni
620 3897 725 3952 timoris
743 3898 854 3968 recepit.
880 3899 955 3953 Reus
973 3899 1169 3954 condemnatus
1182 3900 1350 3969 prouocauit,
1369 3899 1468 3955 deiude
1481 3887 1743 3956 accusatordettiee

324 4001 361 4040 an
383 3986 411 4040 iu
433 3984 486 4040 boc
508 3987 763 4042 senatusconsulto
781 3987 896 4042 incidit?
926 4003 1011 4059 prope
1029 3989 1085 4059 est,
1110 3993 1142 4044 ut
1158 3987 1287 4044 incidisse
1305 3988 1445 4060 uideatur,
1469 3989 1535 4060 quia
1550 3973 1712 4060 prouecalilllil

324 4075 446 4148 remedio
464 4075 699 4132 condemnationis
718 4077 886 4147 eafingultur
902 4077 1096 4148 pronuntiatio.

324 4181 517 4251 mammo)

324 4265 1713 4297 ww

326 4333 336 4369 ¹
355 4332 477 4388 omiserit
495 4337 529 4398 (o.
543 4334 591 4400 tl?
678 4333 825 4404 'infamis
844 4335 890 4391 uel
907 4335 991 4391 etiam
1009 4344 1056 4391 ina.
1075 4337 1120 4410 (cs.
1133 4337 1189 4392 a?
1206 4349 1341 4406 personae
1358 4336 1457 4392 tdtiuru
1476 4345 1501 4394 et
1516 4359 1540 4393 a
1552 4337 1593 4404 15)
1657 4317 1712 4392 ⁸lli

326 4405 429 4474 autem]
447 4405 512 4474 quia
528 4406 576 4475 qni
594 4409 721 4472 (mmtlttsr
738 4405 830 4474 Ball?

327 4554 495 4624 ipraeaeus]
508 4555 600 4620 FX·O,
612 4557 858 4627 praeseleYMO
871 4565 1013 4614 coercete:
1065 4557 1149 4613 betat
1169 4558 1239 4614 uelle
1257 4557 1296 4612 Ρ
1358 4553 1654 4631 ldubitatur'p'mouit
1669 4536 1713 4608 ΡΙ

326 4626 410 4680 e.D.
424 4628 448 4690 1,
460 4627 502 4689 21,
517 4628 532 4680 1
543 4646 584 4696 pr.
637 4628 873 4698 3admiserit1i'l,
891 4629 1015 4685 omiserit
1066 4629 1183 4700 p‘r’aene
1206 4628 1242 4683 F*
1313 4629 1348 4686 10
1370 4629 1469 4687 abeliri
1495 4633 1530 4686 ΡΙ
1597 4630 1628 4684 ai
1646 4625 1714 4687 sulm

350 4697 376 4751 ³:
400 4695 453 4751 ἐπεὶ
473 4696 512 4752 u'rc
530 4699 738 4774 nteauetr'rcvtrc
755 4701 852 4764 τοῩτογ
869 4700 946 4755 decas
963 4701 1013 4755 tela
1066 4703 1182 4770 scriptas
1196 4703 1221 4753 F
1255 4702 1457 4757 accensultum
1472 4704 1511 4756 F³
1547 4681 1715 4770 dlnull‘i'llf',

325 4768 374 4830 τοῨ
397 4768 528 4833 tornatos
549 4769 597 4824 rste
616 4771 759 4836 citatrices
784 4771 877 4826 mereim
900 4772 1014 4834 inoccul-
1067 4773 1102 4827 35
1120 4779 1242 4842 poene'e⁴
1255 4773 1292 4823 F’
1306 4776 1311 4838 Ι
1327 4772 1421 4844 subdi}
1434 4775 1627 4836 Bracmanum,
1642 4757 1716 4824 subdi¹

326 4857 395 4893 esras
414 4841 464 4895 Be
482 4841 587 4910 (Dor-l,
610 4861 675 4913 quae
693 4851 868 4915 interpretatio
886 4845 1015 4898 euidenter
1066 4845 1095 4906 F,
1118 4843 1206 4898 subici
1223 4843 1377 4899 XYMOO:
1393 4845 1575 4908 incuterem
1598 4841 1641 4898 Bd
1654 4828 1717 4904 (Μ

325 4918 440 4982 asperiter
461 4915 530 4966 tuam
547 4915 689 4978 lectionem,
712 4923 740 4968 ut
762 4915 908 4969 emendator
926 4933 1014 4968 anam
1066 4915 1101 4969 et
1119 4915 1166 4984 qui
1184 4915 1236 4969 boc
1253 4915 1405 4971 ministerio
1428 4931 1496 4972 usus
1514 4925 1556 4972 est
1573 4915 1607 4972 ad
1622 4903 1717 4986 unffi,

324 4990 467 5109 itte
489 4983 884 5126 rra
903 4984 1015 5127 itti
1066 4983 1720 5130 tremelerslssimtreeetl
