4350 5438
979 274 1070 334 vllll

309 414 414 470 canam
431 429 503 485 quae
516 415 631 486 angam
647 415 714 472 loon
731 413 851 472 sunere
868 416 1088 487 aspamam,
1106 417 1126 472 u
1142 417 1214 474 noo
1232 415 1434 474 amaturus
1450 417 1585 476 sammoni
1602 403 1752 490 nepem

311 501 347 558 ab
368 518 424 558 uno
446 502 555 560 homine
577 503 671 575 perfici
693 519 748 561 non
769 519 865 574 passe,
888 504 939 562 sed
960 504 1085 575 flagitare
1106 505 1180 562 uires
1203 505 1295 562 unitae
1317 519 1402 576 opera
1422 505 1521 562 diuisa
1548 512 1624 564 certe
1641 508 1665 564 ai
1683 509 1744 578 quis

310 591 566 661 emutuiqnando
574 594 621 663 qni
632 591 712 649 nobis
723 593 855 664 depingat
865 593 1174 663 digestorumeditorem
1183 594 1273 664 qualis
1281 608 1344 650 esse
1352 592 1460 663 debeat,
1472 596 1642 665 etoptimnm
1653 611 1743 666 gram
1854 645 1856 656 .

310 680 441 736 matteum
453 684 483 735 et
492 680 559 736 luds
569 681 672 751 publici
682 682 836 752 priuatique
847 681 1090 752 prudentissimum
1100 687 1253 753 pergatque
1261 681 1326 737 inde
1335 695 1398 738 cnm
1410 683 1544 738 eiusmodi
1555 682 1644 740 forma
1654 685 1744 755 operis
1798 711 1800 716 ·

309 765 425 836 perlecti
441 767 512 824 hanc
529 785 620 824 meam
636 771 754 840 opellam
770 785 948 841 componere,
965 769 1092 840 equidem
1110 785 1178 826 sane
1195 769 1303 828 fatebor
1320 785 1365 826 me
1382 786 1438 826 non
1455 785 1517 828 ease
1534 772 1587 828 nisi
1606 787 1691 829 uuum
1709 787 1744 830 er

310 856 404 914 multia
427 871 517 926 neque
539 857 704 928 philologiae
725 873 815 928 neque
837 859 904 914 iuris
921 859 1053 914 scientiae
1069 859 1151 928 plane
1168 865 1322 930 expertem,
1346 859 1397 916 aed
1414 858 1589 916 nibilominus
1606 860 1743 918 hominem

310 943 414 1000 ridebo.
445 951 509 1000 ante
526 947 619 1002 omnia
635 952 741 1002 textum
759 961 841 1017 quem
858 947 911 1003 edo
930 947 966 1002 ad
983 947 1167 1004 hlnrentinam
1189 947 1334 1004 lectionem
1358 948 1417 1004 siue
1440 948 1559 1018 priorem
1576 948 1636 1004 sine
1653 954 1743 1018 poste·

310 1033 409 1088 riorem
435 1049 517 1103 qnam
544 1031 603 1089 lieri
628 1039 722 1104 potest
742 1036 867 1106 proxime
890 1035 1020 1090 accedere
1043 1035 1127 1091 uolui.
1155 1049 1333 1106 quaecunque
1355 1041 1447 1092 autem
1474 1037 1502 1091 in
1526 1041 1633 1092 textum
1653 1038 1745 1107 recepi

311 1124 409 1176 neuha
424 1121 573 1177 Florentini
593 1121 655 1178 lrbri
677 1124 813 1194 scriptura
835 1122 1007 1194 confirmata,
1030 1123 1142 1179 dietiuxi
1164 1123 1263 1178 litteris
1286 1123 1416 1194 obliquis,
1440 1127 1472 1178 nt
1490 1123 1538 1194 qui
1556 1123 1607 1178 hac
1625 1124 1745 1180 editione

310 1209 397 1266 utitur
417 1211 510 1266 atatim
534 1217 689 1266 moneretur
711 1212 790 1268 aliter
811 1213 867 1282 legi
888 1213 917 1268 iu
940 1211 1035 1268 codice
1057 1211 1222 1267 Florentino.
1254 1215 1399 1281 praeterea
1420 1211 1583 1267 lectionibus
1604 1212 1652 1282 iis,
1675 1227 1745 1282 qnae

311 1297 392 1352 nullis
409 1297 485 1354 libris
501 1297 698 1370 defenduntur,
721 1300 771 1356 aed
789 1306 838 1356 aut
855 1301 979 1356 nituntur
999 1315 1075 1355 mera
1091 1298 1249 1356 coniectura
1266 1305 1315 1355 ant
1332 1304 1406 1355 certe
1423 1305 1551 1370 receptae
1568 1303 1633 1355 eunt
1651 1305 1747 1356 contm

311 1385 495 1442 Florentinam
517 1388 676 1443 alterutram
694 1387 869 1459 Graecosque
892 1389 1094 1445 eonsentientes
1113 1388 1152 1453 (id
1169 1388 1245 1457 quod
1262 1404 1316 1443 usu
1332 1389 1410 1443 uenit
1426 1389 1492 1458 pti,
1506 1389 1566 1458 17),
1585 1389 1745 1444 asteriscum

311 1472 439 1544 praefixi,
461 1475 567 1530 scilicet
583 1475 612 1531 in
629 1476 663 1531 iis
679 1475 813 1547 partibus,
831 1477 879 1534 ubi
896 1477 1119 1533 secundariorum
1136 1477 1266 1533 librorum
1290 1479 1314 1532 ei
1331 1491 1386 1532 non
1403 1492 1518 1546 magna,
1541 1480 1633 1532 tamen
1656 1478 1746 1548 aliqua

312 1563 460 1618 auctoritas
478 1579 540 1619 ease
557 1564 705 1619 uideretur.
732 1567 842 1622 omnino
859 1566 996 1621 rarissime
1013 1566 1138 1622 intexta
1155 1565 1277 1622 amando
1296 1565 1481 1620 ahloreutino
1495 1563 1564 1620 libra
1576 1565 1678 1620 recessi
1694 1581 1746 1621 nec

311 1649 369 1706 sere
386 1652 415 1706 in
432 1651 514 1708 rebus
532 1652 703 1722 maioribus
721 1646 774 1709 nisi
791 1655 839 1709 ubi
850 1655 932 1710 lectio
945 1654 1056 1710 diuersa
1066 1669 1121 1710 non
1140 1655 1227 1709 solum
1245 1670 1296 1709 ena
1307 1653 1393 1723 ipsius
1405 1650 1598 1722 probabilitate
1609 1668 1745 1710 commen-

312 1739 431 1810 daretur,
449 1740 499 1796 sed
510 1741 593 1796 etiam
605 1741 762 1796 testimonio
773 1742 864 1811 aliquo
875 1741 983 1811 idoneo,
1002 1744 1119 1798 maxime
1131 1744 1310 1812 interpretum
1323 1740 1503 1796 Graeoomm:
1522 1757 1585 1796 nam
1603 1747 1747 1812 praeterea

312 1843 477 1898 quamquam
494 1829 655 1898 saepissime
671 1829 757 1900 liquet
774 1829 810 1884 de
824 1831 985 1900 corruptela,
1005 1845 1088 1900 saepe
1100 1831 1183 1886 etam
1196 1831 1231 1885 de
1245 1829 1435 1886 emendatione
1447 1830 1492 1885 nel
1505 1835 1581 1885 certa
1592 1831 1636 1886 uel
1648 1830 1745 1900 proha·
1823 1863 1825 1868 «

313 1913 373 1986 bili,
390 1922 483 1972 umen
499 1918 660 1988 plerumque
676 1919 809 1974 incertum
827 1922 882 1987 eet,
906 1917 1007 1972 menda
1029 1923 1121 1974 utrum
1144 1919 1279 1974 recentior
1301 1918 1337 1973 eit
1354 1918 1506 1973 Iustiniana
1529 1919 1610 1974 auin
1628 1919 1688 1988 ipso
1706 1919 1746 1974 di·

313 2009 453 2074 gestorum
470 2005 620 2078 archetypo
638 2005 720 2063 fuerit
737 2010 820 2075 atque
837 2005 877 2060 ita
894 2005 930 2060 ab
948 2020 1042 2062 eorum
1060 2006 1163 2062 editore
1180 2006 1240 2061 tolli
1258 2021 1312 2060 non
1330 2005 1438 2060 debeat.
1469 2006 1562 2076 itaque
1584 2006 1655 2062 hanc
1672 2008 1746 2062 uiam

313 2094 402 2163 muni,
425 2098 457 2148 ut
479 2109 551 2164 quae
573 2101 716 2166 praeterea
737 2098 849 2164 praesto
872 2099 965 2150 esseut
987 2095 1209 2150 emendationum
1231 2094 1353 2162 pericula
1370 2093 1554 2164 probabiliora
1570 2096 1616 2150 nel
1633 2095 1669 2151 ab
1687 2095 1746 2150 aliis

313 2181 427 2238 inuenta
443 2183 487 2238 uel
505 2199 523 2237 a
540 2183 765 2256 melcxcogitata,
784 2198 818 2238 ea
835 2183 863 2237 in
881 2183 940 2238 ima
954 2184 1076 2252 margine
1094 2184 1134 2238 ita
1151 2181 1341 2250 adscriberem,
1361 2187 1392 2236 ut
1403 2196 1493 2251 neque
1506 2183 1642 2238 uariarum
1652 2184 1745 2240 lectia-

314 2285 379 2325 num
401 2269 624 2326 immunditiebue
646 2270 869 2341 demergerentur
890 2286 942 2326 nec
965 2269 1044 2326 facile
1067 2271 1220 2341 effugerent
1242 2285 1290 2326 eoa
1313 2270 1360 2338 qui
1382 2275 1488 2324 textum
1510 2271 1614 2340 legunt
1651 2276 1747 2327 conha

313 2357 535 2429 interpolationes
551 2362 692 2414 auctorum
704 2359 915 2414 Iustinianorum
927 2359 1087 2429 plerumque
1098 2374 1153 2415 non
1165 2357 1298 2414 indicaui:
1317 2373 1351 2414 aa
1367 2357 1439 2412 enim
1454 2372 1546 2428 opera,
1564 2364 1597 2413 ut
1608 2359 1672 2430 dixi,
1691 2375 1746 2416 non
1854 2373 1864 2396 ⁹

312 2449 370 2502 tam
388 2447 556 2517 digeemm
574 2447 686 2503 editoris
704 2453 747 2503 est
764 2463 846 2518 qnam
864 2462 958 2504 conam
976 2448 1023 2517 qui
1036 2447 1065 2502 in
1082 2447 1141 2502 iure
1153 2447 1265 2517 antiquo
1276 2445 1468 2515 inuestigaudo
1480 2461 1591 2515 operam
1603 2448 1745 2504 eohocant.

313 2549 478 2605 quamquam
497 2535 544 2591 ubi
561 2540 655 2608 aptum
673 2535 820 2605 uideretur,
835 2536 956 2590 maxime
974 2534 1021 2590 ubi
1033 2540 1145 2606 propter
1156 2550 1217 2590 eam
1229 2536 1317 2605 ipsam
1329 2534 1564 2604 interpolationem
1577 2535 1663 2590 uerba
1674 2552 1746 2606 quae

313 2638 386 2678 nunc
402 2623 519 2694 legimns
536 2625 581 2680 nel
598 2624 673 2680 hiare
690 2624 849 2680 uiderentur
865 2624 910 2680 nel
928 2624 982 2678 alia
998 2625 1103 2680 ratione
1121 2624 1300 2679 offensionem
1317 2621 1433 2694 hahere,
1450 2623 1517 2677 talia
1535 2637 1644 2693 qnoque
1662 2625 1745 2681 adno-

313 2711 380 2767 tant.
411 2717 441 2768 at
462 2727 551 2769 meroe
573 2727 678 2768 errores
702 2713 909 2782 compilatorum
933 2711 1102 2782 mandesque
1127 2712 1296 2782 antiquiores
1322 2710 1370 2766 nbi
1396 2710 1598 2781 deprehendere
1620 2711 1687 2767 mihi
1706 2715 1745 2768 ui-

313 2799 404 2870 derer,
427 2816 476 2857 eos
494 2800 686 2869 animaduerti,
711 2801 761 2855 sed
784 2801 837 2870 ita,
861 2804 892 2856 ut
915 2799 967 2856 hae
990 2801 1077 2870 ipsius
1100 2800 1244 2855 Iustiniani
1267 2799 1409 2872 archetypi
1432 2802 1614 2870 corruptelae,
1639 2801 1745 2857 scilicet

313 2893 437 2958 repertae
458 2895 516 2945 tam
539 2889 568 2945 iu
584 2889 740 2946 Florentino
761 2887 830 2944 lihro
852 2902 935 2958 quam
957 2888 1031 2958 apud
1054 2887 1187 2958 Graecae,
1211 2888 1356 2958 areliquis
1379 2889 1491 2958 originis
1513 2886 1630 2944 fortasse
1652 2893 1743 2960 poete·

313 2977 391 3032 rioris
420 2977 653 3049 distinguerentur
679 2983 707 3032 et
734 2975 781 3032 ubi
808 2974 867 3032 fieri
893 2979 1001 3046 poterat
1026 2990 1115 3046 neque
1140 2991 1185 3031 ree
1211 2976 1273 3046 ipsa
1301 2975 1475 3047 loquebatur,
1508 2977 1624 3032 lectores
1651 2993 1744 3033 mone·

314 3070 407 3121 rentur
433 3067 617 3122 coniecturam
637 3066 771 3138 prolatam
795 3064 832 3119 ad
854 3064 898 3119 ina
920 3065 1100 3120 lastinianum
1126 3065 1229 3135 porrigi
1251 3079 1306 3120 nnn
1329 3063 1437 3120 dehere.
1465 3069 1586 3120 ceterum
1609 3067 1685 3136 caui,
1709 3081 1743 3122 ue

314 3153 349 3209 ad
371 3154 483 3210 modum
500 3154 649 3210 Haloendri
671 3157 813 3208 auctorum
835 3151 921 3207 uerba
943 3153 979 3208 ad
1002 3153 1153 3208 ordinariae
1169 3154 1364 3222 grammaticae
1380 3154 1457 3224 leges
1479 3154 1519 3208 ita
1539 3155 1690 3224 exigerem,
1713 3159 1745 3209 ut

314 3243 438 3312 magistri
459 3243 597 3313 castigant
621 3257 767 3312 puerorum
789 3241 950 3310 scriptiones
976 3241 1166 3297 scholasticas:
1193 3257 1257 3296 nam
1284 3256 1378 3297 corum
1404 3257 1475 3311 qnae
1501 3241 1643 3297 offendunt
1670 3242 1744 3312 apud

313 3331 462 3401 prudentes
486 3347 548 3387 cum
571 3331 670 3386 bonam
693 3335 798 3401 partem
822 3335 851 3385 et
871 3331 930 3400 ipse
952 3345 1112 3400 persuasum
1137 3328 1253 3384 habeam
1275 3345 1330 3386 uon
1357 3329 1392 3384 ab
1416 3329 1573 3385 auctoribus
1599 3329 1743 3400 proticisci,

314 3419 363 3474 sed
387 3436 404 3475 a
425 3419 594 3476 librariorum
613 3419 787 3490 neglegentia
810 3425 839 3474 et
860 3419 1066 3488 compilatorum
1088 3417 1205 3488 incuria,
1228 3423 1321 3473 umen
1343 3419 1413 3473 inter
1436 3417 1570 3473 eiusmodi
1593 3433 1698 3475 errores
1716 3423 1744 3474 ct

314 3508 463 3577 quotidiani
486 3508 619 3564 sermonis
640 3508 777 3564 licentiam
800 3506 869 3568 fines
894 3509 919 3562 ei
939 3506 1048 3577 quidem
1071 3506 1131 3575 regi
1152 3512 1280 3576 poseant,
1305 3511 1379 3562 certe
1394 3515 1457 3562 'non
1479 3507 1503 3560 is
1527 3522 1600 3577 sum,
1625 3507 1673 3576 qni
1696 3522 1743 3562 eos

313 3610 416 3666 regam.
449 3595 653 3652 emendationes
678 3612 747 3666 quae
771 3597 817 3651 alii
835 3596 1041 3666 proposuissent
1064 3610 1119 3651 uou
1139 3594 1305 3664 inueshgaui
1326 3595 1391 3650 data
1410 3609 1506 3664 opera:
1534 3595 1563 3649 id
1589 3597 1662 3651 enim
1684 3595 1743 3650 inli-

314 3685 400 3740 nitum
428 3690 487 3740 erat
512 3699 600 3754 neque
628 3683 823 3754 perficiendum
851 3683 886 3739 ab
912 3683 1021 3739 homine
1045 3682 1139 3738 multis
1160 3683 1277 3752 negotiis
1297 3687 1440 3752 praeterea
1460 3683 1592 3739 districta
1626 3685 1744 3754 denique

313 3773 447 3829 eimmcdi
469 3773 644 3842 inuestigatio
666 3772 740 3828 hand
763 3774 820 3828 selo
843 3789 879 3828 an
901 3773 1032 3828 maiorem
1055 3769 1243 3827 difficultatem
1267 3769 1368 3826 habeat
1389 3787 1472 3842 quam
1496 3771 1650 3828 utilitatem.
1679 3789 1743 3830 nam

314 3863 406 3917 ueecic
432 3861 569 3932 quomodo
593 3861 760 3930 digestorum
783 3861 861 3916 crisis
884 3861 945 3931 plus
969 3876 1051 3931 quam
1074 3860 1170 3915 credas
1193 3859 1278 3913 lacuit
1300 3866 1364 3929 poet
1385 3859 1526 3915 Gmaeinm
1554 3861 1582 3914 in
1608 3860 1660 3916 bac
1685 3863 1743 3931 qui·

314 3948 376 4006 dem
395 3965 424 4006 re
442 3967 497 4006 non
514 3953 571 4004 tam
590 3951 738 4005 maximnm
755 3965 837 4020 quam
856 3965 940 4005 unum
959 3949 1089 4004 scientiae
1102 3954 1211 4003 masmae
1223 3948 1323 4016 lumen,
1341 3953 1370 4002 et
1383 3948 1455 4003 iacet
1466 3949 1630 4004 etiamnunc.
1657 3949 1742 4019 philo·

313 4039 369 4108 logi
387 4039 459 4094 enim
477 4039 496 4094 li
512 4053 621 4108 quoqne
639 4039 685 4108 qui
703 4037 801 4094 aGaio
819 4043 848 4093 et
858 4037 975 4108 Ulpiano
993 4025 1047 4091 non
1066 4035 1212 4091 abhorrent
1230 4051 1247 4089 a
1265 4035 1379 4104 digestis
1397 4035 1548 4090 abstinent:
1567 4037 1633 4092 iuria
1651 4043 1743 4093 autem

314 4133 439 4182 auctores
456 4127 551 4197 optimi
569 4127 682 4198 quique,
706 4142 775 4197 quoe
792 4131 904 4197 propter
921 4125 1082 4196 prudentiae
1100 4139 1214 4178 muman
1232 4123 1410 4194 suspicimus,
1433 4123 1481 4179 nbi
1499 4124 1584 4180 uerba
1601 4131 1743 4180 auctorum

260 4279 262 4284 ,
313 4221 431 4270 tractam
453 4216 597 4286 incipiunt,
622 4216 720 4271 mirum
743 4217 771 4270 in
793 4216 904 4271 modum
928 4219 957 4269 et
979 4213 1045 4268 artie
1067 4212 1247 4282 philologicae
1272 4215 1399 4280 expertes
1422 4227 1452 4266 ee
1475 4212 1592 4281 probare
1609 4215 1698 4270 solent
1715 4219 1743 4269 et

313 4320 397 4374 saepe
421 4305 490 4360 adeo
513 4319 548 4359 ne
571 4303 701 4359 mediocri
724 4303 834 4374 quidem
857 4304 967 4372 linguae
985 4301 1099 4356 Latinae
1117 4301 1215 4355 notitia
1232 4298 1365 4370 imbutos,
1389 4306 1421 4355 ut
1437 4302 1643 4369 pemereissima
1660 4316 1743 4371 quae·

313 4407 368 4462 que
389 4399 418 4450 et
435 4393 533 4462 quonia
551 4397 661 4448 auctore
679 4407 734 4447 non
752 4392 849 4447 inscito
868 4391 913 4446 nel
930 4387 1033 4445 infante
1050 4389 1131 4458 plane
1149 4388 1262 4458 indigna
1279 4389 1371 4444 nescio
1390 4388 1488 4457 quibus
1506 4390 1607 4445 eculeis
1624 4395 1742 4446 tormen·

313 4482 403 4552 deque
426 4481 556 4536 adhibitis
579 4479 735 4536 defendant.
771 4480 889 4549 deniqne
911 4479 936 4533 ai
958 4477 1068 4547 quando
1090 4476 1127 4531 ad
1145 4477 1362 4532 emendationem
1380 4477 1433 4547 ipsi
1451 4478 1598 4548 accedunt,
1621 4485 1743 4536 monstra

313 4568 370 4625 lere
393 4571 547 4640 parturiunt
570 4575 598 4624 et
620 4568 746 4642 prodigia
769 4567 894 4622 mirifica:
917 4581 1082 4636 quamquam
1101 4567 1188 4620 rarius
1204 4565 1258 4621 boc
1274 4565 1379 4621 iaciunt
1396 4572 1425 4623 et
1441 4565 1609 4636 hequentine
1627 4573 1743 4637 peccant

314 4659 430 4714 amastis
452 4658 561 4727 ineptiis
583 4655 762 4712 defendendis
779 4671 861 4726 quam
880 4653 1050 4725 proferendis
1068 4654 1191 4710 nouiciis.
1219 4659 1331 4724 propter
1347 4654 1398 4710 baa
1416 4671 1514 4711 caueae
1531 4656 1559 4710 in
1577 4655 1742 4711 emendatio-

314 4744 394 4802 nibus
415 4747 535 4814 priorum
558 4745 756 4816 cognoscendis
774 4759 828 4799 non
845 4745 961 4800 multum
978 4744 1108 4813 temporis
1126 4743 1271 4812 eohccaui,
1292 4743 1342 4799 sed
1359 4744 1514 4800 examinant
1535 4748 1640 4798 muham
1658 4744 1741 4799 adno·

314 4839 386 4890 tatae
410 4835 438 4889 in
461 4833 579 4889 editione
598 4833 788 4889 Gebauariana
810 4833 855 4888 uel
872 4833 901 4887 iu
918 4832 1118 4888 commentariis
1136 4830 1298 4900 Schultingii
1316 4835 1344 4887 et
1362 4830 1570 4901 Smallenburgii
1587 4836 1616 4887 et
1633 4833 1656 4887 si
1674 4847 1742 4902 quaa

313 4929 456 4992 praeterea
480 4922 524 4976 uel
548 4921 607 4990 ipse
630 4920 704 4976 aliud
726 4936 812 4990 agens
834 4919 979 4976 obseruaui
1000 4921 1045 4976 nel
1063 4936 1080 4974 a
1097 4933 1141 4974 me
1158 4919 1247 4989 rogati
1264 4920 1365 4976 Paulus
1383 4921 1508 4991 Kmeger
1525 4923 1553 4974 et
1570 4919 1742 4975 Hermannne
