4350 5438
580 245 790 317 xxxxviiii
813 249 854 314 16
873 253 972 310 9-14
1197 211 1198 216 ¹
1251 236 1339 319 896
1721 261 1768 308 ue
1791 259 1838 309 ue
1859 261 2009 310 muner

582 407 655 463 dum
665 399 758 462 delata
775 419 861 460 cause
877 399 1015 473 stipendis
1032 401 1145 471 implete
1162 400 1218 455 sint
1234 399 1279 456 uel
1298 398 1392 454 missio
1410 398 1565 468 conngsru,
1583 398 1716 456 delationi
1732 400 1811 456 locus
1828 415 1885 456 non
1896 405 1947 456 cst
1964 397 2011 484 ᾖ)

551 505 564 549 1
582 495 681 552 lillites
699 495 723 550 sl
741 493 856 549 heredes
873 492 1021 560 extiterint,
1039 489 1181 562 possidere
1198 487 1238 545 ibi
1254 487 1368 558 praedia
1384 502 1440 542 non
1455 485 1643 558 prohibentur.
1981 477 2012 484 “”

527 581 566 640 10
634 585 754 640 Paucos
770 581 840 638 libro
858 582 990 651 singulari
1008 580 1172 650 regularum.
1199 577 1251 644 Qui
1268 574 1400 632 excubias
1418 576 1512 646 peletii
1529 575 1688 646 deseruerit,
1706 578 1799 648 capite
1813 594 1864 648 pu·
1882 564 2043 653 [ᾖξε

551 683 563 728 1
583 675 664 729 nitur.
692 671 747 727 Sed
764 685 799 726 ex
817 685 902 726 cause
919 669 1082 726 desertionis
1099 668 1244 723 restitutus
1261 667 1289 722 in
1307 665 1433 720 militiam
1447 680 1501 721 non
1513 665 1594 720 aliter
1605 667 1688 722 medii
1700 668 1834 737 temporis
1846 668 1947 737 stipen-
1966 664 2012 751 [ὦ

583 763 659 820 dium
676 765 706 816 et
722 759 853 816 donstiua
871 759 979 829 accipit,
998 757 1050 814 nisi
1068 756 1120 812 hoc
1137 755 1286 812 liberalitas
1304 754 1462 826 principalis
1481 755 1507 810 ei
1524 756 1680 825 spetialiter
1696 756 1852 812 indulserit
1978 744 2037 809 *s

529 849 564 906 11
636 851 811 906 Mancmuue
828 847 897 904 libro
915 847 1036 904 secundo
1055 846 1219 917 regularum.
1257 843 1301 900 Ab
1319 845 1394 900 omni
1412 843 1509 900 militis
1526 845 1600 900 serui
1617 844 1811 915 prohibentur:
1835 846 1956 916 alloquin
1972 843 2043 902 cci

584 940 641 1012 pite
659 939 816 1010 puniuntur.

529 1027 567 1085 12
637 1025 829 1084 uscsslibro
847 1024 988 1096 primodo
1006 1039 1035 1079 re
1054 1023 1172 1079 militeri.
1205 1021 1331 1079 Officium
1350 1023 1472 1092 regentis
1489 1024 1639 1079 exercitum
1658 1039 1713 1078 non
1731 1027 1840 1080 tautum
1857 1023 1887 1080 in
1904 1020 2043 1094 danda¹,S

553 1127 566 1172 l
586 1117 635 1174 aed
653 1118 736 1172 etiarn
754 1115 782 1171 iu
800 1113 973 1170 obseruando
990 1113 1135 1182 disciplina
1151 1112 1282 1168 constitit
1312 1112 1446 1168 Paternus
1464 1127 1574 1184 qnoque
1592 1113 1702 1184 scripsit
1720 1113 1822 1169 debere
1840 1128 1913 1185 eum,
1931 1114 2013 1184 quise

585 1205 740 1262 meminerit
760 1209 865 1259 murato
883 1215 1026 1274 proeesse,
1050 1201 1208 1272 parcissime
1226 1205 1410 1256 commeatum
1428 1201 1508 1271 dere,
1532 1217 1633 1271 equum
1652 1203 1798 1259 militarem
1816 1209 1896 1258 extre
1913 1203 2013 1274 prouin-
2026 1213 2045 1255 u

586 1295 657 1351 ciem
675 1293 739 1349 duci
756 1307 811 1348 non
828 1291 994 1362 permittere,
1012 1290 1048 1346 ad
1067 1306 1138 1361 opus
1155 1291 1292 1361 priuatum
1309 1291 1445 1360 piscatum
1463 1296 1595 1346 uenatum
1613 1291 1724 1346 militem
1744 1305 1800 1347 non
1813 1293 1930 1347 mittere.
1956 1305 2012 1347 nam

586 1383 615 1439 in
636 1381 780 1453 discipline
797 1380 919 1450 Augusti
941 1380 981 1435 ita
1003 1383 1130 1436 conetur:
1155 1379 1222 1436 ‘Etsi
1246 1379 1304 1435 selo
1321 1377 1464 1435 fabrilibus
1481 1379 1610 1450 opciibns
1628 1381 1750 1436 exerceri
1769 1382 1870 1436 milites
1888 1396 1942 1437 non
1959 1397 2012 1436 cem

586 1471 725 1540 'alienum
750 1483 847 1526 nemer
868 1474 975 1538 minen,
999 1469 1022 1524 sl
1043 1469 1188 1538 quicquam
1207 1468 1370 1538 permisero,
1394 1468 1467 1538 quod
1485 1469 1514 1524 in
1531 1485 1611 1524 usum
1630 1483 1721 1524 meum
1740 1475 1790 1525 ant
1806 1475 1886 1526 tuom
1904 1469 1963 1540 liet,
1983 1485 2011 1525 ne

554 1559 693 1618 s’modus
712 1560 740 1614 in
757 1574 792 1614 es
809 1573 839 1612 re
857 1573 912 1614 non
930 1555 1100 1626 adhibeatur,
1119 1557 1166 1626 qni
1184 1555 1251 1612 mihi
1268 1558 1306 1612 sit
1322 1556 1496 1614 tolerandus'.
1524 1557 1649 1634 Officium
1667 1557 1840 1614 tribunorum
1861 1563 1905 1615 est
1921 1561 1962 1615 nel
1973 1574 2010 1615 eo
2088 1593 2090 1604 ·

587 1665 656 1719 rum,
675 1647 722 1720 qui
734 1646 866 1704 exercitui
879 1651 1019 1716 praesunt,
1038 1647 1138 1702 milites
1149 1646 1178 1702 iu
1191 1647 1288 1702 castris
1300 1647 1448 1716 contuere,
1466 1646 1502 1702 ad
1515 1649 1738 1704 exercitationem
1751 1649 1913 1720 producere,
1930 1651 2010 1705 clsues
2022 1657 2040 1698 ¹⁵

587 1743 726 1810 portarum
746 1736 899 1807 suscipere,
917 1735 1026 1806 uigilias
1043 1735 1179 1792 interdum
1198 1736 1354 1806 circumire,
1372 1734 1629 1792 frumentationibus
1647 1739 1864 1794 commilitonem
1882 1739 2009 1807 interesse,

588 1825 753 1883 frumentum
772 1823 903 1896 probare,
926 1839 1082 1880 mensorum
1101 1823 1226 1880 incudem
1245 1839 1383 1894 coercere,
1402 1825 1503 1880 delicta
1520 1826 1671 1882 secundnm
1690 1842 1758 1883 suae
1776 1830 1947 1884 auctoritatis
1963 1842 2008 1884 no

520 1919 521 1926 ’
589 1916 654 1972 dum
668 1915 812 1985 castigarc,
830 1914 969 1986 principiis
981 1912 1138 1985 irwuenler
1150 1915 1292 1985 interesse,
1310 1914 1445 1985 querelles
1457 1915 1672 1971 commilitonum
1685 1916 1790 1988 seduc,
1809 1919 2007 1974 uelctudiueliol

589 2006 732 2076 inspicere.
2019 2014 2037 2055 u

410 2077 412 2090 ¹
533 2097 571 2156 13
642 2093 720 2150 lnnu
742 2091 811 2150 libro
834 2090 955 2150 secundo
979 2090 1014 2148 dc
1037 2105 1066 2148 re
1089 2091 1208 2148 militari.
1243 2091 1343 2148 llililes
1366 2108 1462 2162 agrum
1486 2107 1645 2164 comparare
1667 2093 1847 2164 prohibentur
1865 2097 1893 2152 in
1911 2111 1942 2152 aa
1957 2088 2031 2167 pro-⁸

590 2185 689 2254 uincla,
708 2183 735 2238 in
753 2197 809 2253 que
825 2181 923 2238 bellica
940 2195 1024 2251 opera
1041 2185 1185 2252 peragunt,
1204 2181 1308 2238 scilicet
1325 2197 1360 2238 ne
1378 2182 1468 2238 studio
1487 2184 1610 2240 culturae
1627 2185 1725 2240 militis
1741 2201 1794 2240 sua
1810 2191 1962 2242 succentu.
1985 2189 2005 2239 et

590 2273 652 2329 ldeo
676 2272 786 2328 domum
811 2285 970 2342 compersre
993 2287 1048 2328 non
1071 2269 1256 2342 prohibentur.
1288 2271 1337 2326 aed
1361 2279 1390 2327 et
1407 2287 1489 2342 agros
1507 2273 1535 2328 in
1553 2273 1608 2328 alia
1624 2275 1768 2344 prouincia
1785 2289 1941 2345 comperero
1956 2289 2004 2345 poe

591 2367 663 2420 aunt.
694 2367 815 2418 ceterum
832 2361 861 2417 in
879 2375 913 2416 ea
930 2361 1084 2432 prouincia,
1106 2361 1135 2415 in
1154 2375 1233 2430 qnam
1252 2365 1363 2431 propter
1380 2362 1492 2431 proelii¹
1509 2377 1621 2418 causam
1640 2369 1787 2434 uenerunt,
1812 2380 1847 2420 ne
1866 2365 1917 2420 sub
1933 2365 2003 2419 sileno

558 2467 570 2511 1
591 2451 701 2522 quidem
720 2451 830 2507 nornine
848 2451 888 2507 eis
904 2465 1000 2520 agrum
1013 2465 1172 2520 competere
1184 2449 1262 2505 licet:
1281 2450 1400 2518 alioquin
1411 2449 1479 2507 fisco
1490 2451 1682 2507 uindicabitur.
1709 2453 1737 2507 Is
1749 2459 1851 2524 antero,
1870 2455 1916 2524 qul
1927 2457 2002 2508 contu

591 2541 761 2610 disciplinam
785 2555 880 2610 agrum
905 2540 1117 2610 compescuerit,
1142 2539 1166 2594 si
1187 2540 1261 2596 nulls
1278 2539 1313 2594 de
1331 2555 1365 2594 ea
1383 2555 1412 2594 rc
1429 2541 1590 2610 qusestionc
1608 2545 1683 2596 mota
1700 2543 1860 2598 missionem
1879 2541 2001 2611 ecceperlt,
2014 2547 2032 2591 u

558 2645 572 2690 a
590 2629 736 2701 inquietari
753 2628 921 2700 prohibetur.
948 2628 1019 2684 Illud
1037 2631 1147 2684 constet
1162 2628 1244 2684 huius
1256 2629 1478 2699 praescriptionis
1490 2631 1662 2686 commodum
1676 2631 1712 2685 ad
1724 2647 1781 2700 eos,
1800 2633 1848 2702 qui
1859 2630 2001 2702 ignominiae

591 2733 675 2774 cauae
699 2719 775 2774 missi
798 2723 877 2788 sunt,
900 2733 955 2774 non
978 2718 1127 2788 pertinere,
1151 2717 1225 2788 quod
1245 2719 1360 2788 proemii
1378 2719 1437 2774 loco
1456 2721 1594 2775 ueteranis
1612 2735 1773 2776 concessum
1792 2722 1962 2791 intellegitur:
1981 2721 2001 2772 et

591 2807 653 2864 ideo
672 2813 701 2864 et
719 2807 754 2863 ed
772 2823 844 2877 eum,
862 2808 910 2877 qui
928 2807 1054 2862 muneris
1071 2807 1171 2862 missus
1189 2813 1241 2876 est,
1259 2812 1351 2877 potest
1368 2807 1422 2863 dici
1439 2809 1584 2879 pertinere,
1602 2825 1664 2864 cum
1676 2809 1740 2865 holo
1752 2826 1862 2880 quoquo
1873 2809 2000 2880 praemium

559 2913 573 2959 s
591 2903 755 2969 praestatur.
782 2896 941 2952 illesionnm
961 2897 1103 2966 generales
1118 2911 1219 2951 caussa
1231 2901 1377 2952 sentires:
1395 2896 1511 2952 honesta
1522 2899 1648 2953 causeris
1659 2900 1850 2969 ignominiosa
1883 2891 2008 2976 1ῙῇῙῖ

591 2985 707 3042 honesta
724 2991 780 3056 est,
798 3000 870 3056 quse
889 2991 1012 3056 tempore
1032 2985 1144 3040 milities
1161 2986 1274 3056 impleto
1291 2985 1386 3040 detur:
1404 2988 1537 3056 musana,
1555 3003 1618 3042 cum
1636 2989 1698 3057 quis
1716 2989 1784 3043 nitio
1803 2990 1885 3044 animi
1903 2973 2000 3046 ucles
2012 2991 2031 3033 ll

590 3075 665 3147 poris
682 3075 773 3130 minus
790 3075 906 3132 idoneus
924 3075 1036 3130 militiae
1054 3074 1238 3130 renuntietur:
1257 3075 1439 3143 ignominiosa
1456 3091 1540 3131 osusa
1552 3083 1603 3148 est,
1622 3091 1683 3132 cum
1697 3079 1759 3147 quis
1770 3085 1883 3149 propter
1894 3079 2000 3134 delicus

591 3168 763 3221 sacremento
781 3165 905 3220 soluitur.
935 3168 963 3219 et
980 3165 1018 3232 is,
1037 3163 1083 3233 qui
1101 3163 1251 3232 ignominia
1268 3164 1368 3219 missus
1386 3169 1442 3234 est,
1461 3179 1551 3235 neque
1569 3165 1672 3220 Rom
1691 3181 1781 3236 neque
1799 3167 1828 3222 in
1845 3183 1921 3224 sscro
1937 3163 2001 3222 comi·

590 3257 650 3310 tatu
669 3269 751 3324 egero
769 3259 868 3325 potest.
896 3259 926 3309 et
943 3255 967 3310 al
985 3253 1043 3309 sine
1062 3253 1228 3322 ignominiae
1246 3253 1383 3308 mentione
1402 3253 1566 3323 missisunt,
1585 3253 1668 3310 nihilo
1684 3255 1774 3311 minna
1787 3257 1933 3326 ignominie
1944 3249 2001 3310 nesi

557 3343 794 3412 sintelleguntnr.
831 3343 993 3398 inreuerens
1011 3343 1089 3397 miles
1107 3357 1161 3397 non
1179 3347 1286 3398 tantum
1305 3359 1322 3396 s
1339 3341 1448 3397 tribuum
1466 3344 1511 3398 uel
1529 3343 1702 3414 centurione,
1721 3345 1771 3402 aed
1790 3347 1873 3402 etiem
1892 3341 2001 3415 aprinc's

591 3433 646 3504 pali
663 3431 899 3488 coercendcecst
930 3447 993 3488 nem
1013 3445 1089 3500 eum,
1107 3431 1155 3500 qui
1173 3431 1324 3487 centurioni
1342 3431 1477 3500 caligare
1495 3447 1526 3487 se
1544 3433 1646 3488 uolenti
1664 3435 1804 3502 restiterit,
1822 3441 1928 3491 ueteres
1944 3437 2002 3488 note·
2013 3433 2032 3479 ll

591 3527 703 3578 uerunt:
726 3523 750 3577 al
773 3521 858 3578 uitem
880 3521 983 3591 tenuit,
1007 3520 1131 3576 militiam
1150 3525 1251 3576 mutet:
1275 3521 1299 3576 si
1318 3536 1352 3575 ex
1371 3519 1505 3576 industria
1521 3520 1604 3592 fregit
1621 3523 1665 3578 uel
1684 3539 1796 3578 manum
1815 3523 1960 3580 centurioni
1974 3522 2002 3575 ic

463 3619 468 3630 '
559 3621 574 3668 t
590 3611 662 3680 tulit,
680 3612 770 3681 capite
788 3611 907 3681 punitur.
933 3610 1001 3666 Eius
1018 3608 1138 3680 iugaml,
1156 3611 1212 3680 qui,
1231 3625 1293 3665 cnm
1311 3608 1362 3666 sub
1380 3609 1507 3666 custodia
1524 3612 1569 3666 uel
1585 3612 1614 3666 in
1632 3627 1742 3668 carcere
1761 3619 1837 3669 esset
1853 3603 2003 3694 disces-isli)

591 3701 665 3772 serit,
683 3701 711 3756 iu
729 3715 842 3756 numero
860 3700 1030 3756 desertorum
1049 3715 1103 3755 non
1122 3699 1351 3770 computendam⁸
1369 3699 1518 3754 Menander
1535 3701 1657 3772 scripsit,
1675 3703 1741 3772 qrria
1758 3703 1901 3759 custodiae
1918 3701 2003 3770 ming,

591 3803 646 3846 non
664 3789 775 3845 milities
793 3789 918 3846 desertor
934 3793 986 3844 est
1017 3803 1081 3844 eum
1099 3793 1206 3857 umen,
1231 3789 1277 3858 qui
1298 3787 1408 3844 carcere
1425 3789 1540 3846 elirsoto
1558 3787 1672 3860 tigerit,
1695 3791 1805 3847 etiamsi
1823 3797 1888 3849 ante
1906 3809 1954 3848 non
1970 3789 2033 3844 dell

558 3890 574 3936 c
591 3879 719 3948 seruerit,
738 3879 828 3948 capite
846 3877 1013 3950 puniendum
1032 3877 1133 3933 Peulus
1152 3879 1269 3948 scripsit
1302 3879 1312 3950 l
1332 3878 1515 3948 Desertorem,
1534 3879 1581 3949 qui
1599 3895 1616 3934 s
1632 3885 1712 3951 patre
1730 3896 1782 3937 ano
1799 3881 1891 3938 iuerat
1907 3882 2004 3946 oblatus,
2015 3860 2064 3925 ldi'

591 3968 620 4024 ln
642 3968 805 4024 deteriorem
828 3967 952 4022 militiam
975 3965 1057 4022 diuus
1074 3965 1140 4022 Pius
1162 3965 1222 4024 dari
1244 3969 1336 4037 iussit,
1360 3983 1394 4024 ne
1414 3968 1553 4040 uidestnr,
1577 3969 1679 4040 inquit,
1703 3975 1785 4040 pater
1807 3971 1844 4026 ed
1862 3971 2005 4043 supplicium

591 4055 676 4112 iillum
700 4057 841 4127 optulisse.
873 4057 939 4112 item
962 4055 1061 4111 dinus*
1078 4054 1198 4112 Seuerus
1221 4063 1250 4112 et
1267 4057 1422 4114 Antoninus
1445 4073 1522 4127 eum,
1546 4059 1593 4129 qui
1616 4064 1680 4128 post
1700 4059 1915 4131 quinquennium
1931 4060 2006 4115 deser

591 4147 674 4202 tionis
697 4162 728 4201 se
751 4145 862 4216 optulit,
886 4145 1024 4215 deportari
1046 4144 1192 4202 iusserunt.
1224 4147 1299 4216 quod
1317 4149 1471 4218 exemplum
1490 4152 1519 4202 et
1536 4148 1564 4204 in
1583 4148 1682 4204 ceteris
1701 4150 1780 4219 sequi
1799 4139 2005 4233 [Μῖῃῖῖῇᾙ

592 4249 643 4292 uos
661 4233 762 4290 debere
780 4234 929 4290 lienender
946 4234 1063 4304 scripsit.

537 4325 575 4384 14
645 4324 764 4380 Paunus
781 4323 850 4378 libro
867 4323 999 4392 singulari
1017 4323 1052 4378 de
1069 4313 1166 4394 po'tuis
1185 4325 1309 4380 militum.
1336 4323 1388 4391 Qui
1406 4329 1576 4396 commeatus
1594 4327 1714 4397 spatium
1728 4329 1858 4400 excessit,
1876 4322 2006 4384 suarem
2018 4309 2042 4382 31

592 4411 637 4468 uel
655 4412 803 4467 desertoris
820 4412 880 4468 loco
899 4411 1042 4468 habendus
1059 4417 1112 4470 est.
1140 4411 1257 4470 hebetur
1274 4417 1367 4468 umen
1385 4415 1455 4471 ratio
1469 4415 1584 4485 dierum,
1603 4415 1703 4486 quibus
1715 4417 1823 4474 tardius
1834 4414 2007 4474 consuesset

592 4501 785 4568 HXYMOO)

528 4639 536 4651 ·
592 4591 2008 4700 Um

592 4695 805 4765 computandum
823 4697 1051 4762 (ocsrruxe'sncsm
1062 4717 1095 4744 =
1106 4715 1345 4754 snsrrcsssroeso:
1363 4719 1413 4754 can
1430 4701 1461 4754 ds
1479 4699 1600 4767 Wclerli
1669 4701 1682 4734 ⁴
1699 4699 1757 4755 diui
1776 4701 1876 4770 (cddli

592 4817 828 4887 4atipencli'o'um
847 4819 882 4873 F*
944 4821 1039 4876 iinon
1061 4826 1168 4878 tentum
1190 4821 1226 4891 ln]
1252 4822 1281 4877 ln
1333 4821 1393 4878 dire
1417 4824 1455 4876 1⁴⁸¹
1525 4825 1560 4878 22
1584 4837 1693 4879 comum
1719 4823 1757 4877 F1
1828 4825 1865 4881 23
1885 4825 1916 4880 in
1931 4817 2014 4894 cmi*

593 4889 713 4945 dendum
733 4891 768 4944 1³¹
818 4891 852 4945 10
869 4891 1047 4962 parcissime
1065 4894 1103 4946 F’
1137 4896 1183 4950 Ι111
1200 4891 1281 4949 disci·
1334 4896 1368 4950 27
1381 4895 1582 4965 preemii⁴loco
1592 4895 1629 4948 1³²
1668 4895 1705 4950 30
1714 4895 1807 4952 enimc
1817 4897 1852 4950 Ρ
1892 4892 2010 4952 mltum

591 4961 831 5090 glins'm'augnsti
842 4963 880 5016 F*
930 4965 963 5018 14
980 4971 1014 5019 το
1028 4963 1144 5020 n'sm'cn
1162 4963 1198 5020 F‘
1214 4969 1219 5031 Ι
1235 4965 1282 5020 tri·
1335 4987 1384 5021 om.
1397 4967 1434 5021 ΕΙ
1493 4968 1529 5022 46
1545 4971 1590 5022 ost
1608 4967 1647 5022 lla
1664 4968 1701 5022 ΓΙ

612 5048 725 5091 oncrum
735 5035 772 5088 ΕΙ
810 5036 842 5090 ll
856 5035 1132 5092 auctoritat‘em’isFl
1170 5037 1203 5092 18
1216 5043 1281 5092 stu*-
