3728 5452
240 279 405 348 XXXVIII
428 281 467 345 il
489 287 567 342 1-a
914 272 1002 354 370
1221 297 1269 344 an
1293 294 1447 344 suranus
1471 293 1676 343 consuuntur

241 438 285 494 cui
303 436 442 493 indicandi
459 436 503 492 ius
521 433 582 506 init,
601 433 754 492 'transacta'
773 433 878 490 scilieet
894 433 968 489 bona
982 431 1046 503 tide,
1064 435 1095 487 nt
1107 433 1199 488 ualeat
1210 434 1369 504 transactio,
1383 431 1476 488 ‘finita'
1488 432 1534 487 nel
1547 445 1679 487 consensu

240 527 285 581 uel
303 527 386 596 longo
404 526 512 581 silentio
531 525 630 596 sopita.

204 613 222 670 2
295 615 373 670 Insrr
389 613 458 669 libro
476 615 559 669 tertio
577 613 684 668 decimo
703 611 738 667 ad
757 611 897 667 Sabinum.
926 609 990 666 Siue
1009 611 1129 680 ingenua
1147 611 1185 664 sit
1198 614 1286 665 mater
1298 611 1357 666 siue
1369 609 1505 678 libertina,
1525 601 1679 691 [Qasr-Ta}

209 713 221 758 1
241 703 354 758 habebit
370 703 568 758 Tertullianum
593 700 776 756 commodum.
811 700 911 754 Filium
933 705 1026 754 autem
1050 699 1095 753 uel
1115 697 1198 754 filiam
1216 701 1342 769 accipere
1360 699 1508 766 debemus,
1534 699 1594 752 sine
1612 698 1679 752 inste

241 791 297 846 sint
313 792 448 861 procreati
466 791 511 845 uel
529 790 613 860 uulgo
632 789 763 859 quaesiti:
782 788 865 858 idque
883 789 911 843 in
930 789 1013 858 uulgo
1032 787 1164 858 quaesitis
1178 792 1207 842 et
1219 787 1339 842 lulianus
1350 787 1420 842 libro
1432 785 1679 857 quinquagensimo

208 890 223 935 a
241 893 313 935 nono
332 879 501 949 digestorum
520 879 639 948 scripsit.
666 877 721 933 Sed
740 875 853 932 sifilius
871 878 917 932 uel
935 875 990 932 filia
1007 875 1125 931 libertini
1144 877 1199 931 sint
1216 877 1316 944 effecti,
1334 880 1423 930 mater
1439 876 1593 944 legitimum
1606 873 1679 928 here

241 968 354 1022 ditatam
373 968 513 1024 uindicare
530 983 584 1022 non
603 967 716 1037 poterit,
734 966 864 1036 quoniam
884 971 972 1021 mater
989 981 1050 1020 esse
1068 964 1224 1020 huiusmodi
1241 964 1357 1020 filiorum
1376 964 1471 1019 desiit:
1490 963 1576 1032 idque
1594 968 1623 1016 et
1639 962 1679 1016 In·
1762 997 1773 1006 -

208 1057 330 1112 elianus
349 1057 459 1126 scripsit
476 1062 505 1112 et
522 1056 701 1110 constitutum
720 1060 764 1109 est
781 1054 817 1109 ab
835 1055 998 1123 Imperatore
1017 1057 1120 1108 nostro.
1148 1053 1202 1108 Sed
1222 1054 1245 1108 si
1263 1054 1291 1108 in
1310 1054 1442 1108 seruitute
1457 1051 1587 1121 concepit
1597 1049 1679 1106 lilium
1741 1077 1774 1108 .ι

242 1151 272 1200 et
292 1145 463 1200 manumissa
486 1144 616 1214 ediderit,
640 1143 676 1198 ad
697 1144 848 1212 legitImam
872 1145 932 1198 eius
956 1143 1135 1198 hereditatem
1159 1141 1333 1198 admittetur:
1357 1141 1484 1210 idemque
1508 1145 1538 1195 et
1560 1141 1681 1195 sisenna
1702 1159 1775 1196 -ι

242 1249 347 1304 poenae
371 1233 498 1302 concepit
521 1239 550 1288 et
572 1233 699 1287 restituta
723 1231 822 1286 edidit:
845 1231 898 1286 hoo
918 1230 991 1285 idem
1010 1237 1039 1286 et
1056 1231 1080 1286 si
1097 1230 1184 1286 libers
1201 1231 1339 1301 concepit,
1364 1229 1450 1286 edIdit
1468 1245 1551 1286 serua
1569 1241 1679 1298 poenae,
1698 1272 1774 1300 Q
1790 1239 1808 1278 ιι

243 1337 307 1378 mox
329 1322 457 1377 restituta
479 1327 535 1377 est:
558 1322 608 1376 sed
633 1327 662 1375 et
684 1321 708 1376 si
730 1318 817 1375 libera
834 1321 961 1390 concepit
978 1325 1007 1374 et
1024 1321 1052 1375 in
1071 1321 1232 1375 seruitutem
1250 1320 1362 1375 redacta
1380 1318 1480 1394 edrdIt,
1504 1334 1571 1373 mox
1589 1333 1775 1372 manu·—

242 1411 328 1466 missa
346 1415 396 1479 est,
415 1409 451 1464 ud
469 1410 618 1480 legitimam
637 1409 831 1480 heressditatem
849 1409 908 1464 eius
928 1407 1097 1464 admittetur.
1124 1410 1189 1464 item
1209 1409 1232 1464 si
1251 1407 1341 1463 adhuc
1357 1423 1495 1476 praegnas
1514 1405 1776 1460 manumittas.-
1787 1403 1841 1457 titt

243 1505 295 1568 est,
313 1497 459 1554 dicendum
478 1499 531 1553 erit
547 1497 687 1568 prodesse.
715 1501 745 1552 et
762 1499 790 1552 in
808 1498 941 1553 seruitute
960 1496 1027 1552 editi
1045 1496 1092 1552 lilii
1110 1498 1146 1552 ad
1163 1498 1313 1568 legitimam
1333 1495 1514 1550 hereditatem
1534 1501 1622 1550 mater
1635 1492 1774 1548 ad—.-

243 1587 375 1656 mittetur,
393 1591 511 1656 utputa
528 1587 634 1656 sipost
652 1602 756 1642 moram
775 1585 876 1642 Iactum
895 1587 923 1640 ln
941 1583 1153 1642 fideicommissa
1171 1585 1297 1641 libertate
1310 1585 1425 1655 peperit,
1443 1583 1488 1638 uel
1500 1583 1578 1653 apud
1590 1581 1774 1638 hostem

208 1686 225 1731 4
243 1681 272 1730 et
289 1690 352 1730 oum
370 1691 404 1730 eo
422 1675 511 1745 rediit,
530 1675 575 1730 uel
593 1675 616 1729 si
634 1674 779 1744 redempta
796 1673 891 1729 edidit.
928 1673 958 1729 Si
977 1676 1073 1730 mulier
1090 1675 1127 1730 sit
1144 1673 1259 1744 famosa,
1278 1674 1313 1730 ad
1331 1673 1482 1743 legitimam
1501 1671 1773 1726 hereditatem*
1789 1673 1808 1714 ¹⁵

210 1762 389 1820 eliberorum
412 1763 580 1818 admittetur.
617 1763 803 1834 Impuberem,
828 1763 873 1818 oui
892 1768 972 1832 pater
990 1763 1126 1818 secundas
1144 1763 1253 1818 tabulae
1271 1760 1348 1832 iecit,
1372 1768 1438 1817 tunc
1456 1765 1564 1816 certum
1582 1765 1626 1814 est
1642 1759 1705 1814 ln-
1715 1774 1774 1812 ,ι-

243 1857 375 1909 mutum
394 1851 554 1922 decessisse,
573 1867 635 1907 curn
654 1852 795 1907 omiserInt
813 1850 955 1906 substituti
972 1850 1151 1906 hereditatem
1170 1853 1238 1908 elus.
1267 1865 1352 1921 quare
1370 1855 1399 1905 et
1417 1850 1440 1904 si
1458 1847 1587 1919 Impubes
1605 1847 1775 1902 adro—«s

244 1947 328 2012 gatus
345 1941 390 2010 sit,
409 1941 555 1996 dicendum
567 1945 611 1996 est
622 1945 737 1995 matrem
750 1940 786 1994 ad
798 1938 871 1994 bona
883 1940 942 1994 eius
955 1939 1071 2009 admitti,
1089 1955 1161 2010 quae
1172 1940 1294 2010 haberet,
1313 1940 1337 1994 si
1349 1940 1495 1994 intestatus
1508 1935 1775 1992 aesculeae-t

212 2039 226 2086 t
244 2030 337 2086 Liberi
354 2029 476 2086 defuncti
494 2031 537 2085 sui
555 2029 665 2100 quidem
684 2027 835 2084 obstabunt
853 2029 934 2082 matri
951 2027 1010 2082 eius
1028 2031 1085 2083 tam
1102 2029 1189 2084 uirilis
1207 2044 1290 2084 sorus
1307 2037 1390 2098 quam
1408 2025 1542 2094 seminini,
1559 2031 1616 2080 tam
1635 2040 1668 2080 na
1680 2033 1777 2076 Δ·

244 2119 348 2174 turales
370 2133 452 2189 quam
478 2117 602 2188 adoptiui
619 2125 790 2187 matremque
807 2117 968 2187 excludunt,
991 2115 1123 2172 bonorum
1142 2131 1316 2187 possessores
1333 2131 1399 2172 uero
1418 2116 1501 2170 etiam
1520 2131 1576 2170 non
1595 2115 1637 2170 sui
1653 2107 1778 2168 eei
1790 2106 1809 2146 ¹⁰

245 2207 355 2278 quidem
380 2207 431 2263 soli
454 2207 599 2262 naturales.
633 2207 757 2278 adoptiui
780 2209 872 2260 autern
890 2205 969 2260 liberi
986 2211 1049 2276 post
1066 2207 1311 2276 emancipationem
1329 2206 1368 2260 ita
1385 2205 1583 2273 admittuntur,
1607 2203 1779 2258 siet¹¹

244 2295 336 2352 liberis
355 2295 525 2352 naturalibus
543 2294 658 2364 fuerint,
677 2300 793 2365 utputa
810 2309 896 2364 nepos
914 2294 1046 2349 naturalis
1064 2293 1100 2349 ab
1118 2309 1171 2350 auo
1190 2295 1352 2366 adoptatus:
1370 2311 1433 2349 nam
1452 2293 1519 2348 licet
1536 2294 1574 2348 stt
1591 2295 1780 2347 emsnss·

212 2385 364 2455 telpatus,
387 2383 521 2440 bonorum
544 2385 719 2454 possessione
743 2381 859 2454 accepta
882 2383 961 2438 matri
984 2381 1114 2438 obstabit.
1150 2381 1180 2438 Si
1198 2397 1264 2438 uero
1283 2383 1357 2452 apud
1374 2383 1468 2438 hoster
1485 2387 1531 2438 est
1548 2379 1621 2436 lilius
1637 2365 1781 2434 awti

212 2473 320 2529 enasci
345 2477 484 2544 speratur,
509 2473 612 2542 pendet
634 2474 678 2528 ius
701 2473 808 2542 matris,
833 2473 922 2527 donec
941 2471 1053 2528 redierit
1070 2472 1115 2526 nel
1133 2476 1270 2527 nascatur.
1308 2472 1362 2527 Sed
1381 2472 1405 2526 si
1422 2471 1478 2526 sint
1496 2471 1542 2525 sui
1558 2468 1782 2524 heroden*

243 2577 339 2618 nerum
359 2561 497 2616 hereditas
515 2561 551 2616 sd
570 2576 618 2616 eos
636 2577 690 2616 non
709 2562 857 2632 pertineat,
876 2561 1033 2630 uideamus,
1052 2577 1088 2616 an
1105 2567 1193 2616 mater
1211 2561 1379 2630 admittatur,
1397 2566 1429 2615 ut
1446 2565 1517 2629 puta
1534 2557 1664 2614 abstinuit
1697 2544 1783 2604 1¹
1794 2543 1813 2586 ‘⁵

244 2665 274 2706 se
293 2649 454 2705 hereditate.
482 2648 630 2705 Africanus
647 2654 676 2704 et
693 2649 832 2705 Publicius
849 2653 985 2719 temptant
1003 2649 1095 2706 dicere
1112 2650 1140 2704 in
1158 2665 1262 2719 casum,
1280 2665 1335 2719 quo
1353 2664 1383 2704 se
1401 2647 1543 2704 abstinent
1556 2647 1608 2716 sni,
1626 2646 1783 2700 musi·

243 2743 313 2794 trem
337 2738 445 2808 uenire,
470 2738 516 2792 et¹
533 2743 599 2794 tune
622 2738 648 2792 ei
671 2737 794 2808 obstent,
818 2739 944 2809 quotiens
966 2755 1023 2794 rem
1047 2737 1191 2808 haberent,
1214 2753 1249 2792 ne
1271 2737 1374 2793 nudum
1392 2751 1493 2792 nomen
1513 2737 1557 2792 sui
1574 2727 1740 2792 heredia-3
1751 2720 1784 2772 lii

211 2836 225 2881 a
243 2831 343 2882 noceat
365 2827 459 2882 matri:
484 2840 556 2895 quae
579 2829 716 2882 sententia
739 2828 852 2898 aequior
874 2831 924 2882 est.
961 2826 1016 2882 Sed
1040 2827 1064 2881 si
1085 2828 1147 2896 quis
1164 2825 1329 2882 decessisset
1346 2827 1442 2882 relicta
1458 2825 1530 2894 tilia,
1554 2840 1635 2894 qnam
1653 2808 1784 2878 lxiii

244 2915 419 2984 adoptionem
438 2915 559 2984 legitime
576 2915 703 2986 dederet,
722 2917 817 2971 relicta
834 2919 863 2970 et
880 2920 975 2986 matre,
994 2915 1075 2970 diuus
1094 2915 1159 2970 Pius
1177 2915 1299 2970 decreuit
1316 2929 1424 2970 cessare
1443 2919 1559 2970 senatus
1576 2895 1784 2996 consulI-⁶¹¹]

242 3008 302 3058 tum
320 3003 519 3072 Tertullianum
537 3008 566 3058 et
584 3004 663 3058 simul
676 3019 738 3060 esse
750 3003 935 3060 admittendas
946 3004 983 3059 ad
995 3003 1128 3060 bonorum
1140 3005 1341 3074 possessionem
1355 3003 1428 3058 unde
1441 3002 1561 3073 proximi
1573 3018 1606 3058 co
1796 2984 1814 3026 ⁵⁰

243 3095 358 3148 matrem
377 3097 406 3146 et
423 3089 514 3146 filiam.
546 3091 595 3147 sed
614 3092 778 3162 qnodidem
797 3093 918 3148 Iulianus
936 3093 1046 3163 scripsit
1064 3085 1178 3148 matrem
1198 3107 1232 3148 ex
1251 3092 1508 3148 senatusconsulto
1526 3107 1583 3148 non
1600 3087 1784 3162 possut*

243 3180 359 3249 admitti
378 3181 401 3234 si
420 3179 475 3234 tilis
492 3181 520 3235 in
539 3179 671 3236 honorum
689 3183 864 3252 possessione
881 3181 1001 3252 petenda
1020 3183 1177 3251 cessausrit,
1195 3197 1290 3236 nerum
1309 3195 1365 3236 non
1383 3181 1447 3236 erit:
1465 3180 1593 3236 succedit
1610 3177 1783 3235 enta-m

242 3267 323 3324 tiliae.
351 3273 380 3324 et
396 3269 459 3324 ideo
477 3269 621 3325 dicendum
642 3271 693 3325 erit
710 3275 835 3340 matrem,
854 3270 943 3325 donec
960 3269 1016 3326 filia
1033 3269 1166 3326 bonorum
1185 3265 1387 3340 possessionem
1406 3276 1501 3339 petere
1514 3273 1616 3339 potest,
1633 3265 1782 3324 δαίθ’

194 3369 225 3415 to
242 3372 339 3412 norum
357 3359 560 3427 possessionem
579 3359 703 3428 accipere
721 3374 776 3415 non
793 3373 883 3430 posse,
901 3360 1030 3428 quoniam
1049 3359 1198 3414 succedere
1216 3359 1295 3429 quasi
1312 3359 1436 3428 legitima
1453 3364 1620 3427 speraretur.
1650 3338 1781 3412 3³5

241 3445 376 3502 bonorum
398 3447 573 3515 possessione
597 3453 712 3518 accepta
734 3447 807 3503 filius
825 3449 1014 3518 emancipatus
1032 3447 1195 3504 abstinuerit
1211 3461 1242 3503 se
1261 3445 1412 3502 hersdItate
1430 3462 1480 3516 per
1498 3447 1528 3502 in
1545 3427 1809 3517 ῖιιιιιςιιιια-’ῑμὅ

242 3535 456 3605 restitutionem,
480 3550 574 3592 nerum
599 3541 644 3592 est
661 3541 774 3592 senatus
792 3537 945 3592 consutum
964 3552 1046 3606 posse
1064 3539 1153 3592 locum
1172 3535 1285 3592 habere:
1309 3536 1359 3590 sed
1377 3536 1401 3590 si
1418 3534 1503 3592 inerit
1519 3551 1616 3591 rursus
1631 3533 1779 3591 irs-²¹1·

193 3635 222 3680 11
242 3623 353 3691 mixtus,
371 3639 466 3679 rursus
484 3624 568 3680 debet
585 3630 673 3680 mater
690 3624 835 3680 abstinere.
864 3623 892 3680 Si
911 3627 974 3696 quis
992 3641 1027 3681 ex
1045 3625 1145 3694 liberis,
1164 3625 1230 3679 dum
1248 3625 1338 3680 estin
1355 3629 1442 3693 utero,
1460 3624 1489 3678 in
1508 3616 1779 3702 possessionssff

242 3711 344 3766 missus
366 3713 415 3782 sit,
440 3727 505 3768 mox
527 3717 609 3768 natus
632 3714 669 3768 sit
691 3719 720 3768 et
742 3718 807 3768 ante
828 3713 962 3769 bonorum
979 3715 1183 3784 possessionem
1200 3718 1342 3784 acceptam
1360 3714 1525 3783 decesserit,
1549 3730 1586 3768 sn
1602 3697 1778 3768 meuc-¹⁰

242 3804 354 3870 noceat,
378 3801 543 3871 uidendum,
566 3802 646 3872 quasi
668 3800 802 3858 bonorum
820 3817 971 3872 possessor.
1004 3807 1033 3859 et
1050 3807 1118 3874 pute
1136 3819 1191 3858 non
1209 3818 1320 3872 nocere,
1342 3803 1365 3857 si
1384 3817 1439 3857 non
1457 3817 1526 3857 suns
1544 3803 1617 3872 patri
1633 3777 1777 3855 219⁶·

243 3889 398 3958 gnsseiturr
416 3905 505 3960 nequo
523 3891 596 3946 enlm
615 3888 733 3946 suffieit³
752 3891 823 3946 mitti
842 3892 867 3945 in
886 3892 1097 3962 possessionem,
1117 3891 1169 3947 nisi
1183 3897 1264 3947 natus
1275 3905 1385 3961 quoque
1398 3889 1748 3960 accepsntuonornrct
1757 3881 1775 3966 {⁰
1787 3866 1806 3908 ‘⁰

242 3978 454 4047 possessionem.
485 3980 569 4048 igitur
593 3985 622 4034 et
644 3980 669 4034 si
690 3977 794 4036 iurioso
819 3979 929 4035 decreto
954 3979 1042 4050 petita
1063 3981 1101 4035 sit
1123 3981 1261 4050 possessio
1280 3983 1309 4034 et
1325 3979 1485 4049 priusquam
1504 3980 1566 4049 ipse
1583 3967 1774 4054 menapi

195 4074 225 4120 12
243 4081 356 4135 compos
374 4065 464 4122 iactus
481 4067 615 4123 honorum
634 4068 835 4138 possessionem
855 4068 972 4138 petierit,
991 4067 1148 4139 decesserit,
1167 4069 1246 4124 matri
1264 4085 1318 4124 non
1337 4066 1467 4122 obstabit.
1494 4067 1552 4123 Sed
1570 4069 1596 4123 si
1612 4055 1770 4136 quib-'⁵¹

242 4169 305 4210 eum
324 4158 413 4210 status
432 4156 646 4212 controuersiam
664 4161 816 4226 pateretur,
836 4154 1036 4212 Carbonianam
1056 4157 1141 4213 solam
1161 4158 1306 4228 acceperit,
1327 4172 1362 4210 an
1380 4161 1480 4211 noceat
1499 4157 1581 4211 matri
1599 4145 1766 4230 bened]

241 4258 301 4297 rum
320 4243 467 4314 possessio,
485 4245 640 4314 quaesitum
659 4244 768 4315 quidem
788 4249 843 4300 est:
862 4245 911 4300 sed
930 4261 992 4300 eum
1011 4245 1079 4300 baec
1097 4251 1221 4316 tempore
1239 4245 1356 4315 finiatur,
1376 4243 1525 4300 dicendum
1544 4249 1588 4302 est
1602 4233 1762 4320 matffl,⁷
1862 4290 1864 4297 ι

194 4340 224 4386 1³
241 4336 306 4401 post
323 4336 432 4400 tempus
451 4347 505 4388 non
523 4348 623 4390 nocere
641 4338 698 4402 aut,
717 4334 741 4388 si
758 4333 884 4404 impubes
902 4333 1060 4404 decesserit,
1079 4339 1194 4390 matrem
1213 4349 1295 4405 posse
1313 4333 1430 4388 admitti.
1467 4333 1525 4390 Sed
1544 4334 1569 4390 si
1586 4310 1753 4388 ἰιιΐειι,Ι
1765 4311 1784 4354 ⁶

241 4422 427 4488 portatorem
450 4421 538 4490 petits
560 4421 596 4476 sit
619 4422 771 4491 possessio,
794 4423 859 4477 licet
881 4423 974 4478 statIm
999 4423 1162 4493 decesserit,
1186 4423 1333 4479 dicendum
1356 4423 1409 4478 erit
1427 4423 1510 4478 matri
1529 4421 1666 4480 obstitime
1721 4412 1745 4500 ᾗ

193 4516 225 4563 14
242 4523 297 4564 non
321 4508 394 4564 enim
416 4509 512 4564 similis
534 4514 578 4564 est
601 4511 640 4582 ei,
663 4525 735 4581 quse
753 4507 856 4566 iudose
879 4509 968 4568 datur.
1005 4511 1048 4566 lta
1071 4511 1181 4567 demum
1204 4517 1297 4568 autem
1321 4516 1410 4568 mater
1433 4517 1549 4568 senatus
1566 4501 1734 4568 oonsullss
1821 4582 1823 4585 ι

241 4613 445 4684 HDEQIGK)

243 4758 252 4791 ¹
272 4753 415 4826 abstinuit]
433 4755 572 4812 abstinent
589 4757 651 4812 sut?
722 4757 734 4794 ¹
752 4763 784 4812 ut
801 4757 903 4825 (Hst)?
973 4758 1042 4813 ¹ita
1060 4768 1107 4813 sna.

243 4894 444 4951 lualea'n'tF‘
480 4898 591 4966 bnolgo
601 4899 637 4951 F¹
674 4899 935 4954 emanumnsase
987 4899 1116 4954 de'n’tF2
1150 4897 1355 4956 ideasu‘m'F’
1393 4898 1678 4957 maceriensem

242 4968 277 5022 11
289 4966 383 5022 adedit
396 4969 421 5020 F
459 4969 494 5023 1s
510 4968 642 5038 prodesse
652 4969 694 5024 ‘et'
705 4971 733 5025 in
750 4971 883 5026 seruitute
897 4971 934 5022 1⁴³¹
986 4971 1023 5026 30
1040 4971 1112 5027 simil
1129 4973 1167 5024 F¹
1221 4971 1257 5026 47
1276 4985 1331 5026 non
1349 4991 1398 5026 ons
1413 4973 1472 5042 ΡΙ
1536 4973 1627 5044 'o¹p'so
1642 4965 1677 5023 pr

243 5038 278 5093 lb
295 5037 427 5094 ededitF
457 5040 492 5094 23
509 5039 780 5110 possessione'm'F2
815 5041 851 5096 at
868 5056 933 5111 peu·
1752 5063 1753 5066 ¹
