3644 5460
288 242 408 310 XXXII
430 249 546 306 29-32
662 281 666 290 ·
976 234 1032 316 78
1513 260 1560 308 us
1582 258 1727 312 sanaris

288 399 450 456 denuntiare
468 397 575 454 heredi:
593 412 656 452 nam
676 395 700 450 si
717 393 921 465 admisceris,
939 396 1033 465 menti
1051 411 1086 452 ex
1103 400 1272 454 testamento
1290 399 1443 467 opponetur
1461 395 1512 452 tabi
1529 396 1586 454 doli
1604 397 1670 454 mali
1683 412 1728 452 ex·

255 489 389 560 eceptio.
416 487 453 543 'Si
470 485 581 544 Stichus
599 488 628 540 et
645 485 736 540 Dama
754 484 827 540 serui
846 485 899 540 mei
917 485 946 540 in
963 488 1102 554 potestate
1120 499 1183 540 mea
1200 489 1281 542 eruut
1298 500 1360 540 num
1379 485 1487 555 moder,
1505 491 1564 542 him
1577 483 1690 542 Stichus
1702 489 1729 544 et

170 603 171 606 ¹
289 577 386 632 ‘Dama
407 576 485 631 liberi
508 579 593 630 sunto
614 579 643 628 st
664 571 779 630 fundum
803 574 878 628 iilum
903 573 956 629 sibi
979 572 1116 630 habente'.
1150 574 1173 628 si
1192 575 1307 630 aiterum
1325 589 1359 629 es
1377 573 1419 628 his
1437 579 1501 644 pest
1518 573 1728 645 testamenitum
1745 578 1788 624 ts:

288 663 392 722 iaotnm
411 664 538 720 dominns
556 663 704 718 adunasset
720 663 766 718 nel
784 663 1016 731 manumississet,
1035 665 1161 718 neutrum
1180 661 1294 720 liberum
1313 661 1435 720 futurum
1453 662 1547 720 Labeo
1564 667 1660 733 putat:
1679 662 1729 718 sed

288 753 400 810 Tubero
421 769 498 823 eum,
521 752 568 822 qni
590 751 769 808 remansisset
785 751 813 806 iu
832 755 985 821 potestate,
1003 750 1118 808 liberum
1136 750 1259 808 futurum
1277 756 1307 806 et
1323 753 1446 822 legatrrm
1463 749 1621 810 habiturum
1639 757 1728 822 purat.
1747 761 1760 800 ⁵

289 842 444 900 Tuberonis
461 841 625 896 sententiam
642 840 777 896 uoluntati
796 837 919 896 defuncti
937 840 1026 910 magis
1044 846 1112 910 puto
1130 841 1287 898 conuenire.

232 927 272 984 30
342 933 444 986 Lauso
461 930 530 986 libro
549 930 670 986 seeundo
687 930 870 1000 posteriorum
889 945 907 984 a
924 929 1079 986 nooman
1097 930 1316 1000 epitomatorem.
1352 929 1405 995 Qui
1423 934 1553 1000 quatuor
1571 925 1772 1015 Qut

180 1041 182 1046 ’
288 1021 388 1091 poeula
410 1020 554 1089 oleaginea
575 1018 709 1086 habehat,
733 1019 773 1074 ite
794 1018 912 1088 legeuit:
936 1019 1036 1088 pocula
1058 1018 1201 1088 oleaginea
1224 1018 1302 1088 paria
1323 1017 1387 1075 duo.
1423 1019 1554 1088 respondi
1573 1035 1661 1078 unum
1679 1037 1730 1091 par

288 1110 410 1179 legatum
434 1123 509 1177 esse,
532 1107 675 1175 quianon
698 1107 739 1162 ita
762 1111 849 1162 eset:
873 1106 940 1164 bina
962 1107 1040 1176 paria
1060 1121 1149 1176 neque
1168 1107 1220 1162 ita:
1244 1107 1403 1176 poculorum
1421 1107 1499 1177 paria
1516 1107 1586 1164 duo:
1608 1109 1682 1164 idem
1702 1115 1731 1166 et

237 1223 238 1228 κ
257 1207 269 1250 1
289 1197 444 1254 Trebatius.
481 1196 534 1263 Qui
557 1195 652 1251 hortos
673 1195 798 1266 publicos
816 1211 834 1250 a
852 1211 882 1252 re
899 1195 1010 1266 publiea
1027 1195 1179 1254 conductos
1197 1194 1331 1265 habehat,
1353 1211 1447 1252 eorum
1466 1195 1604 1252 hortorum
1623 1195 1730 1254 fructus
1749 1206 1774 1246 1⁰

289 1301 377 1356 sasque
399 1285 435 1340 sd
456 1286 587 1354 lustrum,
610 1299 665 1354 qne
684 1284 813 1340 conducti
832 1289 938 1354 essent,
957 1281 1068 1340 Aufidio
1086 1285 1228 1354 iegauerat
1245 1288 1274 1340 et
1292 1283 1420 1342 heredem
1438 1301 1499 1342 earn
1518 1285 1730 1344 conductionem

289 1390 383 1432 sonum
406 1374 547 1430 honorum
569 1373 595 1428 ei
617 1373 683 1428 dare
706 1373 887 1432 &monuerat
904 1373 1048 1444 sinereqne
1066 1373 1107 1428 uti
1126 1389 1188 1430 enm
1207 1377 1237 1429 et
1253 1371 1314 1430 frui.
1349 1375 1478 1446 respondi
1495 1373 1625 1432 heredem
1642 1375 1731 1432 teneri

287 1465 378 1520 sinere
401 1461 468 1518 frui:
492 1463 545 1518 hoo
567 1462 685 1532 amptius
708 1461 837 1518 heredem
855 1463 1009 1518 mercedem
1029 1478 1139 1533 qnoque
1157 1462 1296 1520 hortorum
1315 1463 1355 1518 rei
1373 1463 1499 1534 publicae
1517 1469 1731 1534 praestaturum.

257 1552 359 1609 uCum
381 1555 547 1607 testamento
571 1552 701 1621 comptum
720 1557 808 1606 esset:
827 1550 928 1608 ‘Sticho
947 1566 1028 1608 seruo
1047 1566 1109 1608 meo
1127 1551 1207 1607 heres
1225 1552 1345 1622 quinque
1363 1551 1429 1606 date
1447 1557 1488 1620 at,
1513 1551 1536 1608 si
1555 1551 1666 1608 Stichus
1684 1552 1730 1608 he

290 1641 356 1696 ‘redi
375 1655 436 1697 meo
454 1640 594 1696 biennium
612 1640 746 1710 semierit,
764 1639 834 1696 liber
851 1639 928 1710 esto,
947 1646 1012 1710 pest
1030 1640 1168 1696 biennium
1186 1641 1308 1709 legatum
1324 1639 1419 1696 deberi
1430 1641 1565 1711 existimo,
1584 1642 1650 1710 quia
1661 1642 1691 1698 in
1703 1641 1731 1698 id
1749 1644 1774 1684 ¹⁵

257 1735 398 1800 stempas
421 1734 451 1785 et
471 1727 583 1785 libertus
606 1734 636 1784 et
657 1729 778 1798 legatum
803 1715 897 1784 referri
921 1729 1049 1785 deberet:
1072 1729 1147 1800 qnod
1171 1734 1200 1784 et
1218 1728 1364 1786 Trebatius
1381 1729 1531 1800 respondit.
1567 1728 1597 1786 si
1615 1728 1730 1786 fundum

289 1818 356 1875 mihi
373 1817 495 1874 uendere
513 1823 588 1874 certo
605 1817 694 1887 pretio
712 1817 859 1874 damnatus
878 1833 917 1889 es,
936 1819 1039 1876 nudum
1058 1817 1176 1874 iruntum
1196 1818 1255 1874 eius
1273 1819 1313 1874 rei
1325 1833 1359 1874 ea
1371 1818 1528 1874 uenditione
1541 1819 1669 1889 excipere
1681 1818 1731 1874 tibi

257 1913 272 1959 t
290 1907 405 1964 liberum
424 1906 484 1976 erit,
503 1907 568 1975 quia
585 1905 614 1960 id
632 1906 751 1976 pretium
769 1905 805 1962 ad
824 1911 909 1964 totam
928 1923 1041 1964 oausam
1059 1906 1138 1962 fundi
1155 1906 1282 1976 pertinet.
1314 1907 1367 1974 Qui
1384 1905 1500 1964 fundum
1518 1907 1650 1965 mandatu
1669 1924 1731 1964 meo

290 1998 319 2054 iu
337 1996 470 2052 mcietate
489 1993 555 2050 mihi
573 1998 602 2050 et
618 1993 670 2050 sibi
688 2000 800 2066 emerat,
823 1995 923 2052 deiude
941 2009 1004 2052 enm
1022 1995 1124 2052 finibus
1142 1995 1275 2052 diuiserat
1292 1999 1321 2052 et
1337 1996 1496 2066 priusquam
1516 1996 1582 2052 mihi
1600 1997 1731 2067 traderet,

288 2087 330 2142 ita
353 2101 416 2142 eum
439 2084 489 2140 tibi
510 2084 652 2154 legauerat
670 2081 792 2138 'fundum
815 2099 906 2140 meum
925 2085 963 2140 iiii
980 2083 1033 2140 do'.
1065 2085 1167 2154 negaui
1185 2085 1302 2154 amptius
1319 2089 1427 2154 partem
1445 2085 1553 2154 deberi,
1577 2086 1643 2156 qum
1662 2086 1731 2142 neri·
1748 2087 1772 2128 ²⁰

290 2175 378 2230 simile
402 2189 458 2230 non
481 2177 556 2230 esset
578 2172 618 2228 ita
640 2177 772 2228 testatum
797 2187 859 2228 esse
881 2178 986 2243 patrem
1011 2171 1142 2243 familias,
1166 2179 1198 2228 ut
1220 2173 1343 2230 mandeti
1365 2173 1445 2234 heres
1468 2174 1527 2230 eius
1544 2175 1731 2232 damnaretur.

257 2271 271 2316 n
291 2263 383 2320 'Uxori
400 2278 487 2332 meae,
506 2261 571 2318 dum
591 2276 653 2316 cum
672 2258 727 2316 titio
745 2275 808 2316 meo
821 2261 932 2332 Capuae
951 2262 1011 2332 erit,
1030 2261 1110 2318 heres
1128 2277 1206 2318 mens
1224 2262 1345 2322 ducenta
1362 2261 1449 2318 dato':
1468 2261 1540 2320 fitius
1553 2279 1571 2319 a
1582 2269 1671 2320 matre
1682 2265 1730 2320 mi-

184 2423 186 2432 .
289 2353 390 2423 pauit.
420 2351 446 2406 ai
469 2349 550 2406 ambo
568 2349 680 2421 Capuae
704 2349 889 2420 habitassent,
912 2351 1033 2420 legatum
1060 2352 1140 2406 matri
1162 2350 1256 2408 debitu
1274 2352 1308 2406 iri
1325 2353 1435 2422 putaui,
1458 2347 1584 2422 quamuis
1603 2369 1660 2408 una
1677 2369 1730 2410 non

194 2499 198 2506 ,
258 2491 259 2494 ,
289 2440 472 2497 habitassent:
491 2440 534 2495 sin
552 2443 646 2496 autern
664 2439 692 2494 in
710 2438 784 2494 aliud
803 2439 980 2509 municipium
998 2441 1162 2496 transissent
1170 2443 1185 2510 ¹,
1205 2441 1285 2496 anina
1303 2441 1366 2496 anni
1378 2441 1568 2498 tautummodo
1581 2442 1678 2498 debito
1688 2443 1730 2512 iri,

289 2545 344 2600 qno
368 2546 424 2586 nna
446 2527 620 2584 habitassent
642 2526 813 2598 quantotibet
829 2533 966 2599 tempore:
986 2528 1149 2586 ²Trebatius
1168 2529 1216 2584 ait.
1249 2529 1408 2600 uideamus,
1431 2546 1466 2586 an
1485 2529 1527 2585 his
1545 2529 1639 2588 uerbis
1658 2531 1775 2588 ’(1ιιιιιῒξ

290 2619 360 2674 'eum
382 2617 438 2672 tilio
456 2616 568 2687 Capuae
592 2613 651 2671 erit’
669 2631 725 2672 non
749 2616 873 2672 condicio
898 2616 1079 2687 significetur,
1103 2617 1153 2672 sed
1178 2632 1212 2673 ea
1235 2619 1370 2688 scriptura
1388 2635 1438 2690 pro
1456 2633 1630 2689 superuacuo
1648 2620 1731 2682 debet

288 2706 398 2764 haberi:
417 2705 492 2776 qnod
509 2721 565 2762 nou
581 2703 677 2776 probo.
710 2705 754 2760 siu
771 2708 865 2762 autem
882 2719 932 2775 per
950 2706 1091 2764 muherem
1109 2721 1187 2764 mora
1203 2723 1259 2764 nou
1275 2713 1327 2779 est,
1345 2723 1401 2778 quo
1419 2708 1510 2764 minus
1528 2722 1591 2764 oum
1609 2707 1666 2764 filio
1685 2709 1731 2764 ha-

257 2805 271 2850 e
290 2794 367 2865 hitst,
389 2795 482 2864 legata
499 2794 525 2850 ei
544 2793 646 2850 deberi.
683 2792 713 2850 Si
731 2793 814 2850 aedes
832 2795 936 2850 atienae
955 2798 987 2849 ut
1004 2794 1085 2852 dares
1103 2795 1251 2852 damnatus
1269 2797 1307 2852 sis
1325 2811 1415 2866 necue
1432 2812 1481 2852 eas
1498 2797 1554 2852 ulla
1570 2797 1733 2854 condicione

289 2898 381 2940 emere
398 2883 499 2954 possis,
518 2883 664 2938 aestimare
682 2882 800 2940 indicem
819 2889 946 2952 oportere
958 2883 1057 2940 Ateius
1075 2884 1179 2954 scribit,
1198 2886 1293 2955 quanti
1311 2885 1395 2942 aedes
1413 2886 1477 2956 sint,
1496 2891 1528 2942 ut
1538 2886 1627 2956 pretio
1640 2887 1736 2943 soluto

288 2971 369 3028 heren
386 2971 525 3028 liberetur.
552 2971 680 3041 idemque
697 2971 764 3027 iuris
783 2978 826 3028 eet
843 2977 872 3027 et
890 2973 914 3028 si
931 2973 1070 3043 potuisses
1088 2987 1187 3042 emere,
1206 2989 1260 3030 unu
1278 2976 1411 3030 emereri.
1764 2975 1785 3006 ἴ

232 3060 269 3118 31
341 3061 420 3118 Inuu
441 3060 511 3116 libro
534 3060 622 3130 primo
644 3057 818 3130 pitbanorum
837 3077 854 3116 a
871 3061 957 3118 Paulo
975 3063 1195 3133 epitomatorem.
1233 3062 1261 3120 Si
1280 3063 1325 3118 oui
1343 3063 1428 3120 aedes
1444 3065 1553 3134 legatae
1572 3059 1739 3147 Q

287 3151 352 3222 sint,
370 3151 395 3206 ia
413 3165 493 3206 omne
511 3148 624 3206 habebit
640 3149 688 3206 id⁴
705 3148 869 3220 aedificium,
888 3150 979 3220 qu0d⁵
998 3152 1087 3208 solnm
1106 3167 1199 3212 earum
1219 3151 1328 3208 aedium
1347 3152 1408 3210 erit.
1439 3153 1574 3210 Pennus:
1592 3151 1647 3208 hoe
1665 3158 1739 3210 tunc

289 3239 399 3296 demum
417 3238 517 3296 falsum
535 3243 592 3308 est,
613 3253 676 3294 eum
694 3237 822 3298 domiuus
840 3238 950 3302 aedium
968 3239 1094 3298 binarum
1112 3241 1216 3312 aliquid
1233 3242 1373 3312 cunctane,
1391 3241 1465 3312 quod
1484 3257 1568 3312 supra
1586 3256 1740 3298 conmma-

288 3328 422 3384 rationem
445 3327 591 3382 alterarum
615 3327 724 3384 aedium
749 3333 824 3384 esset
830 3369 837 3398 ,
861 3329 889 3384 in
912 3343 992 3386 usum
1012 3331 1159 3386 alterarum
1177 3331 1314 3388 conuertit
1330 3335 1414 3401 atque
1430 3331 1471 3386 ita
1485 3330 1531 3388 his
1548 3346 1616 3386 usus
1635 3329 1740 3388 inerit:

288 3431 408 3486 namque
426 3432 459 3472 ee
478 3415 560 3472 modo
578 3416 671 3472 alteris
689 3417 804 3474 aedibus
821 3417 851 3472 id
869 3417 991 3488 accedet,
1010 3420 1103 3476 unns
1122 3419 1246 3475 decedet.
1285 3477 1287 3480 .

232 3505 271 3565 32
342 3503 502 3561 Sonuuons
518 3503 588 3560 libro
605 3510 704 3574 quarto
722 3505 828 3564 dedmo
847 3506 1025 3578 digestorum.
1054 3506 1176 3564 Sextiam
1194 3506 1278 3564 tiliam
1290 3521 1326 3562 ex
1338 3506 1498 3577 quadrante,
1517 3521 1552 3562 ex
1570 3501 1739 3592 [Q

289 3594 400 3664 reliquis
418 3592 511 3649 Seium
530 3597 559 3648 et
576 3593 708 3652 Marcium
726 3595 827 3651 sororis
844 3593 915 3652 filios
933 3595 1043 3664 scripsit
1061 3595 1190 3652 heredes:
1209 3595 1332 3654 Sextiam
1350 3594 1493 3652 substituit
1503 3596 1605 3652 Marcio
1617 3601 1647 3652 et
1659 3598 1736 3654 Mar-

288 3681 361 3738 cium
379 3681 499 3752 Sextiae,
518 3680 595 3737 dedit
613 3689 705 3738 autem
723 3699 773 3754 per
790 3685 1011 3754 praeceptionem
1030 3685 1131 3742 biarcio
1150 3691 1240 3747 certas
1258 3685 1378 3754 speeies:
1396 3685 1514 3742 Mucius
1531 3689 1639 3754 partem
1653 3685 1737 3742 here-

288 3770 397 3840 ditatis,
417 3787 454 3827 en¹
468 3785 525 3840 qna
542 3771 660 3841 scriptus
678 3778 746 3843 erat,
764 3773 858 3828 omisit
875 3778 903 3828 et
921 3787 954 3830 eo
972 3773 1103 3829 intestato
1122 3772 1253 3832 deiundo
1271 3773 1346 3830 bona
1363 3774 1423 3830 eius
1440 3773 1477 3828 ad
1494 3772 1624 3830 fraterni
1641 3775 1736 3844 legiti-

288 3875 363 3914 mum
381 3859 475 3916 Seium
499 3861 630 3918 deuolute
652 3865 724 3916 sont.
757 3861 912 3932 quaesitum
936 3866 993 3932 ost,
1018 3877 1054 3918 an
1072 3861 1168 3920 Sextia
1184 3878 1219 3918 ex
1237 3862 1433 3918 substitutione
1450 3862 1533 3918 etiam
1552 3861 1635 3932 haee,
1658 3878 1736 3933 quae

287 3949 449 4019 praelegata
464 3949 567 4006 biarcio
586 3956 671 4020 erant,
690 3950 749 4006 iure
767 3948 972 4006 substitutionis
990 3965 1008 4006 a
1024 3950 1147 4020 legitimo
1164 3951 1266 4010 herede
1280 3950 1403 4018 defuncti
1414 3949 1467 4006 sihi
1479 3949 1619 4008 uindicare
1631 3952 1731 4022 possit.

288 4071 531 4144 mansuros)

291 4261 299 4296 ¹
318 4259 482 4315 transisset?
553 4259 565 4296 ¹
583 4259 658 4332 quod
676 4265 704 4315 et
723 4227 780 4315 raa.¹
843 4259 854 4293 ⁸
873 4265 902 4314 et
920 4259 957 4330 si,
982 4277 1044 4316 cum
1062 4260 1200 4330 potuisses
1219 4275 1322 4332 emere,
1345 4276 1400 4318 non
1417 4261 1517 4316 emeris
1535 4261 1619 4328 (edd.:
1643 4282 1668 4316 n.
1683 4261 1731 4330 i.)i

207 4379 209 4382 .
288 4329 347 4386 ⁴id
365 4332 412 4386 del.
431 4333 508 4398 (aneia
522 4337 621 4404 parmi
671 4329 793 4402 ‘quoad
811 4331 994 4406 (Hcffmnan)?
1064 4331 1222 4388 ⁶hsredem
1241 4341 1288 4388 iar.

290 4515 436 4571 inurent
455 4515 492 4569 F*
545 4516 633 4571 3siui
652 4519 689 4572 F·
742 4515 979 4573 tmannmis's'is-
1034 4519 1068 4573 29
1087 4515 1242 4588 aestimare]
1261 4515 1400 4572 aestimari
1412 4517 1450 4570 F¹
1496 4517 1531 4574 30
1543 4516 1567 4572 si
1578 4517 1729 4588 potuisses]

288 4587 382 4641 setF’
417 4585 549 4642 btabero
562 4589 597 4640 F⁶
634 4587 757 4659 itabeo]
772 4588 817 4653 ΙΝ,
836 4587 908 4644 idern
922 4587 979 4651 Fti
1035 4589 1100 4654 ffl,·
1114 4589 1154 4644 uic
1171 4593 1228 4658 pot.
1242 4589 1282 4653 K,
1301 4589 1325 4643 si
1343 4604 1405 4643 enm
1428 4589 1567 4658 potuisses
1583 4589 1729 4654 WDQIC:

288 4656 344 4726 qui]
364 4672 418 4726 quo
437 4659 473 4712 F·
521 4658 716 4728 betesmon*
730 4657 853 4719 hahebat
869 4659 980 4724 Ftffl,
1033 4658 1284 4723 tiu...hrua'ueaoc
1297 4657 1415 4730 dropa'car
1429 4659 1464 4713 uir
1477 4657 1597 4730 &sopiens
1609 4661 1729 4731 Bfflp.)

287 4729 414 4796 oleagina
424 4726 545 4783 habebat
556 4728 740 4808 WDQ10K⁶1
750 4731 894 4800 *oieagine
903 4730 982 4800 paria
1034 4733 1070 4785 32
1082 4731 1105 4786 is
1118 4745 1198 4786 omne
1211 4729 1323 4786 habebit
1334 4731 1395 4802 sep]
1407 4730 1458 4784 uia
1472 4729 1635 4784 ottonianae
1648 4729 1729 4794 aire?

287 4797 372 4864 ΡΨ,
391 4799 517 4868 oleagina
530 4800 607 4869 paria
617 4802 775 4875 DEQIOK
820 4804 854 4858 10
871 4801 981 4858 hortho·
1034 4801 1094 4871 (τοῩ
1116 4801 1201 4871 niune)
1220 4801 1346 4856 harabiae)
1370 4803 1395 4856 B
1416 4801 1496 4873 (Tap.)
1512 4804 1517 4869 Ι
1533 4801 1607 4871 quod
1628 4803 1726 4872 solum]

287 4883 347 4924 rum
368 4871 393 4922 F
440 4871 628 4940 repressum
651 4877 679 4929 F
726 4885 762 4948 19
786 4873 850 4945 sibi]
873 4873 923 4930 tibi
946 4871 980 4926 F:
1034 4873 1178 4938 IDECK,
1199 4872 1273 4942 quod
1291 4877 1376 4942 (quos
1401 4873 1437 4938 1⁶)
1464 4888 1549 4942 supra
1574 4871 1664 4928 solum
1688 4873 1706 4926 Ι
1721 4873 1726 4938 Ι

286 4938 982 5100 triturarentur,errarit
1035 4943 1143 5086 titt
1167 4941 1538 5086 3:2¹¹:J²„i,³,gg⁶sg,{‘,
1560 4943 1733 5070 thud
