3584 5454
264 221 444 290 XXXXVII
464 222 519 296 41
943 210 1030 292 760
1173 237 1204 286 er
1218 237 1249 286 rs
1265 237 1326 296 eur
1341 237 1489 286 nussam.
1506 238 1613 286 creua
1626 239 1700 288 nese

265 383 391 451 ponatur.
424 379 505 449 culpa
530 381 621 432 autem
645 376 874 447 neglegentiaque
898 374 971 430 serui
988 377 1052 445 post
1070 372 1223 432 libertatem
1242 375 1375 432 excusata
1392 363 1449 444 est,
1473 375 1525 432 ιιι
1544 377 1627 448 culpa
1643 375 1701 434 dolo

265 467 391 539 proxima
413 467 506 522 dolum
530 469 728 535 repraesentat.
758 463 873 534 proinde
897 463 920 518 si
943 461 1009 532 quid
1027 461 1119 518 damni
1138 463 1215 520 dedit
1232 465 1292 520 sine
1310 465 1389 535 dolo,
1411 464 1536 520 cessabit
1554 465 1609 521 ista
1626 467 1701 536 actio,

265 557 392 628 quamuis
411 556 479 610 aliae
498 554 609 625 Aquilia
626 557 735 610 tenetur
753 551 789 608 ob
807 551 867 622 hoc,
886 551 961 620 quod
978 551 1108 607 damnum
1126 552 1361 624 qualiterqualiter
1372 553 1488 610 dederit.
1516 553 1604 609 habct
1615 554 1701 624 itaque

266 650 372 700 eertum
390 642 472 699 tinem
491 643 545 699 ista
564 643 644 712 actio,
664 647 695 698 ut
713 645 742 696 et
760 640 823 696 dolo
842 639 938 695 iecerit
954 641 1008 695 iste
1026 644 1135 710 etpost
1152 646 1268 697 mortem
1286 642 1391 698 domini
1407 646 1437 698 et
1454 645 1520 698 autc
1539 641 1643 698 aditam
1658 641 1701 698 he·

265 733 419 789 ruditatem.
452 737 572 788 ceterum
592 731 616 787 si
634 731 693 786 siue
711 730 783 799 dolo,
803 733 852 784 aut
869 727 931 784 dolo
950 728 1069 800 quidem,
1088 743 1184 786 uerum
1202 731 1268 786 uiuo
1286 731 1405 800 domino,
1423 745 1480 786 non
1497 730 1640 786 tenebitur
1653 731 1701 786 hac
1716 745 1727 786 ι

266 821 387 876 actione:
411 821 477 890 quin
497 821 581 876 immo
599 823 629 876 et
646 819 669 874 si
688 821 752 889 post
770 821 884 873 mortem
902 822 966 886 post
984 817 1086 874 aditam
1105 817 1300 890 hereditatem,
1325 819 1447 876 cessabit
1463 819 1554 876 actio:
1577 835 1641 874 nam
1659 817 1702 874 uhi

232 921 247 966 a
266 909 342 964 adita
358 908 497 964 hereditas
515 913 566 978 est,
585 909 638 963 iam
658 907 737 977 quasi
754 905 823 961 liber
841 903 982 992 conueniri
992 911 1093 976 potest.
1121 906 1192 974 Quid
1205 913 1305 979 tamen,
1324 909 1348 964 si
1361 907 1413 963 rub
1424 907 1589 963 condicione
1601 909 1702 978 accepit

265 997 440 1054 libertatem?
471 1011 536 1052 ecce
560 996 681 1052 nondum
703 993 771 1050 liber
794 997 852 1050 eet:
876 991 926 1050 sed
945 997 976 1049 ut
993 1009 1091 1050 seruus
1108 999 1201 1066 petest
1219 995 1352 1054 coerceri:
1375 996 1478 1052 idcirco
1497 995 1646 1052 dicendum
1663 1001 1703 1052 est

231 1097 247 1142 ι
266 1101 375 1142 ιιιιιιι
393 1085 464 1140 hanc
482 1085 627 1141 actionem.
655 1082 710 1140 Sed
728 1081 776 1138 ubi
793 1081 905 1138 libertas
923 1083 1056 1152 competit
1072 1083 1211 1155 continuo,
1230 1083 1377 1142 dicendum
1396 1089 1440 1140 est
1456 1099 1542 1155 posse
1560 1089 1589 1140 et
1607 1084 1702 1140 debere

233 1184 247 1231 ι
266 1175 337 1230 haue
355 1174 490 1230 aetiouem
508 1173 567 1228 dari
586 1172 720 1228 aduersus
738 1185 810 1241 eum,
827 1171 875 1240 qui
893 1171 1020 1240 peruenit
1038 1171 1072 1226 ad
1091 1170 1255 1248 libertatem.
1282 1172 1312 1228 Si
1330 1189 1427 1229 seruus
1439 1188 1508 1244 pure
1521 1174 1632 1244 legatus
1643 1179 1701 1229 ante
1717 1187 1735 1227 ιι

266 1263 369 1318 ιιιιιιι
388 1262 568 1318 hereditatem
586 1261 653 1332 quid
671 1259 812 1316 admiserit
830 1259 858 1314 in
876 1257 1041 1328 hereditate,
1063 1259 1209 1316 dicendum
1228 1265 1278 1332 est,
1296 1262 1361 1331 quia
1378 1261 1532 1318 dominium
1550 1262 1580 1317 in
1597 1277 1631 1319 eo
1649 1278 1701 1318 mu·

232 1361 247 1407 e
266 1355 354 1422 tatur,
378 1349 441 1406 huic
459 1349 560 1405 actioni
579 1350 668 1405 locum
688 1345 759 1402 esse.
795 1347 832 1401 lit
849 1347 1014 1416 generaliter
1031 1347 1162 1418 dicimus,
1187 1365 1241 1420 quo
1259 1365 1326 1405 casu
1344 1350 1373 1406 ιι
1391 1365 1473 1406 seruo
1491 1350 1644 1406 dominium
1661 1353 1700 1406 uel

267 1444 388 1496 mutatur
410 1440 455 1494 uel
478 1437 612 1493 amittitur
635 1436 679 1492 uel
697 1434 810 1490 libertae
828 1434 974 1505 competit¹
993 1439 1057 1504 post
1076 1435 1248 1492 interuallum
1268 1437 1405 1494 modicum
1425 1437 1520 1494 aditae
1538 1438 1700 1509 hereditatis,

233 1537 248 1583 ι
266 1543 300 1584 eo
319 1543 385 1584 casu
403 1525 474 1582 hauc
492 1527 627 1582 actionem
646 1521 850 1594 indulgendam.
878 1521 933 1578 Sed
952 1523 976 1578 si
994 1522 1247 1581 fideicommissariis
1265 1525 1377 1582 libertae
1393 1541 1475 1582 seruo
1487 1526 1612 1596 ιιιιιιι,
1630 1527 1700 1596 qnid·

266 1615 350 1688 quid²
369 1616 396 1670 in
414 1614 566 1670 hereditate
585 1611 712 1668 maleficii
731 1611 849 1680 admisit,
868 1611 1000 1681 numquid
1018 1626 1072 1667 nou
1090 1613 1166 1682 prius
1184 1619 1298 1684 cogatur
1310 1613 1390 1670 heres
1401 1615 1606 1685 manumittere,
1625 1631 1698 1685 quam
1713 1626 1731 1668 ιι

266 1705 290 1760 ιι
308 1701 491 1760 satisfecerit?
523 1707 567 1758 ιιι
584 1707 676 1757 ιιιιιι
695 1699 857 1770 saepissime
875 1703 904 1754 et
921 1715 939 1755 a
957 1699 1022 1755 diuo
1039 1701 1132 1757 Marco
1150 1705 1179 1758 et
1197 1702 1232 1758 ab
1251 1703 1414 1774 imperatore
1433 1707 1530 1760 nostro
1549 1718 1612 1760 cum
1630 1707 1700 1774 petre

266 1793 428 1861 rescriptum
452 1806 507 1847 non
530 1789 656 1860 impediri
679 1788 958 1844 fideicommissariam
982 1787 1151 1862 libertatem,
1175 1806 1246 1862 quae
1269 1779 1338 1862 pure
1360 1791 1427 1847 data
1451 1796 1504 1847 est.
1536 1791 1618 1847 dinus
1641 1806 1699 1849 saue

267 1881 391 1936 Marcus⁸
409 1879 549 1950 rescripsit
567 1877 698 1934 arbitrum
717 1893 752 1932 ex
770 1876 921 1934 continenti
939 1876 1069 1948 dandum,
1088 1879 1161 1949 apud
1180 1895 1261 1950 quem
1279 1881 1349 1936 ratio
1361 1884 1495 1949 ponatur:
1515 1875 1699 1962 W

267 1969 317 2026 sed
334 1969 387 2025 hoc
405 1969 566 2038 rescriptum
586 1967 621 2022 ad
639 1968 773 2022 rationem
791 1964 946 2036 ponendam
965 1966 1083 2034 pertinet
1101 1971 1188 2038 actus,
1207 1984 1288 2038 quem
1307 1983 1405 2024 seruus
1423 1954 1699 2026 cuminian—suit]

234 2068 249 2113 ι
267 2057 352 2114 bitror
369 2057 453 2128 igitur
470 2061 499 2112 et
516 2055 560 2111 hic
578 2070 660 2127 posse
678 2053 749 2110 hano
767 2053 903 2109 actionem
922 2057 1087 2125 competere.
1119 2055 1200 2112 'Ante
1213 2057 1316 2112 aditam
1328 2055 1519 2112 hereditatem'
1532 2057 1574 2112 sie
1586 2059 1699 2127 accipere
1711 2067 1730 2108 ιι

267 2145 401 2202 debemus
418 2144 574 2215 'authrram
592 2143 637 2200 uel
656 2141 691 2198 ab
710 2157 765 2198 une
784 2141 899 2198 adeatur
917 2141 1074 2198 hereditas':
1093 2159 1157 2199 nam
1175 2143 1223 2200 ubi
1242 2145 1286 2199 uel
1305 2160 1376 2200 unus
1393 2144 1460 2215 adit,
1479 2146 1615 2216 competit
1631 2144 1698 2202 lber·

235 2243 249 2290 a
268 2223 328 2292 tas.
358 2233 387 2290 Si
409 2235 528 2305 pupillus
551 2232 630 2288 heres
653 2231 795 2286 institutus
817 2229 854 2286 sit
874 2233 903 2284 et
921 2245 939 2285 a
957 2230 1107 2288 substituto
1126 2233 1185 2288 eius
1204 2231 1315 2288 libertas
1333 2232 1401 2288 data
1419 2233 1569 2304 medioque
1587 2241 1699 2305 tempore

268 2323 403 2394 quaedam
428 2322 621 2378 admittantur:
645 2319 670 2375 ιι
693 2319 803 2390 quidem
827 2319 892 2374 uiuo
916 2321 1019 2390 pupillo
1043 2321 1110 2390 quid
1133 2319 1216 2376 tuerit
1237 2317 1354 2393 factum,
1377 2322 1469 2376 locum
1492 2338 1550 2378 non
1569 2338 1631 2379 esse
1647 2322 1698 2378 huie

269 2413 384 2468 actioni:
409 2413 452 2467 sin
474 2424 541 2466 uero
564 2412 776 2479 postmortem,
801 2411 948 2477 antequam
966 2407 1028 2478 quis
1045 2409 1149 2479 pupillo
1167 2408 1340 2480 succederet,
1363 2411 1501 2466 actionem
1519 2410 1603 2466 istam
1621 2412 1699 2466 locuu

222 2511 251 2556 ιι
270 2499 380 2558 babere.
417 2501 493 2556 Haec
517 2498 588 2554 actio
612 2497 702 2554 locum
725 2494 809 2551 habet
832 2511 887 2551 non
905 2499 1013 2551 tantum
1032 2497 1059 2552 in
1076 2496 1173 2567 rebus,
1196 2512 1268 2568 quae
1286 2497 1314 2552 in
1332 2497 1411 2554 honis
1429 2497 1545 2554 inerunt
1562 2500 1728 2568 tractatoriae

270 2589 321 2645 ιιι
339 2595 368 2645 ιι
385 2590 409 2645 ιι
426 2587 536 2644 heredis
553 2584 676 2642 interluit
693 2584 785 2640 dolum
805 2585 905 2640 malum
924 2583 1074 2650 admissum
1092 2601 1147 2640 non
1165 2599 1235 2656 esee,
1257 2601 1312 2656 quo
1330 2588 1420 2642 minus
1440 2587 1477 2642 ad
1494 2602 1528 2642 ιι
1546 2588 1699 2658 perueniret

271 2681 300 2734 et
317 2677 379 2733 ideo
398 2675 532 2733 Scaeuola
549 2675 656 2745 plenius
674 2676 776 2729 tractat
794 2677 822 2728 et
839 2673 863 2726 si
881 2687 942 2727 eam
960 2688 1017 2728 rem
1030 2672 1212 2744 subripuisset
1224 2690 1329 2747 seruus,
1347 2690 1430 2746 quam
1442 2673 1594 2732 defunctus
1605 2675 1699 2747 pignori

271 2769 430 2836 acceperat,
452 2765 524 2821 hanc
547 2764 682 2820 actionem
706 2761 878 2816 honorariam
901 2761 991 2816 locum
1015 2760 1130 2818 habere:
1154 2763 1262 2833 plenius
1285 2764 1357 2818 enim
1380 2779 1494 2819 causam
1513 2764 1648 2821 bonorum
1664 2764 1699 2820 hic
1776 2791 1778 2798 s

271 2854 421 2924 accipimus
438 2868 488 2924 pro
506 2853 633 2908 utilitate.
662 2865 725 2907 uam
744 2851 767 2906 si
785 2850 922 2906 inlocum
940 2847 1092 2905 deficientis
1110 2848 1176 2906 iurti
1194 2851 1310 2908 aetionis
1327 2857 1440 2922 propter
1458 2854 1624 2910 seruitutem
1641 2852 1699 2908 hane

271 2942 407 2998 actionem
426 2941 568 2998 substituit
584 2945 702 3011 praetor,
721 2939 867 2996 uerisimile
885 2942 929 2994 est
946 2937 974 2994 in
989 2937 1115 2994 omuibus
1128 2940 1219 2995 causis
1231 2955 1302 3009 eum,
1322 2939 1350 2996 iu
1362 2939 1463 3010 quibus
1475 2939 1544 2998 furti
1556 2943 1603 3013 agi
1614 2941 1698 3012 poerit
1709 2949 1727 2990 ιι

272 3029 456 3086 substituisse.
483 3037 511 3086 et
528 3031 556 3086 in
575 3045 683 3086 summa
700 3027 831 3099 probatur
848 3026 919 3081 hauc
937 3027 1073 3081 actionem
1092 3031 1121 3082 et
1138 3027 1166 3082 in
1179 3027 1262 3084 rebus
1273 3029 1424 3102 pigneratis
1437 3035 1466 3084 et
1478 3031 1507 3085 in
1520 3029 1605 3087 rebus
1617 3029 1698 3086 alienis

224 3129 252 3174 11
272 3118 345 3175 bona
362 3118 417 3175 tide
434 3120 571 3190 possessis
588 3120 679 3176 locum
697 3115 812 3172 habere:
830 3115 903 3170 idem
922 3114 1002 3170 etde
1020 3129 1049 3170 re
1062 3115 1237 3172 commodata
1248 3117 1382 3172 testatori.
1409 3117 1480 3172 ltem
1494 3120 1520 3174 ιι
1532 3119 1699 3192 fructuspost

272 3213 388 3264 mortem
405 3209 546 3264 testatoris
565 3212 709 3279 perceptos
727 3206 771 3262 bic
789 3219 900 3274 seruus,
921 3204 968 3272 qui
986 3203 1141 3260 libertatem
1159 3206 1305 3276 prospicit,
1324 3208 1549 3278 contrectuuerit,
1568 3210 1644 3265 locus
1658 3208 1699 3264 erit

272 3297 336 3352 huic
356 3297 470 3352 eodeni:
494 3297 543 3354 aed
562 3302 591 3352 et
608 3297 632 3352 ei
649 3300 745 3366 partus
762 3295 807 3350 uel
824 3292 898 3349 tetus
916 3296 980 3364 post
998 3297 1113 3368 mortem
1131 3293 1279 3363 adgnatos,
1303 3294 1466 3350 tantundem
1484 3297 1540 3352 erit
1557 3297 1698 3354 ιιιιιιιιι.

225 3396 255 3440 ιι
272 3385 418 3442 Praeterea
436 3385 459 3441 si
477 3385 604 3457 impubes
621 3389 686 3456 post
703 3387 818 3438 mertem
836 3382 922 3454 patris
940 3382 1090 3453 quaesierit
1107 3382 1146 3438 ιιι
1164 3381 1314 3438 ιοιιιιιιιι
1333 3397 1435 3452 eaque,
1457 3389 1609 3456 antequam
1625 3389 1727 3456 impr-a
1757 3395 1760 3402 ’

226 3473 346 3530 1eberis
364 3473 502 3530 hereditas
520 3473 648 3542 adeatur,
673 3470 854 3542 subripiatur,
873 3471 961 3526 locum
981 3469 1082 3526 habero
1100 3471 1182 3527 istam
1201 3471 1336 3526 actionem
1355 3471 1504 3527 dicendum
1523 3480 1578 3530 ιιι
1612 3473 1700 3530 Sedet

225 3572 255 3618 14
272 3563 301 3619 in
319 3561 454 3634 omnibus,
474 3577 545 3633 quae
562 3559 700 3634 iuterlliuit
717 3560 826 3616 heredis
844 3576 899 3616 nou
917 3575 979 3616 esee
997 3575 1103 3630 auersa,
1121 3561 1212 3616 locum
1231 3558 1315 3616 habet
1332 3559 1401 3615 haec
1419 3561 1502 3616 actio.
1532 3563 1595 3620 Non
1606 3545 1755 3618 muntii

274 3657 366 3708 autem
385 3652 421 3708 ad
439 3651 498 3708 sola
516 3649 589 3706 turta
606 3651 661 3706 ista
679 3649 751 3705 actio
769 3649 896 3719 pertinet,
914 3649 964 3704 sed
983 3649 1065 3704 etiam
1084 3648 1120 3705 ad
1132 3649 1225 3705 omnia
1236 3649 1344 3718 damna,
1363 3663 1559 3721 quaecumque
1570 3647 1700 3708 hereditat

227 3749 256 3796 ιι
274 3757 371 3798 seruus
389 3740 474 3796 dedit.
511 3737 646 3796 Scaeuola
663 3738 702 3794 ait
719 3737 902 3808 possessionis
921 3735 1022 3793 furtum
1041 3736 1114 3792 tieri:
1138 3737 1258 3808 denique
1276 3738 1299 3793 si
1317 3737 1408 3793 nullus
1426 3739 1464 3793 sit
1482 3754 1640 3812 possessor,
1656 3739 1699 3795 tur·

274 3835 332 3886 tum
351 3833 436 3900 negat
452 3827 525 3884 fieri:
543 3827 644 3884 idcireo
663 3831 754 3882 autem
774 3825 919 3882 hereditati
936 3824 1038 3882 turtum
1057 3842 1112 3883 non
1129 3825 1197 3898 ficri,
1215 3827 1280 3898 quia
1290 3826 1496 3898 possessionem
1509 3829 1727 3886 hereditasuorti

274 3917 370 3990 habet,
395 3933 467 3988 quae
485 3915 551 3972 iacti
569 3921 612 3972 est
630 3921 659 3971 et
676 3915 768 3971 animi.
801 3914 851 3970 sed
870 3929 921 3970 nec
938 3913 1047 3972 heredis
1064 3919 1108 3970 est
1124 3910 1279 3986 possessio,
1303 3919 1451 3986 antequam
1470 3918 1628 3988 possideat,
1648 3916 1700 3988 quir

275 4006 413 4062 hereditas
430 4007 458 4062 in
476 4021 539 4061 eum
558 4005 586 4060 id
604 4010 711 4060 tantum
730 4002 904 4072 transfundit,
923 4004 997 4075 quod
1015 4009 1059 4060 ιιι
1076 4003 1245 4076 hereditatis,
1263 4019 1317 4060 non
1335 4009 1427 4061 autem
1444 4003 1499 4062 tuit
1516 4007 1654 4078 possessio
1662 4005 1700 4060 he

229 4105 258 4150 re
276 4096 409 4150 reditatis.
445 4093 516 4150 Illud
534 4109 630 4149 uerum
648 4099 706 4163 ιιι,
725 4093 748 4148 ιι
766 4097 858 4163 potest
875 4092 943 4147 alias
961 4091 1040 4148 heres
1058 4093 1095 4148 ad
1113 4109 1193 4148 suum
1211 4093 1368 4164 peruenire,
1387 4109 1442 4150 uon
1461 4109 1525 4150 esee
1543 4095 1700 4152 honorariam

228 4191 257 4238 1⁷
275 4183 346 4238 haue
363 4184 498 4238 actionem
517 4181 699 4250 tribuendam,
717 4196 779 4236 cum
798 4181 826 4235 in
844 4179 873 4235 id
891 4180 965 4250 quod
982 4181 1090 4236 intersit
1108 4181 1299 4237 condemnatio
1317 4180 1374 4236 liat
1409 4182 1525 4238 Praeter
1543 4185 1615 4240 hanc
1631 4183 1700 4239 actio

276 4287 338 4328 uem
362 4287 425 4327 esse
448 4275 476 4327 et
499 4269 713 4326 uindicatiouem
736 4269 777 4324 rei
798 4273 920 4339 constat,
944 4284 1006 4326 cum
1025 4268 1094 4326 baec
1112 4270 1184 4326 actio
1202 4269 1239 4326 ad
1256 4269 1463 4328 similitudinem
1482 4270 1551 4329 furti
1569 4272 1728 4343 competetti

274 4377 468 4447 carnee)

275 4536 359 4659 11)ιὲιό
366 4533 484 4672 ιιιιιόιὸἳιί
496 4533 629 4605 competit
646 4535 694 4588 del.
783 4533 866 4602 ’qui
889 4534 955 4604 quid
979 4534 1083 4603 (Halti
1171 4536 1272 4591 ³rdem
1298 4535 1358 4589 BS:
1382 4535 1449 4591 Pius
1473 4535 1699 4606 (Νοοιιισιιςι

276 4760 553 4832 tiqualiter'qualiter'
563 4761 670 4817 dederit
678 4763 726 4816 F’:
737 4761 910 4818 bucelinum
921 4762 970 4816 BS
1042 4763 1065 4817 it
1083 4763 1121 4814 Fi
1175 4764 1192 4819 8
1211 4763 1261 4833 est]
1282 4763 1304 4819 it
1319 4763 1367 4817 F¹:
1387 4762 1470 4825 circe
1488 4765 1536 4836 sip
1554 4765 1626 4827 cine
1642 4761 1699 4816 ieris

277 4832 372 4888 Ge'e't
390 4834 414 4887 si
432 4832 489 4900 ΡΙ
510 4831 621 4902 aditam]
642 4833 744 4889 aditam
762 4839 854 4888 tamen
874 4834 924 4888 F’:
947 4833 969 4888 εἰ
1023 4833 1163 4904 ιλειθιροι
1185 4835 1234 4889 BS
1299 4829 1699 4907 9ιοιιίιιιιο1ιιιριχριιιιιτῦ

277 4901 309 4955 ιὲ
328 4903 366 4958 sei
386 4903 450 4958 uere
468 4904 594 4968 τειεγιιιιι
618 4905 666 4966 ro?
689 4905 818 4968 ιειιιόιιγ
844 4905 881 4958 κιι
904 4904 968 4958 ucri
1022 4905 1129 4959 astrios·
1148 4906 1197 4960 BS
1256 4905 1289 4960 21
1309 4903 1597 4978 aute‘uditem'quam
1614 4903 1653 4960 ιιι]
1670 4881 1700 4954 F²

277 4973 394 5031 terricus
412 4975 513 5048 tutprs
535 4977 582 5032 BS
640 4975 877 5034 leoudieione'm'
892 4989 968 5032 acee-
1023 4977 1058 5034 32
1076 4975 1121 5048 ιι]
1139 4975 1174 5031 he
1193 4977 1228 5030 F¹
1282 4975 1496 5032 tesserulae
