3600 5460
56 263 104 310 un
126 261 335 310 mssumrssrs
358 261 522 310 umbrone
728 237 815 316 425
1143 243 1263 310 XXXX
1286 245 1303 307 1
1325 249 1360 304 25
1379 277 1412 288 -
1431 242 1487 308 27

112 400 206 458 Gerus
229 399 298 457 libro
320 401 409 471 primo
431 400 466 456 de
490 400 757 456 manumissionibus.
798 401 868 456 Iuris
891 401 961 456 ratio
986 399 1084 472 efficit,
1111 407 1143 458 ut
1165 399 1315 456 infantibus
1333 393 1488 482 [affl
1518 409 1545 463 Ρ

58 505 169 560 quoque
188 494 326 560 competat
342 490 463 546 libertas.

113 579 283 636 lsuonnsus
301 578 369 635 libro
387 583 484 649 quarto
503 594 537 634 ex
555 577 751 649 posterioribus
769 577 914 634 Labeonis.
949 577 1066 635 Seruum
1089 579 1221 636 furiosum
1239 579 1315 636 omni
1332 571 1489 661 [bjffl
1509 587 1550 642 Ἐ

58 685 162 741 genere
180 670 377 725 manumissum
396 669 432 724 ad
449 667 603 724 libertatem
622 667 734 739 perduci
750 673 831 739 putat
847 683 929 739 porse
947 669 1048 724 Labeo.

791 888 799 904 ,
1509 845 1522 888 r

386 961 424 1038 te
463 959 526 1034 DE
554 823 836 1037 MANdMlslils
863 959 1089 1038 UINDIOTA
1129 959 1165 1036 R
1438 967 1441 984 '
1520 981 1596 1036 sur>

114 1115 286 1172 Pomosms
308 1114 376 1172 libro
398 1116 486 1187 primo
509 1115 544 1170 ad
563 1114 703 1171 Sabinum.
739 1115 823 1187 Apud
845 1121 999 1186 praetorem
1022 1116 1193 1186 eundemque
1217 1119 1335 1170 tutorem
1354 1109 1490 1199 [Q
1520 1125 1543 1179 s

59 1220 145 1277 posse
162 1205 294 1276 pupillum
312 1205 372 1275 ipso
389 1211 501 1260 auctore
519 1207 712 1262 manumittere
730 1211 846 1261 constat.

39 1309 41 1354 l
116 1293 267 1350 Uerrsaus
284 1294 353 1350 libro
371 1301 470 1350 octauo
488 1294 795 1352 decimoadSabinum.
826 1295 856 1350 Si
869 1295 957 1351 minor
968 1295 1005 1349 sit
1017 1294 1095 1350 anuis
1107 1293 1205 1363 uiginti
1216 1291 1335 1349 fructua-
1354 1286 1491 1376 [Q
1521 1300 1542 1354 s

61 1383 129 1451 rius,
148 1400 183 1438 au
201 1384 355 1440 consentire
373 1383 493 1440 libertati
510 1385 618 1454 possiti
643 1390 671 1440 et
688 1391 755 1455 puto
774 1384 970 1440 consentiendo
988 1398 1070 1453 posse
1089 1383 1124 1437 ad
1141 1381 1295 1438 libertatern
1312 1382 1470 1452 perducere.
1512 1397 1540 1436 ro

39 1481 43 1530 t
116 1472 194 1528 lons
212 1471 281 1528 libro
298 1477 395 1542 quarto
414 1473 637 1542 disputationum.
666 1474 695 1529 si
714 1473 913 1530 bercsseruum
931 1474 1052 1542 legatum
1071 1472 1254 1541 manumittat,
1272 1487 1337 1526 mox
1355 1465 1492 1554 [Q
1522 1480 1544 1532 S

56 1560 190 1631 repudiet
206 1561 364 1632 legatarius,
382 1568 455 1618 retro
473 1563 604 1634 competit
621 1563 741 1618 libertas.
769 1563 895 1632 idemque
913 1569 956 1617 cst
974 1568 1002 1617 et
1020 1563 1043 1618 si
1061 1561 1169 1617 duobus
1187 1577 1254 1631 pure
1273 1575 1369 1614 seruus
1386 1561 1494 1630 legetur

61 1655 173 1720 etpost
191 1651 302 1706 alterius
320 1652 560 1708 manumissionem
578 1653 647 1706 alter
665 1652 862 1722 repudiauerit:
882 1667 944 1707 uam
962 1659 991 1706 et
1008 1651 1052 1706 bic
1069 1655 1142 1705 retro
1159 1649 1270 1704 libertas
1288 1650 1429 1719 competit.

39 1779 44 1804 ,
115 1739 258 1795 luurasus
273 1740 341 1798 libro
353 1742 582 1812 quadragensimo
594 1742 715 1797 secundo
729 1741 907 1810 digestorum.
936 1740 1055 1811 Sipater
1073 1734 1495 1823 [ijiiiqioffissiiiJs-‘iffi
1524 1747 1545 1800 s

62 1827 118 1886 lilio
136 1830 292 1900 permiserit
308 1846 418 1886 seruum
437 1832 628 1886 manumittere
646 1837 675 1885 et
691 1831 798 1886 interim
816 1830 965 1886 decesserit
982 1831 1125 1899 intestato,
1149 1829 1248 1884 deinde
1271 1828 1343 1884 iilius
1365 1830 1494 1898 ignorans
1514 1842 1542 1883 rc

62 1924 170 1988 patrem
189 1935 269 1974 suum
288 1925 424 1980 mortuum
442 1920 594 1976 libertatem
613 1921 781 1990 imposuerit,
799 1919 911 1975 libertas
928 1933 1008 1974 seruo
1021 1917 1115 1974 fauore
1126 1917 1259 1974 libertatis
1272 1918 1413 1988 contingit,
1431 1933 1494 1972 cum

65 2025 119 2066 non
137 2013 269 2080 appareat
288 2015 393 2064 mutata
410 2025 471 2064 esse
490 2009 592 2065 domini
610 2011 764 2066 uoluntas1.
792 2010 835 2064 sin
853 2014 944 2065 autem
963 2009 1107 2078 ignorante
1125 2006 1180 2062 filio
1199 2007 1332 2062 uetuisset
1349 2012 1429 2076 pater
1446 2021 1496 2077 per
1520 1993 1522 2004 ⁴

65 2099 191 2156 nuntium
210 2103 239 2154 st
257 2103 403 2168 antequam
425 2097 498 2154 filius
521 2101 620 2156 certior
642 2098 732 2168 lieret,
756 2115 866 2154 seruum
891 2098 1121 2166 manumississet,
1142 2096 1211 2152 liber
1233 2112 1287 2152 uon
1311 2095 1350 2150 lit.
1377 2111 1440 2151 nem
1464 2099 1499 2152 ut

65 2187 121 2246 filio
138 2185 362 2257 mulinumittente
379 2203 476 2243 seruus
494 2188 530 2242 ad
546 2187 700 2244 libertatem
719 2189 870 2258 perueniat,
890 2187 987 2242 durare
1005 2192 1114 2256 oportet
1128 2186 1213 2255 patris
1229 2185 1412 2241 uoluntatem:
1430 2201 1495 2241 nam
1511 2193 1527 2239 l.
1539 2193 1584 2239 211

39 2279 88 2334 tsi
108 2283 215 2334 mutma
233 2276 327 2346 merit,
351 2293 405 2332 non
429 2277 482 2332 erit
504 2292 599 2332 uerum
623 2277 732 2332 uolente
756 2283 834 2347 patre
855 2267 941 2332 filium
966 2276 1178 2332 manumississe.
1215 2275 1346 2341 Quotiens
1369 2275 1496 2331 domiuus
1514 2285 1543 2326 ao

66 2384 176 2424 seruum
195 2367 378 2436 manumittat,
396 2367 521 2436 quamuis
539 2367 677 2422 existimet
693 2367 810 2422 alienum
829 2381 891 2421 esse
909 2382 985 2435 eum,
1009 2365 1093 2420 sibilo
1116 2366 1205 2420 minus
1227 2379 1323 2420 uerum
1341 2369 1385 2420 est
1401 2365 1496 2421 uolun-

66 2463 123 2514 tate
142 2457 247 2512 domiui
264 2472 374 2512 seruum
392 2457 589 2512 manumissum
608 2461 636 2510 et
653 2455 716 2511 ideo
734 2455 801 2511 liber
820 2457 879 2510 erit.
907 2461 936 2510 et
953 2471 988 2510 ex
1005 2455 1140 2510 contrario
1158 2455 1182 2509 si
1200 2469 1230 2510 se
1248 2453 1358 2510 Stichus
1375 2470 1430 2510 nou
1447 2470 1497 2524 pu·

66 2553 138 2604 taret
156 2546 372 2602 manumittentis
390 2561 464 2616 esse,
489 2545 571 2600 nihilo
590 2546 678 2600 minus
695 2544 848 2600 libertatern
866 2545 1033 2614 contingere.
1059 2544 1120 2613 plus
1139 2543 1259 2598 enimin
1281 2557 1311 2598 re
1336 2547 1391 2613 est,
1414 2559 1497 2614 quam

67 2637 93 2694 iu
112 2635 315 2692 existimatione
333 2641 362 2690 et
379 2640 494 2704 utroque
512 2650 579 2690 casu
597 2649 692 2690 uemm
711 2638 754 2688 est
771 2632 894 2688 Stichum
917 2634 1059 2690 uoluntate
1082 2633 1185 2688 domiui
1207 2633 1404 2688 manumissum
1427 2648 1497 2690 essu.

67 2726 196 2795 idemque
213 2725 279 2780 iuris
297 2725 427 2780 estetsi
445 2723 572 2779 domiuus
590 2728 618 2778 ct
635 2738 732 2778 seruus
750 2724 778 2778 iu
796 2738 829 2778 eo
848 2737 938 2778 errore
956 2727 1063 2791 essent,
1086 2727 1118 2777 ut
1141 2737 1230 2792 neque
1248 2722 1292 2778 ille
1310 2737 1340 2778 se
1357 2721 1498 2778 dominum
1517 2735 1546 2775 as

39 2824 118 2872 tneo
136 2814 182 2870 bic
199 2830 230 2869 se
248 2829 358 2870 seruum
377 2815 437 2869 eius
455 2817 573 2884 putaret.
601 2813 688 2867 llinor
707 2811 803 2880 uiginti
821 2813 900 2868 annis
919 2811 1045 2867 dominus
1064 2825 1115 2866 nec
1133 2827 1304 2868 communem
1320 2811 1430 2882 quidem
1443 2827 1498 2867 ser·

68 2921 132 2960 uum
156 2903 216 2960 siue
240 2903 353 2960 consilio
376 2906 450 2957 recte
473 2903 647 2958 manumittit.
682 2902 802 2956 Psuuus
819 2907 911 2956 notat:
938 2901 989 2956 sed
1006 2901 1030 2955 si
1047 2901 1155 2970 pignori
1173 2899 1324 2970 obligatum
1342 2901 1395 2958 sibi
1412 2903 1500 2958 minor

67 2995 167 3065 uiginti
185 2993 264 3048 anuis
283 2992 436 3048 manumitti
454 2991 588 3061 patiatur,
606 2994 680 3046 recte
698 2990 911 3060 manumittitur,
936 2990 1001 3061 quia
1019 3005 1073 3046 non
1091 2995 1147 3046 tam
1166 2991 1357 3046 manumittere
1374 2991 1399 3046 is
1416 3007 1499 3062 quam

67 3099 122 3140 uon
140 3081 273 3153 impedire
292 3082 528 3136 manumittentem
546 3080 721 3148 intellegitur.
1517 3091 1546 3134 ns

39 3170 52 3226 3
119 3173 263 3228 luurssus
281 3170 377 3226 eodem
390 3169 466 3226 libro.
498 3169 544 3224 An
556 3168 629 3239 apud
642 3185 671 3224 se
685 3168 876 3224 manumittere
891 3169 980 3238 possit
996 3167 1021 3224 is
1036 3169 1087 3240 vqui
1105 3169 1247 3224 consilium
1265 3184 1342 3239 prae·
1361 3165 1499 3252 Q
1528 3175 1550 3229 S

68 3261 147 3330 beat,
171 3276 255 3331 saepe
277 3260 430 3330 quaesitum
450 3264 501 3314 est.
530 3273 596 3328 ego,
620 3267 668 3328 qur·
692 3257 875 3314 meminissem
897 3259 1055 3314 Iauolenum
1078 3263 1283 3328 praeceptorem
1307 3273 1398 3314 meum
1421 3260 1500 3315 etin

68 3349 164 3406 Africa
181 3355 210 3406 et
226 3350 255 3405 iu
273 3349 354 3420 Syria
376 3364 472 3404 seruos
496 3361 562 3404 suos
584 3348 804 3417 manumississe,
828 3362 890 3402 cum
914 3347 1056 3404 consilium
1080 3347 1238 3417 praeberet,
1261 3349 1415 3418 exemplum
1441 3348 1500 3404 eius

67 3445 182 3496 secutum
200 3443 229 3494 et
246 3439 274 3494 iu
292 3445 420 3508 praetura
436 3442 466 3492 et
483 3437 626 3492 consulatu
645 3452 706 3492 meo
724 3436 857 3506 quosdam
876 3451 911 3491 cx
928 3438 1016 3492 seruis
1034 3437 1102 3492 meis
1119 3437 1243 3492 uindicta
1259 3435 1373 3494 liberaui
1396 3441 1425 3494 et
1442 3439 1501 3508 qui·

66 3529 186 3587 busdam
205 3527 377 3599 praetoribus
395 3523 600 3582 consulentibus
619 3541 662 3581 me
679 3525 752 3581 idem
771 3527 855 3582 suasi.
1519 3539 1549 3580 aa

39 3615 51 3674 3
121 3620 201 3674 burs
224 3616 293 3674 libro
315 3616 437 3673 secundo
460 3616 496 3670 ad
515 3615 640 3670 Urseium
658 3615 796 3670 Ferocem.
833 3614 935 3670 Seruus
958 3616 1111 3672 communis
1134 3615 1200 3686 quin
1223 3631 1240 3670 a
1260 3615 1344 3671 mino·
1364 3610 1501 3699 [Q
1530 3622 1552 3676 S

66 3708 143 3765 ribus
162 3708 261 3778 uiginti
279 3707 358 3761 annis
375 3705 491 3762 dominis
509 3704 597 3774 possit
614 3703 688 3774 apud
707 3705 849 3761 consilium
867 3705 1036 3775 manumitti,
1054 3705 1180 3776 quamuis
1197 3719 1269 3760 unus
1287 3719 1321 3759 ex
1340 3706 1421 3760 sociis
1439 3721 1501 3760 cau·

67 3815 127 3854 sam
147 3796 351 3868 adprobauerit,
369 3795 482 3850 dubium
502 3809 556 3850 non
574 3799 625 3849 est.

39 3885 51 3946 i
121 3887 218 3943 Gaura
235 3885 304 3941 libro
321 3885 408 3956 primo
426 3900 517 3940 rerum
535 3883 745 3940 cottidianarum
764 3883 823 3940 siue
841 3899 994 3941 aureorum.
1029 3883 1091 3940 lion
1108 3889 1152 3940 est
1171 3884 1281 3940 omnino
1299 3897 1345 3938 ne·
1365 3876 1502 3966 [Q
1533 3891 1553 3944 s

67 3992 148 4034 cesse
166 3991 217 4047 pro
234 3974 363 4030 tribunali
381 3975 585 4030 manumittere:
604 3973 697 4044 itaque
714 3974 874 4044 plerumque
892 3973 920 4029 in
938 3972 1054 4030 mausitu
1067 3973 1139 4029 serui
1153 3973 1308 4030 manumitti
1325 3973 1422 4042 solent,
1440 3987 1502 4028 enm

66 4081 288 4154 remeamus)

1185 4189 1503 4201 .-...-.--——---

68 4251 76 4286 ¹
95 4247 223 4304 lulianus
240 4245 279 4300 ait
352 4260 406 4300 nou
424 4241 483 4300 lieri
501 4260 562 4300 eum
581 4243 696 4300 liberum
715 4245 812 4300 Paulus
830 4247 845 4298 l.
858 4265 880 4298 c.

67 4407 181 4464 domni
199 4419 300 4475 genere
319 4404 525 4474 manumissum]
546 4403 608 4458 sari
621 4403 671 4459 niu
686 4405 761 4468 rison
815 4403 964 4472 minissem]
988 4403 1149 4465 Rmsordua,
1180 4415 1232 4470 ego
1259 4415 1340 4470 quem
1368 4399 1503 4455 meminis-

68 4479 222 4548 iaareepiac
247 4477 295 4532 BS
318 4477 408 4543 (Dor.)
472 4477 490 4531 4
516 4477 608 4546 posse]
635 4492 697 4532 esse
724 4477 760 4529 F1
815 4477 913 4540 semi]
932 4491 985 4544 que
1004 4474 1187 4530 meminissem
1201 4473 1250 4537 Μ’,
1269 4487 1376 4542 egoque
1393 4471 1505 4526 memini

67 4549 251 4622 8pupillum]
270 4558 344 4620 quaer·
362 4555 425 4602 esset
441 4548 572 4618 pupillam
584 4557 659 4603 uertit
671 4549 760 4602 Doro·
814 4546 980 4611 XYZubo,
1003 4561 1110 4614 egoque
1134 4545 1242 4614 quidem
1267 4545 1377 4600 memini
1401 4544 1435 4598 0:
1464 4544 1502 4597 sai

68 4625 156 4680 ibera:
174 4622 276 4675 iasine
288 4620 365 4690 seps:
385 4627 412 4672 ut
422 4624 573 4692 Anonymur
585 4625 674 4674 aliter:
686 4618 732 4675 iia
746 4619 761 4674 ὁ
815 4619 951 4684 aenaeum,
961 4620 1039 4680 ancia
1049 4615 1189 4680 'lustrando
1199 4617 1245 4672 RS
1251 4618 1341 4682 (Dor.)
1368 4617 1402 4670 33
1413 4613 1503 4670 meo‘s'

68 4691 374 4766 ipxms'errirpoubcuur
388 4687 420 4744 is
436 4693 441 4757 Ι
456 4692 546 4760 ipsum
559 4692 595 4744 F¹
651 4693 684 4746 10
698 4707 761 4746 con·
816 4689 949 4759 quosdam
962 4691 997 4742 F*
1042 4686 1237 4744 34suasi't'F⁶
1283 4689 1317 4742 36
1329 4688 1504 4756 quamuis...

69 4763 308 4822 aendeudo‘m'F⁵
355 4763 568 4818 19uoluntasF¹
618 4765 762 4831 23quam⁴
816 4763 850 4816 37
870 4760 1071 4830 adprobauerit]
1085 4760 1181 4823 Filii,
1200 4759 1325 4828 quamuis
1391 4774 1445 4813 non
1458 4775 1504 4827 ap·

69 4840 99 4894 iu
119 4839 157 4890 F’
201 4837 237 4890 at
254 4833 438 4890 uoluntate'm'
452 4835 489 4888 F’
532 4835 568 4889 30
586 4835 702 4889 lulianus
717 4849 761 4890 eo·
815 4833 974 4904 probauerit
991 4831 1159 4901 (probauerit
1173 4832 1207 4897 0)
1227 4830 1358 4885 Y‘MOG:
1378 4829 1451 4884 isias

70 4909 134 4964 dem
153 4907 224 4964 libro
242 4909 289 4962 del.
301 4906 327 4959 F
327 4907 338 4940 ²
344 4924 351 4960 ε
371 4905 485 4969 Ἰογλιικ,
499 4907 525 4960 Β
538 4913 700 4977 conuenitque
719 4926 762 4960 cu·
817 4905 833 4958 ὁ
851 4905 888 4960 sic
906 4905 990 4958 mosoc
1007 4903 1137 4959 tecubrac
1152 4901 1261 4966 siluros
1275 4901 1355 4955 sirius
1374 4901 1412 4956 uu
1432 4899 1504 4968 aiud)

67 4989 153 5054 pitnar
171 4985 314 5034 numeratio
332 4978 404 5049 epod
422 4977 537 5034 Graecos
559 4997 615 5033 cum
636 4984 736 5048 receptu
755 4977 761 5045 Ι
817 4975 947 5030 bosruicer
967 4976 1016 5030 Rs
1033 4975 1123 5041 (Dor.)
1141 4977 1306 5048 similiterque
1324 4973 1351 5028 Β
1368 5009 1369 5014 =

71 5049 222 5132 praebe'a't
234 5051 272 5106 Ρ
322 5050 355 5105 31
371 5048 488 5120 saep'a'e
500 5049 535 5103 F*
552 5053 557 5118 Ι
572 5063 625 5120 ego
642 5049 689 5119 qui
707 5063 762 5106 me·
