3428 5460
118 275 204 352 anun
221 303 421 354 sunonnrrnrs
528 291 531 298 ’
739 283 825 364 387
1145 286 1322 356 XXXVIIII
1343 287 1364 353 2
1385 293 1498 350 15-18

117 439 279 514 derelinqueret,
295 443 494 500 restituendum
513 443 541 498 in
558 445 772 514 possessionem:
796 461 859 500 cum
877 449 977 516 tamen,
996 446 1042 516 qui
1061 445 1161 502 missua
1178 445 1207 502 in
1224 445 1425 515 possessiouem
1444 459 1499 500 non

116 531 415 602 montemultra
432 534 544 602 ruerint,
562 532 723 590 beneficium
743 535 877 605 praetoris
895 535 1033 592 amississe
1052 535 1154 592 acribit.
1185 534 1236 590 boe
1254 535 1293 589 ita
1310 533 1498 604 accipiendum

78 625 103 672 ee
116 619 160 688 erit
173 620 191 674 si
205 622 284 677 uenire
300 623 328 678 in
346 623 549 692 possessionem
568 623 696 694 neglexit,
715 638 770 680 nou
788 625 812 679 si
830 623 895 678 dum
914 625 991 680 uenit
1008 630 1127 682 ruerunt.
1159 622 1189 678 Si
1207 624 1268 692 quis
1286 639 1320 678 ex
1339 623 1390 680 boc
1409 623 1499 678 edicto

115 715 236 776 apraetcne
250 711 276 766 in
291 713 493 782 possessionem
513 713 612 768 missus
630 729 685 768 non
703 717 747 768 cst
764 713 908 784 admissus,
926 713 955 768 in
973 711 1074 768 iactum
1093 713 1200 768 actione
1218 713 1258 768 uti
1270 713 1378 782 poterit,
1398 716 1498 766 uttan-

114 799 157 850 tum
170 804 299 866 praestetur
316 800 356 870 ci,
375 805 508 872 qnantum
527 803 659 872 praestari
678 803 703 858 ei
721 806 873 872 oporteret,
892 803 915 857 si
934 802 969 858 de
987 817 1021 858 ea
1038 818 1068 858 re
1086 808 1197 858 cantum
1215 799 1324 858 iuisaet:
1343 800 1500 856 extenditur
1517 811 1531 853 s

114 883 166 939 enim
181 889 237 944 actio
252 889 278 944 in
295 887 324 944 id
342 895 459 960 tempus,
478 905 532 960 quo
551 890 680 948 damnum
699 892 886 948 committitur.

73 968 101 1026 ld
152 971 161 1042 l
174 975 272 1032 Pronus
289 976 357 1032 libro
369 978 598 1050 quadragensimo
611 985 710 1037 octono
722 980 758 1036 ad
771 981 899 1038 edictum.
926 977 1082 1051 Antequam
1096 980 1225 1036 damnum
1238 978 1325 1050 detur,
1358 991 1383 1038 Β.
1392 974 1499 1046 uafro]
1519 983 1554 1038 'S
1577 985 1595 1032 l.
1605 983 1657 1034 190¹

113 1059 236 1130 inpunitum
256 1071 298 1122 cst
318 1065 421 1122 iactam
440 1069 512 1139 eius,
536 1069 582 1140 qui
599 1084 688 1140 neque
706 1071 832 1140 promisit
848 1085 937 1140 neque
955 1069 1067 1126 admisit
1083 1070 1111 1126 in
1129 1069 1343 1139 possessionem,
1360 1056 1500 1124 {tanuen

112 1155 159 1205 ante
175 1152 284 1210 bunum
303 1155 398 1212 datum
416 1157 461 1212 uel
479 1158 555 1212 cauit
572 1158 616 1213 uel
634 1159 808 1228 possessione
826 1159 917 1214 cessit.
958 1162 966 1180 '
1199 1197 1206 1226 .
1517 1168 1531 1208 ⁹

73 1235 100 1292 ll
150 1239 272 1300 Ununnuua
289 1243 358 1300 libro
376 1245 623 1316 quinquagensimo
641 1248 722 1302 terti0
741 1246 776 1302 ad
795 1247 923 1302 edittum.
959 1245 988 1304 Si
1007 1247 1068 1318 quis
1086 1247 1199 1302 missum
1217 1247 1245 1302 in
1263 1261 1325 1317 pos·
1345 1241 1499 1328 [ateio-n
1531 1250 1558 1305 E

111 1329 232 1403 amionem,
249 1349 309 1388 eum
329 1339 403 1390 esset
420 1335 449 1390 in
467 1335 556 1390 aliena
573 1339 719 1406 potestate,
738 1352 792 1392 non
811 1335 958 1406 admiserit,
976 1337 1098 1406 plerique
1116 1340 1214 1406 putant
1227 1336 1351 1392 noralem
1364 1325 1499 1391 actionem

90 1425 133 1472 leo
146 1422 232 1477 nominc
248 1425 412 1492 competere.
449 1422 519 1488 Quid
538 1423 651 1494 deinde,
672 1424 695 1479 si
713 1430 872 1494 procurator
890 1424 1072 1494 prohibuerit,
1090 1429 1180 1482 utrum
1199 1425 1228 1480 in
1245 1425 1334 1494 iprum
1354 1442 1388 1480 an
1406 1425 1434 1480 in
1452 1425 1500 1480 do·

89 1505 185 1564 tninnm
204 1509 343 1567 dabimus?
375 1511 424 1566 scd
448 1513 539 1568 uerius
562 1518 606 1568 est
628 1513 656 1568 in
676 1513 766 1583 ipsum
785 1513 913 1568 dandam.
950 1513 1004 1570 Sed
1023 1519 1052 1570 et
1069 1515 1098 1570 ln
1116 1519 1207 1570 actore
1226 1515 1392 1584 mnniprnm
1410 1519 1501 1570 tutore

88 1598 232 1669 aeuisque,
249 1601 295 1672 qui
313 1616 364 1671 pro
382 1601 443 1656 aliis
461 1601 653 1672 interueniunt,
671 1601 744 1657 idem
763 1602 816 1657 erit
832 1602 986 1659 dicendum.
1013 1602 1095 1658 Actio
1113 1603 1174 1671 iste,
1192 1603 1309 1673 quaein
1328 1600 1429 1658 iactum
1448 1607 1499 1672 est,

86 1689 207 1754 lotapatae
227 1689 348 1760 dabitur,
370 1688 516 1746 etheredi
539 1695 567 1746 et
590 1691 618 1746 in
640 1690 769 1746 heredem
788 1697 961 1762 ceteraeque*
982 1693 1102 1768 itemque
1120 1693 1218 1747 ceteris
1235 1691 1368 1761 personis.
1404 1691 1498 1761 ludex,
1520 1701 1547 1742 na

107 1773 141 1840 qai
157 1773 185 1832 da
203 1778 297 1834 demum
321 1777 424 1834 iniecto
447 1780 601 1850 cognoscit,
625 1781 708 1836 etiam
732 1780 851 1836 alienato
874 1781 986 1852 praedio
1010 1779 1046 1836 ab
1069 1795 1115 1852 eo,
1138 1796 1200 1836 cnm
1226 1795 1281 1850 qno
1299 1785 1390 1835 autum
1408 1778 1498 1850 inerit,

107 1858 203 1920 damnum
220 1868 364 1923 aestimare
382 1868 452 1922 solet
469 1883 559 1936 omne,
577 1868 769 1942 quodcumque
787 1873 851 1924 anta
868 1869 999 1924 indicium
1017 1869 1140 1939 contigit.

72 1943 95 2001 ld
144 1951 241 2012 Pennus
263 1956 333 2012 libro
357 1956 587 2027 quadragensimo
612 1963 712 2013 octauo
736 1957 772 2012 ad
790 1957 919 2014 edictum.
956 1958 1056 2013 Damni
1074 1956 1167 2014 infecti
1185 1957 1324 2028 stipulatio
1343 1952 1499 2038 [ιῇᾖῇ
1530 1962 1557 2016 Ε

85 2045 206 2112 leanpetit
225 2061 278 2100 non
295 2050 404 2100 tantum
422 2046 462 2114 ei,
486 2047 563 2102 culus
582 2047 610 2102 in
628 2045 707 2102 bonis
725 2062 769 2102 res
788 2052 843 2117 eat,
867 2047 1016 2102 sedetiam
1036 2047 1113 2102 culus
1131 2048 1251 2118 periendo
1270 2061 1314 2101 res
1333 2051 1383 2101 est.
1421 2045 1499 2112 Quod

105 2139 166 2196 amne
180 2131 243 2190 iaew
261 2139 426 2190 consecutus
444 2135 481 2190 sit
498 2134 611 2190 dominii
629 2135 743 2206 capione
761 2136 924 2206 promissor,
948 2151 1002 2191 uon
1020 2135 1108 2190 teneri
1125 2151 1188 2190 eum
1207 2151 1240 2190 eo
1257 2135 1367 2190 nomine
1384 2135 1499 2205 Pompo-
1518 2145 1548 2188 ao

84 2214 151 2272 trias
164 2222 201 2290 ait,
217 2224 280 2292 quia
298 2239 349 2280 nec
367 2224 419 2278 loci
437 2239 489 2278 nec
506 2224 597 2294 operia
615 2225 691 2294 uitio,
711 2224 760 2280 sed
778 2225 888 2296 publico
906 2225 964 2280 iure
982 2224 1010 2279 id
1029 2229 1192 2280 consecutos
1210 2225 1254 2280 sit.
1281 2224 1323 2294 lli,
1342 2223 1419 2278 cuins
1432 2239 1500 2278 usus

105 2300 184 2365 huns
198 2313 301 2368 aedium
319 2318 371 2382 est,
390 2312 426 2367 de
443 2313 511 2368 uitio
529 2313 677 2369 earundem
697 2313 805 2370 aedium
824 2315 916 2370 caueri
928 2329 982 2369 non
995 2319 1110 2384 oportet,
1130 2313 1182 2367 ctni
1194 2311 1261 2368 eliae
1274 2313 1379 2368 uicinas
1390 2311 1499 2383 babeat,

104 2395 153 2460 qnia
165 2399 289 2458 reiciendi
307 2400 392 2456 babet
410 2399 580 2458 facultatem:
599 2419 662 2458 nam
681 2403 727 2472 qui
745 2403 797 2458 uiri
815 2401 880 2458 boni
898 2401 1031 2460 arbitratu
1049 2403 1090 2457 nti
1101 2401 1221 2472 deberet,
1240 2399 1379 2457 reficiendi
1391 2416 1500 2472 quoquae

103 2488 234 2547 namuco
252 2491 437 2560 consequitur.
465 2505 532 2562 ergo
550 2507 601 2547 nec
618 2492 813 2562 proprietarius
831 2491 919 2547 audiri
932 2491 1023 2562 debet,
1042 2493 1065 2548 si
1077 2491 1143 2547 uelit
1155 2490 1207 2546 sibi
1219 2491 1311 2546 caueri
1324 2506 1341 2544 a
1352 2489 1500 2546 fructuario

103 2571 187 2632 tedium
202 2581 319 2649 nomlne,
344 2595 413 2650 quas
431 2580 536 2636 uiclnaa
555 2579 720 2638 fructuario¹
737 2580 851 2651 habeat,
873 2581 937 2651 quia
954 2580 1038 2636 babet
1055 2597 1117 2636 orum
1136 2578 1284 2636 fructuario
1302 2580 1451 2650 actionem,
1470 2585 1501 2636 ut
1520 2593 1548 2634 rs

79 2658 143 2713 ibid
157 2663 208 2722 boni
223 2668 355 2724 arbitratu
373 2669 397 2724 is
415 2666 529 2724 duatus.
566 2668 621 2724 Sed
639 2671 769 2740 inquilino
789 2685 863 2739 meo,
884 2671 909 2726 si
926 2669 1031 2726 uicinas
1050 2669 1134 2724 aedes
1151 2669 1259 2738 habeat,
1277 2684 1375 2724 cauere
1394 2667 1501 2723 debebo

10 2803 11 2810 ,
78 2741 174 2807 ⁴ll²¹ani
187 2755 273 2812 iniecti
290 2762 404 2828 propter
421 2773 468 2813 eas
486 2757 578 2813 aedes.
615 2759 663 2828 Ei,
682 2759 729 2828 qui
747 2758 775 2814 in
793 2759 929 2814 conducto
947 2759 1005 2814 solo
1024 2756 1195 2828 superficiem
1214 2758 1356 2827 imposuit,
1375 2757 1501 2812 domiuus

10 2833 11 2838 Β
102 2835 149 2906 ⁸⁰¹5,
162 2843 238 2914 ¹qnod
255 2847 324 2902 aritIo
342 2846 393 2902 auli
411 2845 541 2901 damnum
559 2845 680 2902 futurum
699 2848 742 2916 sit,
761 2863 859 2903 cauere
877 2863 932 2904 uon
950 2845 1062 2903 debebit
1079 2861 1129 2902 nec
1147 2847 1197 2902 soli
1215 2847 1326 2902 domino
1344 2843 1500 2916 superficia-

101 2920 157 3000 fl'li,
174 2935 229 3003 quia
250 2936 368 2992 inuicem
393 2951 428 2990 ex
452 2935 588 2992 conducto
611 2941 640 2990 et
661 2937 751 2992 locato
769 2936 871 2992 babent
889 2937 1023 2992 actiones:
1046 2937 1074 2991 in
1093 2952 1162 3007 quas
1179 2940 1271 2990 mmen
1290 2927 1411 2990 actiones
1429 2935 1501 2988 ultra

101 3012 185 3084 eulpam
201 3024 261 3080 nibil
279 3025 364 3080 uenit
396 3024 458 3094 plus
476 3029 568 3080 anatem
587 3025 615 3080 in
633 3025 836 3096 stipulationem
854 3027 931 3082 uenit
949 3026 1038 3082 damni
1056 3024 1163 3094 iniecti,
1181 3024 1255 3094 quod
1273 3023 1384 3094 quidem
1402 3024 1499 3078 uitium
1520 3035 1548 3077 ao

73 3097 162 3158 ⁵05⁰&
175 3127 228 3168 essa
245 3111 353 3168 dicitnr.
390 3109 420 3168 Si
437 3113 476 3182 is,
500 3114 547 3184 qui
565 3129 634 3168 unas
652 3114 736 3170 aedes
754 3113 887 3186 babebat,
911 3115 1057 3186 stipulatus
1075 3112 1169 3183 luerit,
1188 3113 1287 3168 deiude
1306 3113 1409 3168 uicinas
1427 3128 1500 3168 eoru·

97 3195 223 3272 tament,
245 3218 280 3256 an
304 3215 398 3256 earum
422 3216 531 3272 quoque
555 3203 678 3274 nomine,
702 3219 771 3274 quas
793 3207 857 3274 post
878 3205 1066 3274 interpositam
1085 3203 1286 3274 stipulationem
1305 3207 1499 3272 comparasset,

1 3316 2 3338 r
96 3283 262 3346 inmissurum
280 3290 424 3360 obligaret,
442 3290 597 3360 quaesitum
616 3296 667 3348 est
700 3293 821 3348 Iulianus
839 3292 934 3348 scribit
951 3292 1109 3363 uidendum,
1128 3307 1162 3348 ne
1181 3306 1273 3346 carum
1292 3290 1435 3346 dumtaxat
1453 3306 1500 3346 uo-

1 3373 2 3378 ’
94 3365 157 3428 'stiae
174 3385 275 3436 mutum
298 3378 415 3450 babeat,
439 3379 475 3434 da
497 3379 597 3450 quibus
618 3381 768 3438 inteream
788 3385 817 3437 et
832 3382 1026 3452 promissorem
1043 3382 1122 3437 initio
1139 3386 1230 3436 aetum
1249 3377 1338 3435 inerit
1375 3381 1418 3434 cui
1437 3395 1500 3434 con·

91 3458 192 3526 'eiusne
208 3469 293 3524 uideri
310 3484 406 3540 posse,
424 3473 510 3538 utet,
529 3485 591 3524 cnm
610 3470 719 3526 aedium
738 3470 922 3526 communium
940 3471 1049 3526 nomine
1068 3470 1122 3525 duo
1141 3470 1207 3526 socii
1226 3469 1395 3539 stipulentur,
1413 3467 1449 3522 de
1466 3483 1500 3522 eo
1519 3481 1547 3523 as

89 3532 215 3612 ‘hiabat
236 3557 336 3614 damno
358 3558 450 3613 caneri
473 3555 613 3628 uideatur,
637 3558 711 3628 quod
729 3559 756 3614 in
774 3563 852 3630 parte
871 3558 979 3615 aedium
997 3559 1096 3628 cuique
1114 3559 1189 3616 socio
1207 3558 1300 3612 datum
1319 3555 1410 3612 fuerit.
1441 3556 1500 3612 siue

86 3633 150 3702 ετ80
163 3645 300 3702 redemerit
317 3647 430 3702 alteram
448 3651 555 3716 partem
573 3647 635 3717 quis
653 3662 687 3702 en
705 3646 747 3702 bis
765 3648 824 3704 siue
843 3647 1000 3703 adiudicatus
1018 3647 1107 3718 luerit,
1129 3663 1183 3704 non
1202 3646 1295 3716 augeri
1312 3644 1500 3714 promissionis

57 3705 272 3802 6οΜἱειιίοιιιιιι.
303 3736 469 3806 Pomponius
492 3736 578 3791 relata
601 3735 698 3792 Iuliani
721 3737 856 3806 scriptura
878 3737 946 3792 dicit
969 3753 1023 3792 non
1046 3751 1076 3792 se
1100 3735 1261 3807 improbare.
1298 3733 1327 3790 Si
1345 3740 1437 3788 autern
1455 3748 1500 3788 res

80 3801 179 3904 ‘didm
193 3830 256 3895 port
272 3825 475 3894 stipulationem
493 3823 682 3896 interpositam
701 3825 730 3880 in
747 3825 829 3880 domo
847 3823 948 3881 babere
966 3827 1087 3896 eoeperit
1106 3826 1257 3896 stipulator,
1280 3839 1350 3894 quae
1369 3839 1404 3879 ex
1422 3823 1500 3878 ruina
1615 3895 1616 3900 η

48 3965 60 4011 1
78 3895 220 3968 uleinarum
237 3914 346 3969 aedium
365 3913 502 3983 perierint,
521 3927 603 3982 agere
621 3929 656 3968 ex
674 3914 805 3984 stipulatu
822 3919 923 3984 potest,
941 3915 1006 3970 lieet
1023 3921 1096 3984 tunc,
1115 3931 1177 3970 cum
1190 3913 1373 3984 stipularetur,
1391 3913 1443 3968 hae
1455 3928 1498 3967 rer
1517 3925 1546 3964 aa

43 3985 135 4100 ⁸⁰⁰³
155 3999 285 4074 luellrintt.
321 4002 436 4074 Emptor
458 4001 562 4072 praedii
584 4003 608 4058 si
632 4007 696 4058 ante
719 4002 893 4059 traditionem
918 4004 1063 4073 stipulatus
1080 4003 1129 4073 sit,
1154 4008 1264 4058 cautum
1283 4001 1394 4057 habebit
1412 4001 1446 4056 de
1465 4017 1498 4057 en
1514 4009 1531 4056 f.
1544 4009 1587 4056 191

144 4105 180 4160 no,
198 4092 270 4162 qnod
287 4097 352 4162 post
368 4091 542 4147 traditionem
560 4087 662 4146 iactum
682 4092 741 4147 erit.
770 4091 945 4148 Uenditorem
964 4097 1056 4148 antem
1073 4092 1181 4147 aedium
1194 4091 1278 4162 prius,
1297 4107 1378 4162 quam
1390 4105 1498 4160 possea-

68 4167 286 4268 irasquoc)

67 4315 295 4405 'Demonassae
367 4345 550 4404 ’fiuctuerflt
569 4351 604 4416 (aa.
617 4357 647 4404 i.:
668 4349 820 4417 Culuciua)?
894 4349 976 4406 ³leiti
994 4357 1040 4406 irre.
1116 4349 1214 4418 ‘eius]
1233 4349 1292 4404 rei?
1366 4347 1433 4404 ⁵ibi
1451 4357 1498 4404 iura.

64 4413 492 4460 L.—

62 4465 84 4592 ξ
108 4495 450 4554 δίιθιίἰιὶο“ἱ“ιίἰιθι·ἰιιιΡ’
493 4499 708 4556 tmaiusurnon
722 4499 758 4554 Fi
812 4499 912 4556 habeat
938 4501 1040 4554 F'rrrm
1056 4499 1187 4571 irrupt:
1206 4499 1221 4554 ὁ
1238 4499 1367 4554 beandune
1383 4498 1497 4570 ...ἒχωιι

100 4553 172 4624 ll'bro
182 4570 409 4641 quadragensimo
420 4573 530 4640 octauo]
542 4572 586 4636 F’,
598 4571 667 4628 libro
679 4587 757 4628 sexa·
810 4571 890 4628 inune
920 4572 1006 4642 oleon)
1023 4571 1201 4635 nueotzoura,
1221 4585 1289 4640 quas
1307 4572 1411 4626 uiciruas
1427 4569 1497 4626 irue-

61 4621 195 4700 {businc
211 4641 439 4712 quadragensimo
458 4649 556 4698 octauo
575 4643 611 4695 ΡΙ
665 4644 757 4700 ilces-
812 4645 916 4698 tuanius
942 4642 1043 4698 habeat
1068 4641 1272 4708 F'XI'QMOG
1294 4645 1299 4708 l
1323 4647 1353 4697 ut
1382 4641 1434 4698 biri
1463 4641 1499 4694 pe

62 4693 124 4774 Ψ]
144 4714 215 4768 ιιιιίι
233 4715 268 4766 F¹
319 4711 581 4783 10posaeseione'm'
597 4715 633 4766 F’
670 4714 759 4784 1200]
812 4716 847 4770 26
865 4715 897 4783 is]
917 4713 959 4768 his
977 4715 1015 4767 Ρ
1059 4713 1093 4768 27
1112 4713 1205 4768 damni
1215 4713 1325 4768 inlecti
1344 4711 1380 4766 F*
1396 4716 1400 4777 Ι
1416 4719 1497 4769 *oon-

62 4765 97 4814 ει
116 4779 152 4830 1²
191 4785 223 4839 14
240 4785 486 4854 esrumperperno
501 4783 536 4837 ι’*
582 4785 614 4840 16
633 4785 697 4854 qui'
718 4801 759 4840 er·
812 4785 894 4840 ducto
919 4785 957 4837 F²
1015 4784 1049 4838 28
1073 4783 1220 4838 dam³n⁴unr
1242 4784 1278 4837 Ft
1336 4785 1371 4840 30
1394 4783 1496 4854 damni]
1593 4781 1596 4792 ⁵

62 4835 199 4910 Ponb'ue
219 4856 319 4911 damno
338 4855 398 4926 'qui'
416 4854 518 4911 inlecto
537 4855 573 4908 F'
594 4859 598 4924 Ι
620 4803 717 4928 etiam}
730 4861 758 4912 te
811 4856 928 4912 damiF
968 4857 1001 4910 31
1021 4854 1099 4924 unus]
1113 4855 1265 4920 I'X0YMG,
1283 4855 1461 4910 uicinnaSX¹
1475 4863 1497 4910 et

63 4907 137 4972 ¹⁸¹¹]
152 4924 181 4974 Ρ
227 4926 759 5000 uuqu0d1t³‚eedqnodrt:apuur
810 4947 926 4998 caprae.
940 4927 968 4981 I'
1012 4927 1045 4982 37
1065 4923 1318 4982 quaerereturque*
1365 4927 1399 4982 39
1415 4927 1496 4980 inter-

65 4985 161 5106 *ἔξω
176 4999 204 5049 ele
216 5017 289 5070 opere
298 5001 376 5073 suctu
388 5005 415 5051 ιιι
426 5000 499 5052 lutere
511 5001 555 5068 (qs.
568 4999 609 5052 ir
623 4997 636 5068 5
655 4997 686 5052 18
694 4999 719 5051 d.
729 5001 757 5064 l.)
810 4999 946 5069 positam*
958 4997 995 5052 Ρ
1010 4999 1014 5064 Ι
1030 5003 1118 5068 qula⁴e
1130 4999 1168 5051 Ρ)
1216 4999 1252 5054 40
1264 4995 1428 5068 pe‘d'rierInt
1439 4997 1477 5050 F*
1490 4995 1494 5068 Ι

139 5061 165 5119 de
179 5066 242 5125 bitio
261 5070 299 5123 F·
346 5069 382 5125 25
399 5083 469 5140 quus
487 5069 592 5125 uicinas
609 5067 757 5126 fructuario
810 5069 882 5139 curn]
900 5073 960 5124 tum
977 5069 1014 5124 Β*

1226 5156 1285 5216 ab*
