3480 5460
74 281 106 327 nr
121 277 463 326 nnsossnrtenrosrens
697 253 782 336 193
1158 261 1277 350 XXXV
1301 264 1316 327 1
1342 269 1455 324 70-72

32 418 60 476 lo
108 418 259 472 Pmnxssus
275 415 345 472 libro
363 421 442 472 sexto
460 417 566 472 decimo
584 417 784 487 quaestionum.
812 417 890 472 Duos
908 421 996 472 mater
1013 415 1083 474 lilios
1101 418 1153 474 sub
1171 418 1262 476 condi·
1282 413 1456 502 [Q
1473 427 1501 482 Ρ

70 507 125 562 done
138 505 347 575 emancipationis
366 521 401 561 ex
418 506 542 576 partibus
559 505 675 562 heredes
692 505 810 560 instituit
827 507 921 576 cisque
938 507 1055 576 plurium
1069 523 1158 564 rerum
1170 509 1377 579 praeceptiones
1389 523 1456 578 pure

69 594 133 650 dodi:
151 594 319 650 hereditatem
345 595 477 650 adierunt.
510 601 615 664 petrem
637 596 824 666 elegatorum
844 596 988 652 commodo
1006 597 1053 651 illa
1069 613 1178 668 quoqne
1196 599 1265 653 ratio
1283 597 1366 653 debet
1383 613 1456 653 snm·

68 699 153 753 nonem,
167 683 236 754 quod
254 683 452 756 emancipando
470 683 540 740 dlios
558 683 707 741 obsecutus
725 685 860 741 uoluntati
872 699 1027 755 supremum
1040 685 1171 742 iudicium
1182 687 1275 742 uxoris
1287 701 1354 743 suae
1366 691 1456 743 custo

68 773 102 828 diri
115 774 191 828 uoluit
1473 785 1488 828 ι

35 863 57 920 ll
102 863 160 918 lone
174 863 240 919 libro
258 864 377 934 septimo
392 863 499 918 decimo
512 864 711 933 quaestionum.
740 863 813 918 Titio
825 867 934 918 eentum
948 863 993 934 lta,
1012 861 1168 919 utiendum
1181 871 1262 936 emat,
1282 859 1455 950 Q
1475 871 1502 923 P

68 951 130 1020 herla
146 957 215 1007 sunt:
238 967 294 1008 non
318 967 379 1008 esse
403 952 557 1022 cogendum
576 953 679 1008 Titium
704 967 802 1007 canere
820 950 921 1007 Sextus
940 951 1074 1008 Caecilius
1097 954 1250 1024 existimat,
1274 955 1400 1025 quoniam
1420 955 1455 1011 sd

69 1041 127 1110 prun
146 1041 282 1096 dumtaxat
305 1043 519 1098 emolumentum
542 1042 627 1111 legati
650 1041 758 1097 rediret.
792 1040 842 1096 sed
865 1041 889 1095 ei
912 1037 967 1110 filio
991 1039 1067 1096 fratri
1086 1041 1196 1098 alumno
1214 1043 1304 1099 minue
1322 1043 1455 1100 industrio

68 1135 199 1200 prspctm
216 1145 279 1186 esse
296 1132 392 1200 uoluit,
410 1132 543 1188 interesse
561 1131 670 1187 heredis
687 1129 852 1186 credendum
872 1135 915 1185 est
933 1133 1015 1200 etque
1033 1131 1096 1186 ideo
1114 1132 1266 1188 cautionem
1282 1133 1454 1204 interponen-

50 1217 114 1288 rdsn,
127 1223 152 1274 nt
165 1225 193 1274 et
208 1219 311 1275 fundus
329 1227 502 1292 comparetur
520 1237 552 1276 ac
569 1225 667 1290 postea
684 1235 739 1274 non
757 1220 930 1274 alienaretur.
957 1219 1032 1275 Titio
1050 1225 1158 1276 centum
1176 1221 1273 1277 rehota
1284 1223 1406 1292 suutita,
1425 1227 1456 1278 ut
1475 1233 1503 1274 ιο

68 1305 160 1362 isdem
178 1325 289 1364 uxorem
307 1325 378 1380 quae
396 1309 481 1365 uidua
499 1316 542 1366 eet
559 1310 656 1364 ducat:
675 1309 800 1364 condicio
818 1325 872 1364 non
890 1307 1044 1364 remittetur
1061 1315 1090 1364 et
1107 1309 1169 1365 ideo
1187 1325 1238 1365 nec
1255 1311 1346 1368 cautio
1363 1311 1454 1367 remit·

70 1395 121 1452 buda
134 1403 176 1453 est
205 1398 268 1454 huic
286 1401 439 1456 sententiae
458 1415 512 1455 non
530 1396 696 1469 refragatur,
715 1397 802 1468 quod,
821 1397 844 1452 si
862 1397 924 1468 quis
942 1399 1086 1468 pecuniam
1104 1399 1257 1470 promittat,
1277 1400 1300 1456 ei
1319 1401 1454 1456 llaouianr

71 1499 143 1540 ιιοιοιιι
159 1503 211 1543 non
228 1488 324 1559 ducat,
349 1493 460 1560 praetor
477 1488 611 1544 actionem
630 1487 762 1558 deneget:
786 1485 860 1542 aliud
878 1489 922 1541 est
939 1487 1010 1542 enirn
1030 1488 1148 1558 eligendi
1167 1489 1332 1544 matrimonii
1348 1505 1454 1560 poenae

54 1579 115 1628 lustu
130 1575 273 1632 libertatem
297 1578 411 1648 auferri,
435 1577 509 1634 eliud
527 1577 563 1632 ad
581 1579 793 1632 ιοιιιιιιιοιιιιιιιιι
813 1579 889 1631 certa
905 1577 967 1645 lege
985 1575 1104 1633 inuitari.
1140 1577 1214 1633 Titio
1232 1581 1341 1633 centum
1360 1579 1455 1646 relicta

71 1667 109 1717 sunt
123 1665 163 1734 itu,
185 1673 216 1722 ut
239 1684 257 1722 a
280 1671 457 1724 monumento
481 1681 542 1722 meo
565 1679 620 1721 uon
645 1666 756 1722 recedat
777 1666 823 1722 uel
847 1665 887 1720 uti
909 1665 938 1720 in
960 1665 1007 1720 illa
1028 1666 1141 1723 ciuitate
1161 1666 1326 1722 domicilium
1346 1667 1454 1724 haheat
1474 1678 1502 1720 ιι

70 1757 127 1818 ptest
144 1754 191 1810 dici
212 1771 268 1811 non
292 1771 354 1812 esse
378 1757 469 1812 locum
487 1755 623 1826 cautioni,
647 1770 695 1826 per
713 1771 794 1825 qoam
812 1755 856 1810 ies
873 1753 1008 1810 libertatis
1026 1753 1190 1826 infringitur.
1220 1755 1315 1812 sedin
1333 1755 1455 1814 defuncti

51 1837 137 1896 rhem
154 1845 203 1899 alio
224 1845 284 1900 iure
308 1845 419 1901 utimur.
456 1845 537 1900 “litio
559 1859 661 1915 genero
684 1859 746 1900 meo
769 1843 850 1898 heres
874 1857 951 1898 meus
972 1843 1045 1900 dotis
1063 1843 1143 1900 Seiae
1160 1843 1232 1901 filiae
1249 1859 1327 1902 meae
1345 1847 1455 1904 nomine

69 1927 147 1985 'ertum
165 1932 244 1990 dato'.
275 1935 360 2004 legati
377 1933 488 2004 quidem
506 1933 719 1990 emolumentum
738 1933 773 1988 ad
792 1932 896 2002 Seiam,
921 1947 992 2002 quae
1010 1933 1102 1988 dotem
1121 1931 1222 1990 hahere
1239 1935 1348 2006 incipit,
1371 1937 1454 2006 perti·

69 2017 125 2088 nebit,
143 2022 185 2078 sed
203 2023 268 2093 qnia
286 2039 341 2080 non
358 2028 466 2079 ιιιιιιιιιιι
484 2023 603 2092 mulieri,
627 2022 677 2078 sed
695 2023 768 2078 Titio
786 2037 908 2093 quoque,
934 2023 978 2079 cui
997 2021 1140 2092 pecuniam
1159 2023 1275 2094 legeuit,
1299 2025 1453 2081 consultum
1473 2033 1501 2076 ιι

69 2106 153 2180 uidem,
166 2128 249 2183 prope
267 2117 324 2183 est,
343 2117 374 2168 ιιι
391 2114 451 2184 ipse
468 2113 619 2182 legatarius
636 2113 811 2182 intellegatur
829 2117 858 2167 et
874 2112 995 2182 legatum
1013 2115 1107 2182 petere
1125 2110 1234 2168 debeat.
1262 2113 1285 2168 si
1305 2111 1315 2182 ΙΙ
1332 2120 1397 2184 post
1414 2115 1453 2170 dl·
1472 2119 1538 2168 tad

69 2197 149 2253 romum
162 2217 260 2270 genero
278 2203 421 2272 pecuniam
440 2201 519 2257 heres
537 2201 658 2270 soluerit,
680 2215 767 2269 aeque
784 2199 951 2272 liberabitur,
969 2201 1097 2271 quoniam
1116 2199 1254 2256 indolem
1273 2203 1373 2260 solutio
1390 2219 1453 2260 con·

69 2287 153 2344 ltrbmr.
178 2297 320 2347 comtanto
344 2297 436 2346 autem
461 2291 633 2348 matrimonio
651 2290 733 2345 etiem
751 2289 912 2358 prohibente
930 2290 1042 2346 muliere
1060 2289 1134 2346 Titio
1152 2294 1226 2346 recte
1244 2291 1377 2348 solemur:
1402 2293 1454 2350 hoe

17 2431 24 2448 ,
68 2373 115 2428 run
128 2383 149 2431 et
162 2381 277 2436 mulieris
295 2381 418 2450 interest,
435 2387 466 2435 ut
484 2380 596 2450 incipiet
613 2393 675 2434 esse
693 2378 796 2434 dotata
824 2395 886 2435 nam
905 2385 934 2436 et
951 2379 975 2435 si
993 2380 1054 2450 quis
1072 2379 1158 2449 ipsam
1172 2394 1281 2450 quoque
1293 2381 1452 2452 petitionem

69 2459 136 2524 i²btrc
148 2469 417 2540 respondentesque
434 2469 578 2540 pecuniam
595 2474 779 2538 potatusque
798 2468 870 2524 dotis
888 2467 946 2524 lieri
965 2468 1039 2538 uelit,
1059 2483 1112 2524 uon
1131 2467 1213 2524 dubie
1231 2469 1286 2524 doli
1299 2485 1452 2526 summoue·

68 2547 116 2606 titur
132 2559 288 2628 exceptione.
321 2565 386 2614 ante
408 2559 518 2629 nuptias
540 2573 607 2614 uero
624 2558 698 2614 Titio
723 2559 766 2613 uel
791 2559 903 2614 muliere
927 2555 1063 2613 deiunctie
1086 2557 1208 2626 legatum
1232 2558 1306 2630 apud
1325 2557 1451 2616 heredem
1472 2569 1499 2610 as

69 2647 136 2699 nnat
157 2647 223 2717 quod
241 2649 265 2703 si
282 2649 351 2703 nolit
368 2664 429 2703 eam
445 2663 557 2704 uxorem
571 2647 680 2718 ducere,
698 2647 799 2702 carrea²
811 2646 904 2717 legati,
923 2645 996 2716 quod
1009 2645 1045 2700 ad
1057 2647 1177 2702 mulieris
1188 2661 1333 2716 personam
1346 2649 1451 2720 attinet,

69 2729 193 2791 ιῑῐὶιῑιιιιιιι
215 2737 402 2808 intellegetur,
427 2737 477 2793 sod
494 2738 567 2792 Titio
589 2738 710 2808 legatum
735 2736 839 2805 petenti
859 2733 970 2791 nocebit
986 2735 1111 2805 exceptio
1129 2735 1193 2791 doli.
1214 2735 1342 2792 'Sabinus
1360 2742 1451 2794 autem

68 2817 197 2880 eminebat
214 2829 301 2897 nupta
320 2827 431 2882 muliere
443 2827 517 2882 Titio
535 2827 594 2882 sine
612 2825 739 2882 cantione
754 2825 875 2896 legatum
889 2823 991 2894 deberi,
1009 2824 1138 2894 quoniam
1150 2826 1266 2895 pecunia
1278 2825 1350 2882 dotia
1361 2823 1451 2883 effice-

68 2913 126 2964 retur:
141 2914 198 2970 sed⁸
214 2931 276 2970 cum
295 2921 361 2972 ante
379 2915 501 2986 nuptiae,
520 2915 585 2984 quis
602 2931 699 2985 purum
718 2915 839 2984 legatum
857 2919 914 2984 est,
932 2914 989 2984 peti
1006 2917 1112 2984 potest,
1130 2915 1222 2970 cautio
1241 2913 1353 2971 ‘mulieri
1370 2931 1451 2986 pecu·

68 2991 120 3054 'rhu
134 3004 204 3060 reddi'
222 3005 378 3060 necessaria
395 3005 455 3060 erit
481 3005 555 3074 quod
574 3005 597 3059 ei
615 3004 729 3059 maritus
747 3003 814 3058 uitio
833 3018 883 3058 suo
902 3017 987 3057 causa
1004 3002 1133 3058 ceciderit
1151 3019 1240 3074 neque
1258 3004 1389 3062 soluendo
1407 3005 1451 3076 sit,
1471 3014 1498 3056 ιο

67 3092 157 3158 lluqnld
173 3094 303 3150 aduersus
322 3093 449 3150 heredem
469 3093 582 3162 mulieri,
601 3107 672 3162 quae
689 3091 754 3147 nihil
772 3092 895 3161 deliquit,
913 3091 1035 3146 succurri
1053 3091 1154 3148 debeat
1170 3091 1206 3148 ob
1224 3107 1284 3149 eam
1298 3095 1450 3166 pecuniam,

67 3185 113 3239 lili
125 3179 170 3237 doti
183 3181 270 3239 iuerat
282 3184 440 3240 destinata?
466 3182 515 3239 sed
533 3183 661 3252 quonism
675 3180 756 3236 ambo
768 3181 852 3252 legati
864 3180 1023 3250 petitionem
1035 3179 1196 3252 habueruut,
1216 3183 1319 3238 saluam
1331 3182 1451 3255 habebit,

67 3273 101 3317 thr
114 3270 186 3326 soluta
201 3273 319 3344 pecunia
336 3273 404 3342 uiro,
422 3273 519 3327 mulier
536 3272 680 3327 actionem.

32 3339 55 3400 ii
99 3353 154 3415 lons
169 3361 236 3418 libro
254 3367 354 3418 οοιιιιο
371 3361 478 3417 decimo
495 3361 694 3431 quaestionum.
726 3359 794 3414 (lum
812 3359 867 3413 tale
890 3359 1009 3429 legatum
1035 3363 1109 3416 essct
1132 3359 1255 3415 relictum
1275 3357 1451 3446 [ιω-ιο
1469 3365 1496 3421 Ρ

66 3435 124 3500 Tb'so
138 3447 163 3504 'si
183 3449 308 3504 aliberis
331 3465 385 3505 non
404 3449 577 3520 discesserit,
598 3452 770 3519 negauerunt
787 3462 847 3503 eam
866 3453 940 3503 recte
959 3463 1064 3519 cauere,
1083 3449 1148 3519 qnia
1165 3451 1210 3504 nel
1228 3451 1342 3506 mortuis
1359 3449 1451 3506 liberis
1468 3463 1498 3504 ιι

64 3523 118 3598 legali
131 3538 244 3594 ondcic
261 3539 351 3610 possit
367 3539 508 3595 exsistere.
537 3538 586 3594 sed
605 3538 743 3608 displicuit
761 3538 910 3593 sententia:
929 3551 983 3592 nou
1001 3538 1073 3593 enim
1092 3545 1157 3594 uoto
1175 3539 1269 3594 matris
1281 3540 1382 3610 opponi
1394 3545 1449 3595 tarn

46 3619 148 3680 libinose
163 3643 214 3682 non
232 3629 447 3698 interponendae
466 3628 600 3684 cautionis
617 3627 806 3697 interpretatio
824 3626 928 3683 debuit.
955 3627 1071 3682 Etcum
1089 3633 1221 3697 patronus
1238 3627 1335 3684 liberto
1347 3633 1449 3684 certam

63 3714 163 3771 munem
186 3717 319 3788 legasset,
342 3718 366 3773 si
389 3733 407 3772 a
428 3716 521 3772 liberis
538 3716 597 3771 eius
616 3731 670 3772 non
688 3715 873 3786 discessisset,
897 3715 1021 3786 permisit
1037 3717 1185 3788 imperator
1202 3718 1279 3773 uelut
1296 3717 1449 3773 Mucianam

63 3800 173 3860 etitionem
196 3807 301 3862 offerri:
325 3805 377 3862 mit
394 3807 467 3862 enim
484 3806 667 3876 periculosum
686 3821 719 3860 ac
737 3805 815 3860 triete
832 3805 959 3860 libertum
979 3805 1152 3862 coniunctum
1170 3807 1278 3877 patroni
1295 3805 1387 3862 liberis
1405 3821 1449 3862 eo·

45 3883 137 3947 iumen
153 3901 264 3952 mortem
284 3899 453 3965 exspectare.
482 3895 572 3950 Titius
589 3893 717 3950 heredem
736 3895 890 3950 institutum
909 3895 1018 3964 rogauit
1035 3901 1099 3964 poet
1116 3902 1231 3952 mortem
1249 3911 1326 3951 enam
1345 3895 1449 3951 heredi·
1468 3906 1497 3948 ιο

62 3973 116 4034 hcc
130 3986 279 4056 restituere,
298 3987 322 4040 si
340 3983 542 4042 fideicommissi
560 3984 652 4038 cautio
671 3999 726 4039 non
743 3981 841 4038 fuisset
858 3983 953 4054 petita.
985 3983 1125 4039 hiucianee
1143 3985 1277 4040 cautionis
1295 3985 1449 4056 exemplum

4 4089 5 4112 ι
62 4069 101 4120 litt
114 4075 322 4130 comtitutionem
342 4075 472 4130 remissae
491 4073 624 4128 cautionis
643 4073 731 4128 locum
750 4072 852 4128 habere
869 4088 924 4127 non
941 4073 1039 4142 potuit,
1059 4073 1186 4144 quoniam
1205 4074 1270 4130 uiuo
1289 4089 1330 4144 eo,
1349 4073 1393 4130 eui
1408 4089 1449 4130 re-

4 4119 10 4220 i
45 4145 122 4214 'iilud
135 4169 181 4234 est,
198 4165 305 4235 impleri
323 4163 448 4220 condicio
466 4163 564 4233 potuit.
592 4162 662 4228 Quid
677 4177 752 4232 ergo,
772 4163 795 4217 ei
808 4163 847 4217 ita
858 4163 989 4232 scriptum
1003 4163 1052 4217 eit:
1072 4163 1151 4232 peto,
1170 4167 1360 4232 postmortem
1372 4169 1448 4218 tuam

5 4229 10 4354 i
62 4235 156 4306 'mimae
178 4253 358 4310 hereditatem
379 4254 431 4323 ita,
455 4267 489 4308 ne
508 4252 576 4306 satie
593 4249 797 4306 fideicommissi
814 4256 923 4322 petatur
940 4265 1011 4306 neue
1029 4251 1099 4307 rstio
1116 4250 1258 4321 exigatur'.
1288 4253 1347 4308 eine
1364 4251 1449 4308 dubio

62 4339 92 4392 ltl
104 4333 241 4399 huiusmodi
260 4341 345 4400 uerba
361 4357 416 4398 non
434 4339 647 4412 interponendae
665 4339 774 4410 quidem
794 4340 928 4396 cautionis
946 4339 1071 4396 condicio
1088 4339 1227 4396 uidebitur
1244 4339 1389 4412 adtempta,
1407 4357 1449 4396 ra·
1467 4351 1496 4393 ss

5 4415 9 4482 ἰ
62 4413 103 4476 ibi
116 4439 169 4486 lero
185 4447 240 4487 non
257 4430 410 4502 exigendae
428 4429 526 4486 modus
543 4427 690 4498 adhibitus,
712 4429 816 4484 scilicet
833 4434 865 4484 ιιι
882 4429 971 4499 culpa,
989 4443 1044 4484 non
1062 4429 1144 4484 etism
1164 4428 1242 4484 dolus
1260 4429 1391 4485 remissus
1409 4430 1449 4486 in·

62 4503 176 4581 Quum
197 4520 281 4590 idque
300 4521 328 4575 in
346 4521 405 4576 eius
423 4535 542 4590 perenm
548 4559 555 4589 ,
578 4519 626 4588 qui
643 4519 756 4588 negotia
773 4519 860 4588 gessit
877 4517 975 4588 cuique
993 4517 1106 4574 rationis
1124 4517 1280 4574 reddendae
1298 4517 1449 4574 necessitas

62 4607 258 4698 llwusqrox)

63 4707 524 4738 Ἂ-ψ--η--ῃ-..ψ

63 4749 304 4838 'litcstsmentuml
323 4767 359 4823 ad
377 4767 405 4823 id
422 4767 609 4856 testamnto?
680 4767 809 4823 ’causae
827 4767 925 4835 (addit
995 4767 1089 4821 ⁸ants
1108 4767 1283 4838 nuptiantes.

58 4889 262 4966 4ΙιιῐιιιιιΐιῚΡ*
312 4871 610 4966 14Ῑο1ιιιιιιιιιιιιιιιιι
630 4913 705 4964 oerts
757 4911 793 4964 td
811 4913 972 4964 constante
990 4907 1027 4962 F*
1071 4910 1106 4964 23
1125 4909 1245 4980 incapiat
1263 4909 1299 4962 ΡΙ
1347 4909 1382 4963 33
1399 4921 1447 4979 pe·

56 4963 156 5046 imm
175 4979 246 5052 rago]
269 4980 428 5047 annom,
451 4981 487 5037 ao
509 4985 703 5036 momentum
757 4981 865 5037 cunum
885 4979 966 5034 new

54 5047 120 5104 Μ
137 5049 222 5190 kam
242 5049 286 5118 W,
308 5055 473 5110 tenemento
498 5057 575 5110 certa
587 5053 658 5124 lege
683 5054 706 5109 0
1183 5141 1218 5196 13
