3518 5452
279 259 442 328 XXXVIII
462 259 483 325 2
503 263 622 320 41-44
956 251 1043 334 336
1547 275 1593 322 nu
1615 273 1709 323 nouus

278 418 391 485 rogetur
407 429 518 470 seruum
536 413 691 485 proprium,
713 412 761 482 qui
779 412 816 468 sit
833 411 929 468 deoem
947 413 991 468 uel
1010 413 1122 470 minoris
1140 413 1229 484 pratil,
1250 412 1459 470 manumittere?
1486 413 1611 484 Iniquum
1629 417 1672 468 est
1685 419 1711 467 et

277 504 399 574 legatum
417 503 489 559 nelle
505 503 647 573 percipere
665 507 694 557 et
711 500 865 558 libertatem
884 516 966 558 seruo
984 517 1039 558 uon
1057 502 1137 558 dare:
1161 503 1210 557 sed
1228 507 1306 572 parte
1329 501 1424 558 debita
1444 503 1561 572 aoeepta
1578 505 1608 556 et
1625 501 1712 570 legato

278 595 432 663 temperare
449 597 478 647 st
492 591 648 648 llbertatem
665 591 805 662 imponere
817 606 872 646 non
884 591 955 662 eogi,
973 606 1008 646 ne
1026 605 1136 647 seruum
1155 589 1236 659 (forts
1254 591 1290 647 de
1308 607 1338 647 se
1355 592 1427 647 male
1444 590 1584 657 meritum)
1602 593 1713 658 eogaen

278 681 479 736 manumittere.
502 680 569 752 quid
581 695 648 750 erqo
660 680 684 736 ai
697 681 756 736 solo
768 680 865 736 eodem
878 679 979 736 herede
990 679 1116 736 Instituto
1128 680 1200 736 idem
1215 679 1330 736 ilbertus
1346 680 1476 751 petierit?
1499 680 1524 734 si
1536 678 1713 734 substitutum

278 768 399 839 habebit,
418 785 506 840 aeque
524 769 628 826 deereti
645 769 797 825 remedium
815 769 917 840 poterit
933 769 1091 840 presedere,
1110 775 1142 824 ut
1158 775 1274 840 eeoepta
1291 769 1385 825 debita
1401 769 1528 840 portione
1542 771 1637 824 estere
1653 781 1714 836 pars

278 858 316 913 ad
333 857 513 914 substitutum
530 858 675 930 perueniat
692 858 745 929 ita,
769 862 813 928 ut,
837 859 862 914 sl
879 856 950 914 sorte
973 873 1070 914 serum
1093 857 1190 913 redImi
1212 859 1363 929 potuisset,
1385 863 1573 929 praestaretur
1590 855 1714 912 libertas:

279 953 405 1002 eeasante
427 962 493 1004 uero
517 945 711 1002 substitutione
734 951 881 1017 patronum
906 946 1086 1002 hereditatem
1108 945 1199 1003 ilberti
1224 948 1434 1018 empleotentem
1461 951 1584 1019 praetor,
1612 945 1661 1015 qui
1682 944 1715 1000 de

278 1033 490 1092 fideleommiaso
508 1036 659 1105 eognosoit,
677 1035 830 1092 libertatem
849 1051 931 1092 seruo
948 1039 1029 1092 eum¹
1049 1036 1189 1106 imponere
1207 1043 1298 1107 oogat.

220 1117 261 1178 42
331 1124 409 1179 Inuus
425 1123 495 1180 libro
509 1125 595 1182 'tertio
612 1125 719 1181 deeimo
736 1126 938 1195 quaestionum.
966 1125 1075 1196 'lilium
1099 1125 1153 1195 qui.
1164 1126 1235 1195 patri
1252 1125 1332 1181 heres
1350 1126 1469 1195 exstitit,
1488 1123 1541 1181 ira·
1573 1135 1716 1206 Bau—4,-

279 1217 349 1269 trem
367 1213 562 1269 exheredatum
581 1207 728 1284 adrogauit
745 1219 828 1284 atque
846 1215 886 1269 lta
903 1213 1004 1270 herode
1026 1228 1060 1270 eo
1083 1213 1178 1268 relieto
1201 1211 1347 1270 defunetus
1370 1217 1426 1269 est:
1450 1213 1585 1269 bonorum
1609 1227 1716 1283 posses

279 1302 384 1358 donem
402 1301 547 1358 libertum¹
564 1303 651 1372 patris
668 1303 801 1358 naturalia
818 1301 1001 1358 exheredatus
1019 1317 1073 1359 nou
1091 1301 1218 1358 habebit:
1241 1317 1305 1358 uam
1328 1303 1373 1358 eui
1396 1317 1451 1358 nou
1470 1301 1639 1358 exheredato
1657 1301 1717 1356 talis

280 1390 394 1462 adoptio
411 1396 531 1461 nooeret,
550 1405 650 1447 nooere
667 1387 752 1446 debet
769 1389 962 1461 exheredem,
980 1391 1110 1462 quoniam
1127 1406 1231 1462 poena,
1256 1406 1328 1462 quae
1344 1391 1453 1462 legibus
1471 1396 1520 1447 aut
1537 1391 1630 1446 edieto
1648 1391 1718 1447 iuro

279 1485 399 1551 geretur,
418 1479 574 1550 adoptionis
592 1479 713 1535 remedio
731 1494 787 1536 nou
805 1479 1004 1536 obliteraretur.
1032 1479 1151 1535 Pauuus
1169 1485 1261 1536 notat:
1280 1481 1314 1550 el,
1333 1481 1380 1550 qui
1398 1481 1451 1536 alio
1468 1481 1528 1536 iure
1545 1480 1716 1549 uenitquans

280 1583 322 1640 eo,
341 1567 415 1639 quod
433 1568 533 1637 amisit,
552 1583 607 1624 uon
625 1573 707 1624 uooet
723 1568 752 1624 id
770 1567 844 1640 quod
863 1567 996 1638 perdidit,
1015 1568 1065 1623 sed
1083 1568 1197 1638 prodest
1213 1567 1288 1640 quod
1306 1568 1403 1624 habet:
1426 1569 1474 1624 sie
1485 1568 1592 1624 dietum
1611 1573 1656 1623 est
1671 1581 1721 1637 pa·

279 1663 359 1714 bono
377 1655 547 1727 eodemque⁴
563 1663 696 1729 patronae
714 1655 770 1713 lilio
789 1671 844 1713 non
863 1657 976 1726 obesse,
1000 1657 1075 1727 quod
1093 1659 1172 1728 quasi
1190 1664 1323 1728 patronus
1340 1657 1468 1728 deliquit,
1493 1659 1518 1713 sl
1535 1662 1569 1713 nt
1586 1664 1723 1728 patronae

248 1749 261 1794 1
279 1744 352 1803 filius
369 1747 464 1802 uenire
480 1748 578 1817 possit
606 1747 796 1803 Perusinum.
822 1745 1009 1802 Castrensium
1026 1745 1161 1802 bonorum
1180 1747 1284 1802 'litium
1301 1746 1415 1802 libertus
1433 1745 1500 1802 feeit
1517 1745 1659 1815 heredem,
1677 1760 1724 1801 ee-

279 1839 400 1891 terorum
419 1835 514 1891 alium:
534 1836 610 1891 adita
629 1836 639 1904 I
658 1841 702 1892 est
719 1853 737 1890 a
748 1835 822 1890 Titio
839 1833 992 1890 herodios:
1011 1837 1100 1904 magis
1119 1835 1198 1892 nohis
1216 1835 1344 1907 plaoebat
1360 1835 1481 1891 nondum
1497 1840 1645 1904 patronum
1658 1849 1721 1904 pos-

280 1924 430 1980 sessionem
450 1929 545 1980 eontra
561 1923 670 1980 tabulas
687 1930 782 1994 petere
799 1937 890 1994 posse.
918 1937 1013 1978 uerum
1032 1923 1079 1979 illa
1095 1925 1221 1994 quaestio
1239 1925 1394 1994 interuenit,
1413 1941 1449 1980 an
1467 1925 1614 1980 omittente
1628 1939 1662 1979 eo
1673 1927 1719 1992 qm·

280 2013 386 2084 reliqna
401 2012 476 2070 boue
493 2013 600 2083 aoeepit
616 2013 730 2084 perisde
742 2012 816 2068 Titio
835 2012 1004 2083 adoresoant,
1023 2027 1056 2068 ae
1068 2014 1091 2068 si
1103 2019 1197 2083 partes
1215 2013 1339 2069 eiusdem
1357 2013 1519 2068 heredItatia
1535 2014 1714 2084 aooepiasent

280 2103 390 2158 ‘uerius
408 2101 474 2157 mihi
492 2101 600 2158 uidetur
617 2101 741 2157 intestati
758 2102 817 2156 iure
830 2099 929 2156 deterri
942 2100 1016 2156 boue
1026 2107 1126 2158 oetera.
1154 2103 1244 2158 Tltius
1261 2103 1345 2172 igitur
1362 2102 1442 2158 heres
1459 2117 1515 2158 non
1532 2101 1638 2172 poterit
1652 2102 1730 2157 iuni-l

279 2195 340 2247 tare
358 2190 592 2261 manumissorem,
611 2206 674 2246 eum
686 2191 760 2246 TitIo
778 2189 843 2246 nihil
858 2188 1006 2260 auferatur,
1025 2205 1076 2246 neo
1093 2190 1173 2247 bonis
1191 2192 1314 2261 osterim,
1332 2206 1403 2261 quae
1420 2191 1543 2247 noudum
1559 2191 1596 2246 ad
1608 2203 1711 2248 masau

247 2278 262 2324 ²
280 2279 439 2336 testamenti
455 2279 602 2349 pertiuent.
630 2279 699 2335 (lum
717 2277 789 2334 lilius
806 2277 896 2334 liberti
914 2277 1048 2349 impubes,
1067 2280 1114 2350 qui
1132 2279 1272 2336 subieotus
1289 2279 1397 2351 dieitur,
1416 2295 1452 2336 ex
1468 2281 1559 2351 palma
1576 2284 1656 2350 parte
1672 2278 1710 2336 bo

280 2383 376 2424 norum
395 2368 597 2438 possessionem
615 2367 741 2438 aoeipiat,
760 2383 795 2422 an
813 2371 946 2438 petronus
964 2366 1086 2423 defuneti
1097 2369 1299 2438 possessiouem
1312 2369 1437 2439 aeoIpere
1448 2370 1546 2439 poesie,
1564 2369 1710 2439 quaesitum

281 2461 333 2512 eet.
364 2461 394 2511 et
416 2455 475 2511 elne
498 2455 582 2512 dubio
601 2457 647 2526 qui
666 2456 807 2526 sequentis
824 2455 927 2526 gradus
945 2461 1023 2528 suut,
1048 2472 1103 2512 uon
1121 2457 1303 2513 admittuntur
1320 2457 1443 2512 interim:
1468 2471 1531 2512 eum
1551 2457 1625 2512 enlm
1643 2471 1710 2527 pree

281 2545 355 2601 redit
377 2545 431 2600 alia
448 2544 600 2614 possessIo,
623 2545 671 2614 qui
689 2545 813 2615 sequitur
830 2545 953 2614 aeoipeae
972 2561 1026 2602 uon
1043 2549 1145 2616 potest.
1177 2547 1258 2616 plane
1276 2547 1300 2601 si
1317 2551 1413 2602 eontra
1430 2561 1494 2602 eum
1512 2546 1561 2616 qui
1579 2545 1730 2600 subieetmr

281 2633 381 2688 dieitur
402 2631 485 2688 fuerit
507 2633 672 2702 iudioatum,
695 2631 762 2688 date
784 2647 839 2689 nou
861 2632 1037 2704 intellegitur.
1070 2635 1120 2690 aed
1144 2637 1173 2689 et
1194 2635 1223 2690 in
1243 2639 1358 2705 petrono
1376 2634 1513 2704 pendente
1532 2633 1711 2690 oonheuersis

280 2721 353 2778 idem
376 2721 429 2776 erit
452 2721 607 2776 dloeudum.
638 2721 735 2792 iplane
759 2723 834 2792 quod
857 2722 893 2778 ad
916 2723 1024 2792 petroni
1043 2737 1152 2794 quoquo
1169 2737 1313 2792 personam
1332 2725 1466 2794 pertinet,
1490 2722 1594 2779 differri
1613 2727 1711 2778 resne

248 2812 263 2858 8
281 2810 373 2865 uersia
395 2807 515 2865 debebit.
552 2809 581 2866 Si
604 2807 703 2866 salsum
723 2810 814 2867 liberti
830 2815 1028 2867 testamentum
1046 2811 1082 2868 eb
1100 2813 1160 2868 aliis
1179 2814 1207 2867 iu
1225 2811 1366 2882 preuIneia
1384 2812 1488 2868 dietum
1507 2809 1604 2896 [eale
1620 2821 1711 2881 illst

281 2903 365 2968 etque
382 2898 422 2953 ita
439 2913 483 2954 res
500 2912 550 2969 per
567 2898 777 2969 appellationem
795 2905 920 2955 exhaeta
937 2905 1021 2971 esset,
1039 2899 1169 2957 deiuuma
1186 2901 1277 2957 medio
1295 2907 1418 2971 tempore
1431 2885 1712 2972 pmrriffiqmm

279 2985 394 3042 libertus
415 2985 544 3041 heredem
568 2986 737 3058 instituerat,
761 2985 817 3044 filio
840 2987 961 3044 muller-ia
983 2989 1106 3045 seruauit
1127 2989 1209 3045 dinus
1229 2991 1338 3046 Itarous
1361 3005 1422 3046 eam
1445 2995 1553 3061 partem
1576 2989 1730 3057 bonorumi

280 3090 363 3147 quam
381 3073 439 3130 filis
456 3075 563 3145 patroni
580 3075 625 3130 uel
642 3076 701 3132 iure
719 3077 850 3148 intestati
869 3078 893 3134 si
911 3079 1034 3148 uixisset,
1053 3077 1153 3134 hebere
1171 3079 1270 3149 potuIt.

222 3153 263 3214 lt
334 3163 412 3218 Inuus
428 3161 498 3218 libro
516 3167 614 3234 quarto
632 3163 738 3222 deoimo
756 3167 957 3236 quaestionum.
993 3167 1115 3222 Iulianus
1133 3171 1213 3237 putat
1230 3171 1383 3238 patronum,
1402 3168 1449 3238 qui
1467 3168 1543 3223 'litio
1562 3159 1730 3250 [Q.

280 3265 331 3321 pro
349 3255 427 3322 parte
443 3251 557 3308 dimidia
574 3251 670 3309 herede·
686 3253 811 3311 iustituto
829 3255 996 3312 substitutus
1014 3271 1047 3311 eo
1065 3255 1234 3311 deliberante
1252 3255 1385 3311 bonorum
1403 3257 1607 3327 possessiouem
1625 3261 1714 3311 eones

281 3339 390 3395 tabulae
412 3341 533 3411 aoeepit,
557 3341 581 3397 si
604 3347 703 3412 postea
719 3343 743 3397 T
745 3343 810 3398 itius
833 3359 888 3400 uon
907 3345 1005 3400 adierit
1022 3344 1217 3414 hereditatem,
1241 3343 1307 3399 nibil
1324 3345 1365 3414 ei,
1388 3345 1436 3415 qui
1455 3345 1513 3400 adit
1530 3344 1713 3414 hereditatem,

282 3427 442 3499 abstulime,
465 3442 520 3485 non
543 3431 631 3500 magis
654 3446 736 3501 quam
760 3432 785 3487 sl
807 3431 859 3487 sub
877 3433 1038 3488 enndleione
1056 3431 1155 3489 fubset
1172 3434 1323 3488 inatItutus.
1356 3433 1440 3503 lgItnr
1457 3433 1533 3490 Titio
1550 3433 1730 3489 deliberante

280 3531 325 3572 res
347 3517 375 3572 ln
393 3517 498 3574 inserto
516 3519 579 3589 err't,
603 3523 730 3575 unumne
748 3521 831 3576 semla
849 3535 884 3576 er
902 3520 1097 3578 substitutione
1114 3523 1143 3577 iu
1160 3522 1379 3592 possessionem⁸
1397 3527 1576 3578 eonuertetur
1592 3537 1629 3578 au
1645 3521 1715 3577 ‘litio

281 3604 400 3661 adeunte
417 3606 532 3676 siugulis
550 3606 697 3664 heredibus
714 3613 809 3677 partes
827 3608 937 3664 debitae
955 3607 1122 3666 auferantur.

223 3685 263 3744 44
333 3695 452 3751 Psuuus
470 3695 539 3752 libro
557 3697 653 3766 qulnto
672 3697 873 3766 quaestionum.
901 3697 931 3754 Si
948 3703 1094 3768 patronum
1113 3715 1148 3754 ea
1166 3697 1260 3754 dehita
1277 3697 1402 3768 portione
1413 3696 1543 3753 heredem
1562 3692 1715 3783 Q

280 3785 408 3840 instituas
426 3789 455 3838 et
472 3799 540 3854 pure
558 3799 640 3854 roges
657 3782 772 3840 fundam
791 3787 857 3842 dare
875 3788 955 3857 elque
974 3787 1026 3843 sub
1040 3787 1200 3843 eondieione
1211 3785 1374 3843 tantundem
1387 3787 1472 3856 leges,
1490 3787 1518 3841 in
1530 3787 1715 3843 eondiolonem

280 3871 520 3929 fideicommissum
539 3873 680 3943 redigitur.
707 3873 760 3930 erit
777 3879 870 3930 mmeu
888 3881 917 3931 et
934 3875 979 3930 hio
996 3873 1076 3946 quod
1088 3882 1212 3932 moueat:
1229 3873 1387 3931 onerabitur
1404 3876 1477 3931 enim
1495 3881 1628 3945 patronus
1641 3877 1716 3932 satis-

280 3961 390 4018 datione
408 3959 621 4017 fideieommissl.
648 3961 699 4018 aed
717 3961 863 4019 dloeudum
881 3969 925 4020 est
943 3965 978 4020 ab
996 3981 1029 4021 eo
1047 3964 1300 4021 fideieommissario
1312 3964 1480 4034 tenendum,
1500 3980 1517 4019 a
1534 3979 1590 4034 quo
1604 3971 1716 4036 patrono

280 4067 484 4135 absoleti)

282 4229 373 4282 ¹eum
392 4227 439 4282 del.
510 4225 697 4283 ¹libertorum
716 4227 844 4294 (Lmhrli
913 4229 1007 4284 'nam
1026 4229 1071 4284 eui
1088 4243 1144 4285 non
1161 4230 1294 4301 adoptato
1316 4230 1380 4286 tedis
1403 4229 1583 4286 exheredatio
1601 4235 1717 4300 uoueret,

280 4312 380 4354 uooere
398 4295 483 4353 debet
499 4297 631 4368 adoptato
648 4301 778 4364 (similiter
797 4299 950 4368 Oaieeimll
1012 4300 1187 4372 ‘eidemque
1200 4301 1298 4368 ledele?
1360 4304 1419 4356 ‘et
1437 4310 1485 4358 tna.
1548 4304 1632 4357 ‘neo
1649 4303 1719 4358 boue

281 4369 392 4424 estere?
463 4369 611 4425 'Pennus
633 4374 713 4426 notat
736 4378 783 4426 tna.
805 4373 934 4439 (semeleter
958 4371 1090 4440 Calactae)
1160 4375 1231 4428 ⁸ex
1253 4373 1428 4442 possessione
1449 4373 1478 4428 iu
1495 4372 1718 4431 substitutionem

281 4444 317 4506 (ιι.
330 4448 363 4494 ι’..·
382 4439 436 4494 Ad.
449 4439 567 4495 Schmidt
583 4443 599 4495 L
612 4460 634 4497 e.
650 4462 677 4513 p.
689 4441 756 4508 76)?

281 4596 607 4666 lrogetur'ad'seruum
626 4601 664 4654 Ρ
683 4601 689 4666 Ι
709 4599 798 4670 pretio
817 4601 853 4652 l*
907 4601 972 4656 het
1026 4601 1060 4656 15
1082 4601 1248 4671 patron'o'ae
1270 4599 1327 4657 lilio
1350 4601 1387 4656 F’
1451 4604 1484 4657 16
1512 4621 1529 4656 a
1557 4603 1724 4673 papinianus

281 4669 398 4738 alegate
401 4672 429 4742 s
456 4668 630 4725 4herede‘m'
640 4671 678 4724 F’
693 4672 698 4740 Ι
714 4670 924 4726 substitutu‘s'm
936 4673 971 4725 F*
1024 4675 1102 4756 leyen
1122 4681 1212 4744 sucipit
1230 4675 1255 4726 F
1296 4675 1329 4728 11
1348 4673 1526 4728 attitioher.
1547 4675 1586 4728 Ρ
1630 4677 1667 4729 20
1683 4675 1724 4729 iu·

281 4740 316 4794 10
333 4739 550 4809 possessione'm'
564 4741 692 4796 libertum
706 4743 750 4807 Ρ,
768 4743 971 4812 possessionem
1024 4743 1123 4814 artare]
1142 4745 1173 4809 F,
1197 4743 1302 4798 euitare
1326 4743 1482 4810 DEQIGK
1530 4745 1566 4799 21
1592 4746 1655 4816 nee]
1679 4743 1720 4810 11,

280 4809 370 4866 liberti
379 4811 532 4874 DEQIOK
574 4815 608 4866 12
621 4811 705 4868 debet
718 4812 971 4870 exheredati·th
1025 4829 1060 4869 ue
1079 4816 1124 4879 F’,
1142 4813 1336 4880 inDEQIOK
1376 4815 1589 4870 bosemabitF
1628 4818 1664 4872 3³
1679 4816 1721 4870 he

282 4881 378 4938 Graeci
389 4901 439 4937 neu
451 4883 570 4938 uidentur
581 4885 671 4954 lapitas
683 4887 765 4948 aliter,
776 4905 837 4938 nem
850 4893 973 4956 conopia
1025 4884 1091 4940 rede
1109 4885 1136 4937 F
1183 4885 1219 4940 36
1237 4885 1342 4940 ineerta
1361 4886 1399 4938 1³⁶
1413 4887 1419 4955 Ι
1434 4892 1566 4942 utrumne
1585 4888 1670 4942 semis

280 4973 304 5007 ιι.
314 4955 350 5007 10
361 4953 495 5009 bonorum
506 4975 576 5009 ...re
587 4955 622 5006 12
633 4951 800 5010 exheredato
811 4963 884 5010 ceeia
895 4963 972 5010 inter·
1026 4955 1211 5025 conuertatur]
1231 4956 1356 5011 hauddum
1375 4957 1408 5011 τὸ
1426 4958 1508 5028 ιιὲιιοε
1527 4957 1611 5022 siro?
1630 4959 1660 5012 ὲκ
1677 4958 1722 5012 rr'ae

273 5041 339 5096 pree
351 5031 459 5080 satiauit
503 5025 537 5080 13
554 5025 700 5096 psqusF¹
750 5025 784 5081 14
795 5023 923 5082 a'd'mlsit
934 5027 973 5080 1²²
1026 5025 1260 5090 mansuetasse
1279 5029 1305 5084 Β
1322 5029 1434 5096 (Aaou.)
