<?xml version="1.0" encoding="UTF-8"?>
<!DOCTYPE html PUBLIC "-//W3C//DTD XHTML 1.0 Transitional//EN"
    "http://www.w3.org/TR/xhtml1/DTD/xhtml1-transitional.dtd">
<html xmlns="http://www.w3.org/1999/xhtml" xml:lang="en" lang="en">
 <head>
  <title>
</title>
<meta http-equiv="Content-Type" content="text/html;charset=utf-8" />
  <meta name='ocr-system' content='tesseract 3.04.00' />
  <meta name='ocr-capabilities' content='ocr_page ocr_carea ocr_par ocr_line ocrx_word'/>
</head>
<body>
  <div class='ocr_page' id='page_1' title='image "./digestaiustinia00kruegoog_0947.png"; bbox 0 0 4216 5424; ppageno 0'>
   <div class='ocr_carea' id='block_1_1' title="bbox 1140 245 1185 304">
    <p class='ocr_par' dir='ltr' id='par_1_1' title="bbox 1140 245 1185 304">
     <span class='ocr_line' id='line_1_1' title="bbox 1140 245 1185 304; baseline 0 0"><span class='ocrx_word' id='word_1_1' title='bbox 1140 245 1185 304; x_wconf 86' lang='lat' dir='ltr'><strong>vl</strong></span> 
     </span>
    </p>
   </div>
   <div class='ocr_carea' id='block_1_2' title="bbox 409 387 1875 4822">
    <p class='ocr_par' dir='ltr' id='par_1_2' title="bbox 447 387 1874 2330">
     <span class='ocr_line' id='line_1_2' title="bbox 447 387 1868 460; baseline 0 -13"><span class='ocrx_word' id='word_1_2' title='bbox 447 389 509 448; x_wconf 82' lang='lat' dir='ltr'><strong>labri</strong></span> <span class='ocrx_word' id='word_1_3' title='bbox 526 389 652 446; x_wconf 87' lang='lat' dir='ltr'><strong>instituta</strong></span> <span class='ocrx_word' id='word_1_4' title='bbox 668 395 732 460; x_wconf 93' lang='lat' dir='ltr'><strong>post</strong></span> <span class='ocrx_word' id='word_1_5' title='bbox 749 387 895 444; x_wconf 72' lang='lat' dir='ltr'><strong>stabilitam</strong></span> <span class='ocrx_word' id='word_1_6' title='bbox 919 387 1120 459; x_wconf 89' lang='lat' dir='ltr'><strong>quodammodo</strong></span> <span class='ocrx_word' id='word_1_7' title='bbox 1142 387 1287 444; x_wconf 82' lang='lat' dir='ltr'><strong>laetiorem</strong></span> <span class='ocrx_word' id='word_1_8' title='bbox 1310 387 1474 444; x_wconf 85' lang='lat' dir='ltr'><strong>ordinariam</strong></span> <span class='ocrx_word' id='word_1_9' title='bbox 1491 388 1706 455; x_wconf 74' lang='lat' dir='ltr'><strong>Bononiensem)</strong></span> <span class='ocrx_word' id='word_1_10' title='bbox 1730 393 1778 444; x_wconf 85' lang='lat' dir='ltr'><strong>ant</strong></span> <span class='ocrx_word' id='word_1_11' title='bbox 1793 391 1868 447; x_wconf 86' lang='lat' dir='ltr'><strong>errori</strong></span> 
     </span>
     <span class='ocr_line' id='line_1_3' title="bbox 448 477 1869 550; baseline -0.001 -15"><span class='ocrx_word' id='word_1_12' title='bbox 448 479 617 536; x_wconf 86' lang='lat' dir='ltr'><strong>hbrariornm</strong></span> <span class='ocrx_word' id='word_1_13' title='bbox 628 483 691 549; x_wconf 85' lang='lat' dir='ltr'><strong>aut,</strong></span> <span class='ocrx_word' id='word_1_14' title='bbox 710 479 734 534; x_wconf 94' lang='lat' dir='ltr'><strong>si</strong></span> <span class='ocrx_word' id='word_1_15' title='bbox 751 477 860 549; x_wconf 89' lang='lat' dir='ltr'><strong>quando</strong></span> <span class='ocrx_word' id='word_1_16' title='bbox 877 478 1013 548; x_wconf 77' lang='lat' dir='ltr'><strong>propriam</strong></span> <span class='ocrx_word' id='word_1_17' title='bbox 1032 493 1147 549; x_wconf 90' lang='lat' dir='ltr'><strong>eamque</strong></span> <span class='ocrx_word' id='word_1_18' title='bbox 1164 477 1331 548; x_wconf 72' lang='lat' dir='ltr'><strong>probabilem</strong></span> <span class='ocrx_word' id='word_1_19' title='bbox 1348 477 1493 533; x_wconf 73' lang='lat' dir='ltr'><strong>landonem</strong></span> <span class='ocrx_word' id='word_1_20' title='bbox 1510 482 1677 550; x_wconf 75' lang='lat' dir='ltr'><strong>proponunt,</strong></span> <span class='ocrx_word' id='word_1_21' title='bbox 1695 477 1869 535; x_wconf 86' lang='lat' dir='ltr'><strong>emendah&#39;oni</strong></span> 
     </span>
     <span class='ocr_line' id='line_1_4' title="bbox 448 566 1871 638; baseline 0.001 -14"><span class='ocrx_word' id='word_1_22' title='bbox 448 573 477 624; x_wconf 90' lang='lat' dir='ltr'><strong>et</strong></span> <span class='ocrx_word' id='word_1_23' title='bbox 499 568 685 624; x_wconf 87' lang='lat' dir='ltr'><strong>oonieetnrae:</strong></span> <span class='ocrx_word' id='word_1_24' title='bbox 709 583 777 638; x_wconf 89' lang='lat' dir='ltr'><strong>quas</strong></span> <span class='ocrx_word' id='word_1_25' title='bbox 801 568 971 624; x_wconf 85' lang='lat' dir='ltr'><strong>eonieetmras</strong></span> <span class='ocrx_word' id='word_1_26' title='bbox 993 569 1119 638; x_wconf 89' lang='lat' dir='ltr'><strong>antiquas</strong></span> <span class='ocrx_word' id='word_1_27' title='bbox 1143 567 1191 622; x_wconf 93' lang='lat' dir='ltr'><strong>uhi</strong></span> <span class='ocrx_word' id='word_1_28' title='bbox 1214 568 1242 622; x_wconf 91' lang='lat' dir='ltr'><strong>in</strong></span> <span class='ocrx_word' id='word_1_29' title='bbox 1264 567 1333 623; x_wconf 94' lang='lat' dir='ltr'><strong>libro</strong></span> <span class='ocrx_word' id='word_1_30' title='bbox 1356 568 1459 638; x_wconf 87' lang='lat' dir='ltr'><strong>seripto</strong></span> <span class='ocrx_word' id='word_1_31' title='bbox 1482 569 1598 638; x_wconf 79' lang='lat' dir='ltr'><strong>offendi,</strong></span> <span class='ocrx_word' id='word_1_32' title='bbox 1620 569 1730 624; x_wconf 76' lang='lat' dir='ltr'><strong>nomme</strong></span> <span class='ocrx_word' id='word_1_33' title='bbox 1748 566 1871 626; x_wconf 82' lang='lat' dir='ltr'><strong>hbrnrun</strong></span> 
     </span>
     <span class='ocr_line' id='line_1_5' title="bbox 448 655 1871 728; baseline 0.001 -16"><span class='ocrx_word' id='word_1_34' title='bbox 448 656 612 712; x_wconf 73' lang='lat' dir='ltr'><strong>deteriorum</strong></span> <span class='ocrx_word' id='word_1_35' title='bbox 631 659 729 724; x_wconf 56' lang='lat' dir='ltr'><strong>(deust)</strong></span> <span class='ocrx_word' id='word_1_36' title='bbox 747 657 864 726; x_wconf 88' lang='lat' dir='ltr'><strong>allegare</strong></span> <span class='ocrx_word' id='word_1_37' title='bbox 883 657 970 726; x_wconf 90' lang='lat' dir='ltr'><strong>soleo,</strong></span> <span class='ocrx_word' id='word_1_38' title='bbox 995 655 1043 712; x_wconf 92' lang='lat' dir='ltr'><strong>nbi</strong></span> <span class='ocrx_word' id='word_1_39' title='bbox 1059 657 1088 712; x_wconf 89' lang='lat' dir='ltr'><strong>in</strong></span> <span class='ocrx_word' id='word_1_40' title='bbox 1105 655 1173 712; x_wconf 81' lang='lat' dir='ltr'><strong>labro</strong></span> <span class='ocrx_word' id='word_1_41' title='bbox 1191 655 1279 726; x_wconf 90' lang='lat' dir='ltr'><strong>edito,</strong></span> <span class='ocrx_word' id='word_1_42' title='bbox 1303 655 1437 712; x_wconf 76' lang='lat' dir='ltr'><strong>editiones</strong></span> <span class='ocrx_word' id='word_1_43' title='bbox 1454 658 1534 726; x_wconf 79' lang='lat' dir='ltr'><strong>(edd)</strong></span> <span class='ocrx_word' id='word_1_44' title='bbox 1551 659 1615 714; x_wconf 87' lang='lat' dir='ltr'><strong>eite.</strong></span> <span class='ocrx_word' id='word_1_45' title='bbox 1643 658 1701 714; x_wconf 87' lang='lat' dir='ltr'><strong>seio</strong></span> <span class='ocrx_word' id='word_1_46' title='bbox 1719 657 1794 728; x_wconf 90' lang='lat' dir='ltr'><strong>apud</strong></span> <span class='ocrx_word' id='word_1_47' title='bbox 1809 658 1871 713; x_wconf 90' lang='lat' dir='ltr'><strong>iuris</strong></span> 
     </span>
     <span class='ocr_line' id='line_1_6' title="bbox 448 744 1872 818; baseline 0 -16"><span class='ocrx_word' id='word_1_48' title='bbox 448 747 605 818; x_wconf 86' lang='lat' dir='ltr'><strong>prudentes,</strong></span> <span class='ocrx_word' id='word_1_49' title='bbox 623 761 738 816; x_wconf 91' lang='lat' dir='ltr'><strong>quorum</strong></span> <span class='ocrx_word' id='word_1_50' title='bbox 749 745 830 802; x_wconf 92' lang='lat' dir='ltr'><strong>hodie</strong></span> <span class='ocrx_word' id='word_1_51' title='bbox 841 745 989 800; x_wconf 74' lang='lat' dir='ltr'><strong>sustentas</strong></span> <span class='ocrx_word' id='word_1_52' title='bbox 1001 744 1113 815; x_wconf 89' lang='lat' dir='ltr'><strong>obtinet,</strong></span> <span class='ocrx_word' id='word_1_53' title='bbox 1131 745 1191 802; x_wconf 90' lang='lat' dir='ltr'><strong>eius</strong></span> <span class='ocrx_word' id='word_1_54' title='bbox 1203 746 1311 815; x_wconf 87' lang='lat' dir='ltr'><strong>generis</strong></span> <span class='ocrx_word' id='word_1_55' title='bbox 1322 745 1406 802; x_wconf 88' lang='lat' dir='ltr'><strong>libros</strong></span> <span class='ocrx_word' id='word_1_56' title='bbox 1417 745 1529 802; x_wconf 89' lang='lat' dir='ltr'><strong>mirilioe</strong></span> <span class='ocrx_word' id='word_1_57' title='bbox 1546 747 1662 818; x_wconf 89' lang='lat' dir='ltr'><strong>suspioi:</strong></span> <span class='ocrx_word' id='word_1_58' title='bbox 1682 759 1772 815; x_wconf 89' lang='lat' dir='ltr'><strong>neque</strong></span> <span class='ocrx_word' id='word_1_59' title='bbox 1784 749 1872 802; x_wconf 65' lang='lat' dir='ltr'><strong>umen</strong></span> 
     </span>
     <span class='ocr_line' id='line_1_7' title="bbox 448 834 1873 906; baseline 0.001 -15"><span class='ocrx_word' id='word_1_60' title='bbox 448 835 523 906; x_wconf 87' lang='lat' dir='ltr'><strong>apud</strong></span> <span class='ocrx_word' id='word_1_61' title='bbox 545 851 709 905; x_wconf 89' lang='lat' dir='ltr'><strong>quemquam</strong></span> <span class='ocrx_word' id='word_1_62' title='bbox 733 849 826 890; x_wconf 88' lang='lat' dir='ltr'><strong>eorum</strong></span> <span class='ocrx_word' id='word_1_63' title='bbox 850 835 1024 904; x_wconf 85' lang='lat' dir='ltr'><strong>explanatum</strong></span> <span class='ocrx_word' id='word_1_64' title='bbox 1047 834 1117 904; x_wconf 92' lang='lat' dir='ltr'><strong>uidi,</strong></span> <span class='ocrx_word' id='word_1_65' title='bbox 1146 850 1195 890; x_wconf 89' lang='lat' dir='ltr'><strong>eur</strong></span> <span class='ocrx_word' id='word_1_66' title='bbox 1222 835 1317 890; x_wconf 91' lang='lat' dir='ltr'><strong>audire</strong></span> <span class='ocrx_word' id='word_1_67' title='bbox 1339 835 1436 890; x_wconf 89' lang='lat' dir='ltr'><strong>malint</strong></span> <span class='ocrx_word' id='word_1_68' title='bbox 1457 836 1503 906; x_wconf 90' lang='lat' dir='ltr'><strong>qui</strong></span> <span class='ocrx_word' id='word_1_69' title='bbox 1528 841 1677 892; x_wconf 76' lang='lat' dir='ltr'><strong>amarunt</strong></span> <span class='ocrx_word' id='word_1_70' title='bbox 1697 835 1787 906; x_wconf 81' lang='lat' dir='ltr'><strong>petias</strong></span> <span class='ocrx_word' id='word_1_71' title='bbox 1809 834 1873 892; x_wconf 82' lang='lat' dir='ltr'><strong>istas</strong></span> 
     </span>
     <span class='ocr_line' id='line_1_8' title="bbox 447 923 1872 996; baseline 0 -16"><span class='ocrx_word' id='word_1_72' title='bbox 447 926 634 980; x_wconf 89' lang='lat' dir='ltr'><strong>Bononienses</strong></span> <span class='ocrx_word' id='word_1_73' title='bbox 652 925 752 994; x_wconf 90' lang='lat' dir='ltr'><strong>quique</strong></span> <span class='ocrx_word' id='word_1_74' title='bbox 769 923 868 978; x_wconf 89' lang='lat' dir='ltr'><strong>deinde</strong></span> <span class='ocrx_word' id='word_1_75' title='bbox 886 923 997 978; x_wconf 85' lang='lat' dir='ltr'><strong>easdem</strong></span> <span class='ocrx_word' id='word_1_76' title='bbox 1015 925 1102 994; x_wconf 91' lang='lat' dir='ltr'><strong>petias</strong></span> <span class='ocrx_word' id='word_1_77' title='bbox 1125 923 1277 996; x_wconf 85' lang='lat' dir='ltr'><strong>typothetis</strong></span> <span class='ocrx_word' id='word_1_78' title='bbox 1299 924 1471 980; x_wconf 85' lang='lat' dir='ltr'><strong>tradiderunt</strong></span> <span class='ocrx_word' id='word_1_79' title='bbox 1493 939 1575 994; x_wconf 87' lang='lat' dir='ltr'><strong>quarn</strong></span> <span class='ocrx_word' id='word_1_80' title='bbox 1598 924 1697 980; x_wconf 89' lang='lat' dir='ltr'><strong>hhrum</strong></span> <span class='ocrx_word' id='word_1_81' title='bbox 1714 941 1771 980; x_wconf 91' lang='lat' dir='ltr'><strong>nnn</strong></span> <span class='ocrx_word' id='word_1_82' title='bbox 1787 924 1872 980; x_wconf 86' lang='lat' dir='ltr'><strong>dieam</strong></span> 
     </span>
     <span class='ocr_line' id='line_1_9' title="bbox 447 1011 1873 1084; baseline 0 -14"><span class='ocrx_word' id='word_1_83' title='bbox 447 1013 645 1084; x_wconf 76' lang='lat' dir='ltr'><strong>Florentinum,</strong></span> <span class='ocrx_word' id='word_1_84' title='bbox 669 1019 699 1068; x_wconf 91' lang='lat' dir='ltr'><strong>at</strong></span> <span class='ocrx_word' id='word_1_85' title='bbox 721 1017 795 1068; x_wconf 85' lang='lat' dir='ltr'><strong>uerte</strong></span> <span class='ocrx_word' id='word_1_86' title='bbox 812 1013 964 1068; x_wconf 86' lang='lat' dir='ltr'><strong>Parisinum</strong></span> <span class='ocrx_word' id='word_1_87' title='bbox 986 1011 1183 1070; x_wconf 87' lang='lat' dir='ltr'><strong>Uatieanumue</strong></span> <span class='ocrx_word' id='word_1_88' title='bbox 1208 1012 1315 1068; x_wconf 92' lang='lat' dir='ltr'><strong>duobus</strong></span> <span class='ocrx_word' id='word_1_89' title='bbox 1335 1013 1475 1070; x_wconf 87' lang='lat' dir='ltr'><strong>minimum</strong></span> <span class='ocrx_word' id='word_1_90' title='bbox 1499 1015 1617 1070; x_wconf 88' lang='lat' dir='ltr'><strong>saeenlis</strong></span> <span class='ocrx_word' id='word_1_91' title='bbox 1639 1015 1798 1070; x_wconf 79' lang='lat' dir='ltr'><strong>anteriores</strong></span> <span class='ocrx_word' id='word_1_92' title='bbox 1824 1029 1873 1070; x_wconf 87' lang='lat' dir='ltr'><strong>nee</strong></span> 
     </span>
     <span class='ocr_line' id='line_1_10' title="bbox 448 1101 1873 1172; baseline -0.001 -12"><span class='ocrx_word' id='word_1_93' title='bbox 448 1103 536 1172; x_wconf 89' lang='lat' dir='ltr'><strong>magis</strong></span> <span class='ocrx_word' id='word_1_94' title='bbox 559 1103 641 1158; x_wconf 91' lang='lat' dir='ltr'><strong>ullam</strong></span> <span class='ocrx_word' id='word_1_95' title='bbox 663 1101 805 1158; x_wconf 74' lang='lat' dir='ltr'><strong>lethonem</strong></span> <span class='ocrx_word' id='word_1_96' title='bbox 830 1103 939 1156; x_wconf 70' lang='lat' dir='ltr'><strong>absum</strong></span> <span class='ocrx_word' id='word_1_97' title='bbox 964 1101 1020 1156; x_wconf 91' lang='lat' dir='ltr'><strong>uidi</strong></span> <span class='ocrx_word' id='word_1_98' title='bbox 1043 1102 1102 1158; x_wconf 90' lang='lat' dir='ltr'><strong>sine</strong></span> <span class='ocrx_word' id='word_1_99' title='bbox 1124 1117 1160 1158; x_wconf 84' lang='lat' dir='ltr'><strong>ex</strong></span> <span class='ocrx_word' id='word_1_100' title='bbox 1182 1101 1250 1160; x_wconf 91' lang='lat' dir='ltr'><strong>libro</strong></span> <span class='ocrx_word' id='word_1_101' title='bbox 1274 1118 1335 1158; x_wconf 87' lang='lat' dir='ltr'><strong>enm</strong></span> <span class='ocrx_word' id='word_1_102' title='bbox 1358 1103 1451 1172; x_wconf 89' lang='lat' dir='ltr'><strong>glossa</strong></span> <span class='ocrx_word' id='word_1_103' title='bbox 1474 1103 1610 1159; x_wconf 88' lang='lat' dir='ltr'><strong>ordinaria</strong></span> <span class='ocrx_word' id='word_1_104' title='bbox 1632 1105 1693 1160; x_wconf 90' lang='lat' dir='ltr'><strong>siue</strong></span> <span class='ocrx_word' id='word_1_105' title='bbox 1716 1118 1753 1159; x_wconf 88' lang='lat' dir='ltr'><strong>ex</strong></span> <span class='ocrx_word' id='word_1_106' title='bbox 1770 1102 1873 1159; x_wconf 83' lang='lat' dir='ltr'><strong>Kobur-</strong></span> 
     </span>
     <span class='ocr_line' id='line_1_11' title="bbox 447 1190 1873 1263; baseline 0.001 -17"><span class='ocrx_word' id='word_1_107' title='bbox 447 1191 566 1262; x_wconf 88' lang='lat' dir='ltr'><strong>gerianis</strong></span> <span class='ocrx_word' id='word_1_108' title='bbox 584 1192 636 1246; x_wconf 92' lang='lat' dir='ltr'><strong>illis</strong></span> <span class='ocrx_word' id='word_1_109' title='bbox 654 1196 683 1246; x_wconf 93' lang='lat' dir='ltr'><strong>et</strong></span> <span class='ocrx_word' id='word_1_110' title='bbox 699 1190 868 1246; x_wconf 88' lang='lat' dir='ltr'><strong>Iensouianis</strong></span> <span class='ocrx_word' id='word_1_111' title='bbox 886 1195 915 1246; x_wconf 90' lang='lat' dir='ltr'><strong>et</strong></span> <span class='ocrx_word' id='word_1_112' title='bbox 927 1191 1143 1259; x_wconf 83' lang='lat' dir='ltr'><strong>Ragaazonianis</strong></span> <span class='ocrx_word' id='word_1_113' title='bbox 1160 1191 1325 1248; x_wconf 74' lang='lat' dir='ltr'><strong>editionibus</strong></span> <span class='ocrx_word' id='word_1_114' title='bbox 1342 1193 1388 1248; x_wconf 92' lang='lat' dir='ltr'><strong>uel</strong></span> <span class='ocrx_word' id='word_1_115' title='bbox 1405 1191 1475 1248; x_wconf 87' lang='lat' dir='ltr'><strong>adeo</strong></span> <span class='ocrx_word' id='word_1_116' title='bbox 1491 1207 1528 1248; x_wconf 86' lang='lat' dir='ltr'><strong>ex</strong></span> <span class='ocrx_word' id='word_1_117' title='bbox 1545 1193 1605 1263; x_wconf 93' lang='lat' dir='ltr'><strong>ipso</strong></span> <span class='ocrx_word' id='word_1_118' title='bbox 1622 1192 1788 1262; x_wconf 88' lang='lat' dir='ltr'><strong>lIaloandro‚</strong></span> <span class='ocrx_word' id='word_1_119' title='bbox 1805 1207 1873 1263; x_wconf 90' lang='lat' dir='ltr'><strong>quae</strong></span> 
     </span>
     <span class='ocr_line' id='line_1_12' title="bbox 448 1279 1873 1352; baseline 0.001 -16"><span class='ocrx_word' id='word_1_120' title='bbox 448 1280 523 1350; x_wconf 90' lang='lat' dir='ltr'><strong>apud</strong></span> <span class='ocrx_word' id='word_1_121' title='bbox 535 1281 701 1350; x_wconf 87' lang='lat' dir='ltr'><strong>antiqrriores</strong></span> <span class='ocrx_word' id='word_1_122' title='bbox 712 1297 766 1336; x_wconf 92' lang='lat' dir='ltr'><strong>non</strong></span> <span class='ocrx_word' id='word_1_123' title='bbox 777 1279 928 1350; x_wconf 89' lang='lat' dir='ltr'><strong>reperiatur</strong></span> <span class='ocrx_word' id='word_1_124' title='bbox 939 1295 1027 1350; x_wconf 89' lang='lat' dir='ltr'><strong>neque</strong></span> <span class='ocrx_word' id='word_1_125' title='bbox 1039 1287 1115 1336; x_wconf 90' lang='lat' dir='ltr'><strong>oerta</strong></span> <span class='ocrx_word' id='word_1_126' title='bbox 1126 1281 1230 1336; x_wconf 88' lang='lat' dir='ltr'><strong>ratione</strong></span> <span class='ocrx_word' id='word_1_127' title='bbox 1242 1285 1381 1352; x_wconf 87' lang='lat' dir='ltr'><strong>repetetur</strong></span> <span class='ocrx_word' id='word_1_128' title='bbox 1392 1285 1440 1336; x_wconf 90' lang='lat' dir='ltr'><strong>aut</strong></span> <span class='ocrx_word' id='word_1_129' title='bbox 1451 1297 1485 1336; x_wconf 86' lang='lat' dir='ltr'><strong>ex</strong></span> <span class='ocrx_word' id='word_1_130' title='bbox 1501 1295 1593 1337; x_wconf 87' lang='lat' dir='ltr'><strong>errore</strong></span> <span class='ocrx_word' id='word_1_131' title='bbox 1609 1280 1712 1338; x_wconf 90' lang='lat' dir='ltr'><strong>librarii</strong></span> <span class='ocrx_word' id='word_1_132' title='bbox 1729 1281 1873 1338; x_wconf 73' lang='lat' dir='ltr'><strong>effimriaus</strong></span> 
     </span>
     <span class='ocr_line' id='line_1_13' title="bbox 448 1367 1872 1442; baseline 0.001 -18"><span class='ocrx_word' id='word_1_133' title='bbox 448 1375 497 1424; x_wconf 90' lang='lat' dir='ltr'><strong>ant</strong></span> <span class='ocrx_word' id='word_1_134' title='bbox 513 1384 548 1424; x_wconf 86' lang='lat' dir='ltr'><strong>ex</strong></span> <span class='ocrx_word' id='word_1_135' title='bbox 565 1369 762 1424; x_wconf 77' lang='lat' dir='ltr'><strong>emendatione.</strong></span> <span class='ocrx_word' id='word_1_136' title='bbox 791 1368 865 1440; x_wconf 91' lang='lat' dir='ltr'><strong>quod</strong></span> <span class='ocrx_word' id='word_1_137' title='bbox 877 1369 900 1424; x_wconf 90' lang='lat' dir='ltr'><strong>si</strong></span> <span class='ocrx_word' id='word_1_138' title='bbox 912 1369 957 1438; x_wconf 92' lang='lat' dir='ltr'><strong>qui</strong></span> <span class='ocrx_word' id='word_1_139' title='bbox 971 1367 1170 1440; x_wconf 87' lang='lat' dir='ltr'><strong>improbabunt,</strong></span> <span class='ocrx_word' id='word_1_140' title='bbox 1189 1385 1283 1426; x_wconf 90' lang='lat' dir='ltr'><strong>eorum</strong></span> <span class='ocrx_word' id='word_1_141' title='bbox 1296 1377 1339 1425; x_wconf 91' lang='lat' dir='ltr'><strong>est</strong></span> <span class='ocrx_word' id='word_1_142' title='bbox 1350 1371 1514 1426; x_wconf 67' lang='lat' dir='ltr'><strong>sonnatium</strong></span> <span class='ocrx_word' id='word_1_143' title='bbox 1528 1370 1627 1426; x_wconf 87' lang='lat' dir='ltr'><strong>dooere</strong></span> <span class='ocrx_word' id='word_1_144' title='bbox 1640 1376 1668 1425; x_wconf 89' lang='lat' dir='ltr'><strong>et</strong></span> <span class='ocrx_word' id='word_1_145' title='bbox 1679 1369 1872 1442; x_wconf 80' lang='lat' dir='ltr'><strong>demonstrare,</strong></span> 
     </span>
     <span class='ocr_line' id='line_1_14' title="bbox 448 1457 1873 1530; baseline 0.002 -18"><span class='ocrx_word' id='word_1_146' title='bbox 448 1458 557 1528; x_wconf 91' lang='lat' dir='ltr'><strong>quinam</strong></span> <span class='ocrx_word' id='word_1_147' title='bbox 581 1473 617 1514; x_wconf 90' lang='lat' dir='ltr'><strong>ex</strong></span> <span class='ocrx_word' id='word_1_148' title='bbox 639 1457 754 1514; x_wconf 87' lang='lat' dir='ltr'><strong>librariis</strong></span> <span class='ocrx_word' id='word_1_149' title='bbox 778 1457 963 1514; x_wconf 88' lang='lat' dir='ltr'><strong>editoribusne</strong></span> <span class='ocrx_word' id='word_1_150' title='bbox 986 1457 1038 1514; x_wconf 91' lang='lat' dir='ltr'><strong>illis</strong></span> <span class='ocrx_word' id='word_1_151' title='bbox 1056 1457 1177 1513; x_wconf 86' lang='lat' dir='ltr'><strong>tudinem</strong></span> <span class='ocrx_word' id='word_1_152' title='bbox 1196 1465 1293 1514; x_wconf 83' lang='lat' dir='ltr'><strong>neotus</strong></span> <span class='ocrx_word' id='word_1_153' title='bbox 1316 1457 1353 1514; x_wconf 89' lang='lat' dir='ltr'><strong>sit</strong></span> <span class='ocrx_word' id='word_1_154' title='bbox 1375 1457 1410 1514; x_wconf 91' lang='lat' dir='ltr'><strong>ab</strong></span> <span class='ocrx_word' id='word_1_155' title='bbox 1432 1460 1466 1515; x_wconf 90' lang='lat' dir='ltr'><strong>iis</strong></span> <span class='ocrx_word' id='word_1_156' title='bbox 1486 1459 1586 1530; x_wconf 78' lang='lat' dir='ltr'><strong>quibus</strong></span> <span class='ocrx_word' id='word_1_157' title='bbox 1609 1459 1700 1514; x_wconf 88' lang='lat' dir='ltr'><strong>adhue</strong></span> <span class='ocrx_word' id='word_1_158' title='bbox 1717 1460 1821 1515; x_wconf 89' lang='lat' dir='ltr'><strong>utimur</strong></span> <span class='ocrx_word' id='word_1_159' title='bbox 1836 1459 1873 1516; x_wconf 89' lang='lat' dir='ltr'><strong>di·</strong></span> 
     </span>
     <span class='ocr_line' id='line_1_15' title="bbox 448 1545 1874 1619; baseline -0.001 -17"><span class='ocrx_word' id='word_1_160' title='bbox 448 1562 558 1602; x_wconf 87' lang='lat' dir='ltr'><strong>uersum</strong></span> <span class='ocrx_word' id='word_1_161' title='bbox 577 1546 694 1616; x_wconf 84' lang='lat' dir='ltr'><strong>indeque</strong></span> <span class='ocrx_word' id='word_1_162' title='bbox 712 1546 880 1616; x_wconf 89' lang='lat' dir='ltr'><strong>digestorum</strong></span> <span class='ocrx_word' id='word_1_163' title='bbox 899 1545 985 1602; x_wconf 89' lang='lat' dir='ltr'><strong>uerba</strong></span> <span class='ocrx_word' id='word_1_164' title='bbox 1001 1546 1159 1602; x_wconf 83' lang='lat' dir='ltr'><strong>emendarit</strong></span> <span class='ocrx_word' id='word_1_165' title='bbox 1187 1547 1237 1604; x_wconf 91' lang='lat' dir='ltr'><strong>sed</strong></span> <span class='ocrx_word' id='word_1_166' title='bbox 1255 1555 1347 1604; x_wconf 70' lang='lat' dir='ltr'><strong>umen</strong></span> <span class='ocrx_word' id='word_1_167' title='bbox 1364 1563 1399 1604; x_wconf 92' lang='lat' dir='ltr'><strong>ue</strong></span> <span class='ocrx_word' id='word_1_168' title='bbox 1416 1549 1529 1604; x_wconf 86' lang='lat' dir='ltr'><strong>nimium</strong></span> <span class='ocrx_word' id='word_1_169' title='bbox 1541 1549 1693 1619; x_wconf 89' lang='lat' dir='ltr'><strong>sumpsisse</strong></span> <span class='ocrx_word' id='word_1_170' title='bbox 1705 1547 1773 1602; x_wconf 92' lang='lat' dir='ltr'><strong>mihi</strong></span> <span class='ocrx_word' id='word_1_171' title='bbox 1783 1546 1874 1602; x_wconf 77' lang='lat' dir='ltr'><strong>uidem</strong></span> 
     </span>
     <span class='ocr_line' id='line_1_16' title="bbox 448 1633 1872 1708; baseline -0.001 -16"><span class='ocrx_word' id='word_1_172' title='bbox 448 1634 575 1704; x_wconf 83' lang='lat' dir='ltr'><strong>(tortasse</strong></span> <span class='ocrx_word' id='word_1_173' title='bbox 597 1637 684 1706; x_wconf 89' lang='lat' dir='ltr'><strong>euim,</strong></span> <span class='ocrx_word' id='word_1_174' title='bbox 707 1651 742 1692; x_wconf 89' lang='lat' dir='ltr'><strong>ea</strong></span> <span class='ocrx_word' id='word_1_175' title='bbox 765 1651 820 1705; x_wconf 91' lang='lat' dir='ltr'><strong>quo</strong></span> <span class='ocrx_word' id='word_1_176' title='bbox 843 1635 909 1690; x_wconf 86' lang='lat' dir='ltr'><strong>iuris</strong></span> <span class='ocrx_word' id='word_1_177' title='bbox 933 1635 1116 1694; x_wconf 77' lang='lat' dir='ltr'><strong>consultorum</strong></span> <span class='ocrx_word' id='word_1_178' title='bbox 1140 1641 1231 1692; x_wconf 74' lang='lat' dir='ltr'><strong>raama</strong></span> <span class='ocrx_word' id='word_1_179' title='bbox 1254 1633 1364 1694; x_wconf 85' lang='lat' dir='ltr'><strong>deserui</strong></span> <span class='ocrx_word' id='word_1_180' title='bbox 1381 1641 1409 1693; x_wconf 89' lang='lat' dir='ltr'><strong>et</strong></span> <span class='ocrx_word' id='word_1_181' title='bbox 1425 1637 1528 1693; x_wconf 86' lang='lat' dir='ltr'><strong>eontuli</strong></span> <span class='ocrx_word' id='word_1_182' title='bbox 1544 1653 1588 1692; x_wconf 91' lang='lat' dir='ltr'><strong>me</strong></span> <span class='ocrx_word' id='word_1_183' title='bbox 1606 1637 1643 1692; x_wconf 87' lang='lat' dir='ltr'><strong>ad</strong></span> <span class='ocrx_word' id='word_1_184' title='bbox 1660 1636 1814 1708; x_wconf 91' lang='lat' dir='ltr'><strong>philologos</strong></span> <span class='ocrx_word' id='word_1_185' title='bbox 1830 1635 1872 1692; x_wconf 83' lang='lat' dir='ltr'><strong>ho</strong></span> 
     </span>
     <span class='ocr_line' id='line_1_17' title="bbox 448 1723 1873 1796; baseline -0.002 -15"><span class='ocrx_word' id='word_1_186' title='bbox 448 1725 535 1782; x_wconf 87' lang='lat' dir='ltr'><strong>mines</strong></span> <span class='ocrx_word' id='word_1_187' title='bbox 553 1725 719 1796; x_wconf 81' lang='lat' dir='ltr'><strong>suspiriosos</strong></span> <span class='ocrx_word' id='word_1_188' title='bbox 738 1730 766 1780; x_wconf 91' lang='lat' dir='ltr'><strong>et</strong></span> <span class='ocrx_word' id='word_1_189' title='bbox 782 1725 910 1782; x_wconf 89' lang='lat' dir='ltr'><strong>librorum</strong></span> <span class='ocrx_word' id='word_1_190' title='bbox 930 1725 1098 1782; x_wconf 90' lang='lat' dir='ltr'><strong>nouioiorurn</strong></span> <span class='ocrx_word' id='word_1_191' title='bbox 1116 1723 1197 1780; x_wconf 90' lang='lat' dir='ltr'><strong>hodie</strong></span> <span class='ocrx_word' id='word_1_192' title='bbox 1215 1724 1272 1781; x_wconf 90' lang='lat' dir='ltr'><strong>l&#39;ere</strong></span> <span class='ocrx_word' id='word_1_193' title='bbox 1284 1731 1492 1796; x_wconf 82' lang='lat' dir='ltr'><strong>contempteres,</strong></span> <span class='ocrx_word' id='word_1_194' title='bbox 1510 1725 1636 1782; x_wconf 80' lang='lat' dir='ltr'><strong>inhabilia</strong></span> <span class='ocrx_word' id='word_1_195' title='bbox 1654 1725 1746 1782; x_wconf 82' lang='lat' dir='ltr'><strong>faetus</strong></span> <span class='ocrx_word' id='word_1_196' title='bbox 1764 1739 1824 1780; x_wconf 85' lang='lat' dir='ltr'><strong>suan</strong></span> <span class='ocrx_word' id='word_1_197' title='bbox 1841 1724 1873 1778; x_wconf 94' lang='lat' dir='ltr'><strong>ad</strong></span> 
     </span>
     <span class='ocr_line' id='line_1_18' title="bbox 448 1813 1872 1886; baseline -0.001 -16"><span class='ocrx_word' id='word_1_198' title='bbox 448 1814 528 1870; x_wconf 90' lang='lat' dir='ltr'><strong>iatius</strong></span> <span class='ocrx_word' id='word_1_199' title='bbox 546 1814 654 1884; x_wconf 74' lang='lat' dir='ltr'><strong>genens</strong></span> <span class='ocrx_word' id='word_1_200' title='bbox 672 1814 815 1870; x_wconf 80' lang='lat' dir='ltr'><strong>thesauros</strong></span> <span class='ocrx_word' id='word_1_201' title='bbox 832 1817 907 1870; x_wconf 89' lang='lat' dir='ltr'><strong>reete</strong></span> <span class='ocrx_word' id='word_1_202' title='bbox 925 1813 1130 1884; x_wconf 87' lang='lat' dir='ltr'><strong>aestimandos),</strong></span> <span class='ocrx_word' id='word_1_203' title='bbox 1148 1813 1176 1870; x_wconf 92' lang='lat' dir='ltr'><strong>in</strong></span> <span class='ocrx_word' id='word_1_204' title='bbox 1194 1814 1381 1872; x_wconf 87' lang='lat' dir='ltr'><strong>additamento</strong></span> <span class='ocrx_word' id='word_1_205' title='bbox 1397 1817 1479 1872; x_wconf 86' lang='lat' dir='ltr'><strong>tertio</strong></span> <span class='ocrx_word' id='word_1_206' title='bbox 1497 1816 1654 1886; x_wconf 71' lang='lat' dir='ltr'><strong>speciminis</strong></span> <span class='ocrx_word' id='word_1_207' title='bbox 1671 1829 1758 1870; x_wconf 87' lang='lat' dir='ltr'><strong>eausa</strong></span> <span class='ocrx_word' id='word_1_208' title='bbox 1774 1813 1872 1868; x_wconf 86' lang='lat' dir='ltr'><strong>nariam</strong></span> 
     </span>
     <span class='ocr_line' id='line_1_19' title="bbox 448 1901 1871 1974; baseline -0.002 -15"><span class='ocrx_word' id='word_1_209' title='bbox 448 1901 592 1960; x_wconf 78' lang='lat' dir='ltr'><strong>lectionem</strong></span> <span class='ocrx_word' id='word_1_210' title='bbox 611 1901 722 1958; x_wconf 85' lang='lat' dir='ltr'><strong>exhibui</strong></span> <span class='ocrx_word' id='word_1_211' title='bbox 739 1907 896 1974; x_wconf 78' lang='lat' dir='ltr'><strong>excerptam</strong></span> <span class='ocrx_word' id='word_1_212' title='bbox 915 1917 949 1958; x_wconf 85' lang='lat' dir='ltr'><strong>ea</strong></span> <span class='ocrx_word' id='word_1_213' title='bbox 967 1902 1101 1958; x_wconf 90' lang='lat' dir='ltr'><strong>eiusmodi</strong></span> <span class='ocrx_word' id='word_1_214' title='bbox 1118 1903 1226 1972; x_wconf 86' lang='lat' dir='ltr'><strong>generis</strong></span> <span class='ocrx_word' id='word_1_215' title='bbox 1243 1902 1319 1960; x_wconf 90' lang='lat' dir='ltr'><strong>libris</strong></span> <span class='ocrx_word' id='word_1_216' title='bbox 1332 1905 1443 1974; x_wconf 86' lang='lat' dir='ltr'><strong>aliquot,</strong></span> <span class='ocrx_word' id='word_1_217' title='bbox 1462 1906 1508 1974; x_wconf 93' lang='lat' dir='ltr'><strong>qui</strong></span> <span class='ocrx_word' id='word_1_218' title='bbox 1519 1903 1590 1960; x_wconf 81' lang='lat' dir='ltr'><strong>forte</strong></span> <span class='ocrx_word' id='word_1_219' title='bbox 1601 1905 1638 1960; x_wconf 87' lang='lat' dir='ltr'><strong>ad</strong></span> <span class='ocrx_word' id='word_1_220' title='bbox 1649 1917 1750 1960; x_wconf 85' lang='lat' dir='ltr'><strong>manus</strong></span> <span class='ocrx_word' id='word_1_221' title='bbox 1761 1901 1871 1973; x_wconf 69' lang='lat' dir='ltr'><strong>bremnt</strong></span> 
     </span>
     <span class='ocr_line' id='line_1_20' title="bbox 449 1991 1871 2063; baseline -0.001 -15"><span class='ocrx_word' id='word_1_222' title='bbox 449 1997 480 2048; x_wconf 91' lang='lat' dir='ltr'><strong>ut</strong></span> <span class='ocrx_word' id='word_1_223' title='bbox 497 1991 560 2048; x_wconf 90' lang='lat' dir='ltr'><strong>inde</strong></span> <span class='ocrx_word' id='word_1_224' title='bbox 579 1997 722 2062; x_wconf 88' lang='lat' dir='ltr'><strong>appareret</strong></span> <span class='ocrx_word' id='word_1_225' title='bbox 739 1991 804 2048; x_wconf 92' lang='lat' dir='ltr'><strong>nihil</strong></span> <span class='ocrx_word' id='word_1_226' title='bbox 822 1993 850 2048; x_wconf 95' lang='lat' dir='ltr'><strong>in</strong></span> <span class='ocrx_word' id='word_1_227' title='bbox 867 1992 901 2048; x_wconf 90' lang='lat' dir='ltr'><strong>iis</strong></span> <span class='ocrx_word' id='word_1_228' title='bbox 919 1992 1030 2063; x_wconf 87' lang='lat' dir='ltr'><strong>reperiri</strong></span> <span class='ocrx_word' id='word_1_229' title='bbox 1048 1991 1122 2062; x_wconf 91' lang='lat' dir='ltr'><strong>quod</strong></span> <span class='ocrx_word' id='word_1_230' title='bbox 1141 1996 1169 2047; x_wconf 88' lang='lat' dir='ltr'><strong>et</strong></span> <span class='ocrx_word' id='word_1_231' title='bbox 1185 1993 1323 2063; x_wconf 89' lang='lat' dir='ltr'><strong>proprium</strong></span> <span class='ocrx_word' id='word_1_232' title='bbox 1343 1997 1372 2048; x_wconf 89' lang='lat' dir='ltr'><strong>et</strong></span> <span class='ocrx_word' id='word_1_233' title='bbox 1391 1992 1491 2048; x_wconf 88' lang='lat' dir='ltr'><strong>bonnm</strong></span> <span class='ocrx_word' id='word_1_234' title='bbox 1509 1993 1553 2063; x_wconf 87' lang='lat' dir='ltr'><strong>sit,</strong></span> <span class='ocrx_word' id='word_1_235' title='bbox 1571 1993 1760 2048; x_wconf 85' lang='lat' dir='ltr'><strong>Haloandrum</strong></span> <span class='ocrx_word' id='word_1_236' title='bbox 1777 1999 1871 2061; x_wconf 87' lang='lat' dir='ltr'><strong>autem,</strong></span> 
     </span>
     <span class='ocr_line' id='line_1_21' title="bbox 448 2081 1871 2152; baseline 0 -16"><span class='ocrx_word' id='word_1_237' title='bbox 448 2081 495 2150; x_wconf 89' lang='lat' dir='ltr'><strong>qni</strong></span> <span class='ocrx_word' id='word_1_238' title='bbox 513 2081 606 2136; x_wconf 89' lang='lat' dir='ltr'><strong>neseio</strong></span> <span class='ocrx_word' id='word_1_239' title='bbox 624 2081 760 2151; x_wconf 92' lang='lat' dir='ltr'><strong>quomodo</strong></span> <span class='ocrx_word' id='word_1_240' title='bbox 778 2082 888 2152; x_wconf 90' lang='lat' dir='ltr'><strong>saepius</strong></span> <span class='ocrx_word' id='word_1_241' title='bbox 907 2083 1006 2138; x_wconf 83' lang='lat' dir='ltr'><strong>nitatur</strong></span> <span class='ocrx_word' id='word_1_242' title='bbox 1023 2097 1105 2152; x_wconf 89' lang='lat' dir='ltr'><strong>quam</strong></span> <span class='ocrx_word' id='word_1_243' title='bbox 1122 2081 1219 2151; x_wconf 87' lang='lat' dir='ltr'><strong>reliqui</strong></span> <span class='ocrx_word' id='word_1_244' title='bbox 1236 2081 1354 2138; x_wconf 82' lang='lat' dir='ltr'><strong>editores</strong></span> <span class='ocrx_word' id='word_1_245' title='bbox 1371 2081 1476 2151; x_wconf 85' lang='lat' dir='ltr'><strong>antiqui</strong></span> <span class='ocrx_word' id='word_1_246' title='bbox 1492 2082 1595 2151; x_wconf 88' lang='lat' dir='ltr'><strong>pariter</strong></span> <span class='ocrx_word' id='word_1_247' title='bbox 1605 2081 1728 2151; x_wconf 71' lang='lat' dir='ltr'><strong>inufflea</strong></span> <span class='ocrx_word' id='word_1_248' title='bbox 1746 2095 1800 2137; x_wconf 91' lang='lat' dir='ltr'><strong>non</strong></span> <span class='ocrx_word' id='word_1_249' title='bbox 1815 2094 1871 2150; x_wconf 84' lang='lat' dir='ltr'><strong>pro</strong></span> 
     </span>
     <span class='ocr_line' id='line_1_22' title="bbox 448 2169 1871 2241; baseline 0.001 -17"><span class='ocrx_word' id='word_1_250' title='bbox 448 2170 573 2240; x_wconf 89' lang='lat' dir='ltr'><strong>posuisse</strong></span> <span class='ocrx_word' id='word_1_251' title='bbox 596 2170 647 2226; x_wconf 91' lang='lat' dir='ltr'><strong>nisi</strong></span> <span class='ocrx_word' id='word_1_252' title='bbox 670 2169 813 2226; x_wconf 89' lang='lat' dir='ltr'><strong>leotionem</strong></span> <span class='ocrx_word' id='word_1_253' title='bbox 837 2171 976 2240; x_wconf 87' lang='lat' dir='ltr'><strong>uulgatam</strong></span> <span class='ocrx_word' id='word_1_254' title='bbox 1001 2171 1093 2226; x_wconf 74' lang='lat' dir='ltr'><strong>mulda</strong></span> <span class='ocrx_word' id='word_1_255' title='bbox 1114 2171 1181 2226; x_wconf 90' lang='lat' dir='ltr'><strong>loeis</strong></span> <span class='ocrx_word' id='word_1_256' title='bbox 1199 2175 1273 2226; x_wconf 85' lang='lat' dir='ltr'><strong>reeta</strong></span> <span class='ocrx_word' id='word_1_257' title='bbox 1291 2169 1462 2226; x_wconf 90' lang='lat' dir='ltr'><strong>emendatam</strong></span> <span class='ocrx_word' id='word_1_258' title='bbox 1481 2170 1517 2226; x_wconf 92' lang='lat' dir='ltr'><strong>ad</strong></span> <span class='ocrx_word' id='word_1_259' title='bbox 1534 2171 1735 2241; x_wconf 78' lang='lat' dir='ltr'><strong>Florentinum,</strong></span> <span class='ocrx_word' id='word_1_260' title='bbox 1756 2169 1871 2240; x_wconf 90' lang='lat' dir='ltr'><strong>plurimis</strong></span> 
     </span>
     <span class='ocr_line' id='line_1_23' title="bbox 449 2257 1342 2330; baseline 0 -16"><span class='ocrx_word' id='word_1_261' title='bbox 449 2263 541 2315; x_wconf 88' lang='lat' dir='ltr'><strong>autem</strong></span> <span class='ocrx_word' id='word_1_262' title='bbox 560 2259 716 2314; x_wconf 88' lang='lat' dir='ltr'><strong>oouieetura</strong></span> <span class='ocrx_word' id='word_1_263' title='bbox 733 2274 820 2329; x_wconf 90' lang='lat' dir='ltr'><strong>eaque</strong></span> <span class='ocrx_word' id='word_1_264' title='bbox 837 2260 996 2330; x_wconf 90' lang='lat' dir='ltr'><strong>plerumque</strong></span> <span class='ocrx_word' id='word_1_265' title='bbox 1014 2261 1165 2328; x_wconf 89' lang='lat' dir='ltr'><strong>temeraria,</strong></span> <span class='ocrx_word' id='word_1_266' title='bbox 1183 2274 1246 2316; x_wconf 90' lang='lat' dir='ltr'><strong>raro</strong></span> <span class='ocrx_word' id='word_1_267' title='bbox 1262 2257 1342 2314; x_wconf 87' lang='lat' dir='ltr'><strong>ieliei.</strong></span> 
     </span>
    </p>

    <p class='ocr_par' dir='ltr' id='par_1_3' title="bbox 409 2346 1872 2952">
     <span class='ocr_line' id='line_1_24' title="bbox 503 2346 1870 2420; baseline -0.001 -17"><span class='ocrx_word' id='word_1_268' title='bbox 503 2349 598 2418; x_wconf 86' lang='lat' dir='ltr'><strong>Longe</strong></span> <span class='ocrx_word' id='word_1_269' title='bbox 616 2346 752 2403; x_wconf 84' lang='lat' dir='ltr'><strong>diffindior</strong></span> <span class='ocrx_word' id='word_1_270' title='bbox 769 2349 893 2418; x_wconf 87' lang='lat' dir='ltr'><strong>quaestio</strong></span> <span class='ocrx_word' id='word_1_271' title='bbox 911 2354 954 2404; x_wconf 89' lang='lat' dir='ltr'><strong>est</strong></span> <span class='ocrx_word' id='word_1_272' title='bbox 971 2348 1006 2404; x_wconf 94' lang='lat' dir='ltr'><strong>de</strong></span> <span class='ocrx_word' id='word_1_273' title='bbox 1024 2349 1091 2419; x_wconf 89' lang='lat' dir='ltr'><strong>ipsis</strong></span> <span class='ocrx_word' id='word_1_274' title='bbox 1108 2347 1161 2404; x_wconf 93' lang='lat' dir='ltr'><strong>illls</strong></span> <span class='ocrx_word' id='word_1_275' title='bbox 1178 2347 1262 2418; x_wconf 90' lang='lat' dir='ltr'><strong>libris,</strong></span> <span class='ocrx_word' id='word_1_276' title='bbox 1281 2362 1349 2418; x_wconf 89' lang='lat' dir='ltr'><strong>quos</strong></span> <span class='ocrx_word' id='word_1_277' title='bbox 1367 2348 1395 2404; x_wconf 93' lang='lat' dir='ltr'><strong>in</strong></span> <span class='ocrx_word' id='word_1_278' title='bbox 1413 2347 1534 2404; x_wconf 71' lang='lat' dir='ltr'><strong>meando</strong></span> <span class='ocrx_word' id='word_1_279' title='bbox 1551 2348 1647 2404; x_wconf 90' lang='lat' dir='ltr'><strong>ordine</strong></span> <span class='ocrx_word' id='word_1_280' title='bbox 1658 2347 1778 2420; x_wconf 90' lang='lat' dir='ltr'><strong>primunr</strong></span> <span class='ocrx_word' id='word_1_281' title='bbox 1790 2347 1870 2402; x_wconf 86' lang='lat' dir='ltr'><strong>loson</strong></span> 
     </span>
     <span class='ocr_line' id='line_1_25' title="bbox 449 2435 1871 2509; baseline 0 -17"><span class='ocrx_word' id='word_1_282' title='bbox 449 2435 572 2494; x_wconf 89' lang='lat' dir='ltr'><strong>obtinere</strong></span> <span class='ocrx_word' id='word_1_283' title='bbox 589 2436 723 2494; x_wconf 89' lang='lat' dir='ltr'><strong>uidimus:</strong></span> <span class='ocrx_word' id='word_1_284' title='bbox 743 2437 787 2492; x_wconf 90' lang='lat' dir='ltr'><strong>oui</strong></span> <span class='ocrx_word' id='word_1_285' title='bbox 805 2437 987 2507; x_wconf 87' lang='lat' dir='ltr'><strong>disquisitioni</strong></span> <span class='ocrx_word' id='word_1_286' title='bbox 1005 2453 1067 2492; x_wconf 87' lang='lat' dir='ltr'><strong>onnr</strong></span> <span class='ocrx_word' id='word_1_287' title='bbox 1085 2437 1162 2494; x_wconf 89' lang='lat' dir='ltr'><strong>loeus</strong></span> <span class='ocrx_word' id='word_1_288' title='bbox 1179 2435 1288 2493; x_wconf 84' lang='lat' dir='ltr'><strong>iuturus</strong></span> <span class='ocrx_word' id='word_1_289' title='bbox 1305 2438 1342 2492; x_wconf 87' lang='lat' dir='ltr'><strong>sit</strong></span> <span class='ocrx_word' id='word_1_290' title='bbox 1359 2438 1388 2494; x_wconf 92' lang='lat' dir='ltr'><strong>iu</strong></span> <span class='ocrx_word' id='word_1_291' title='bbox 1405 2435 1573 2509; x_wconf 79' lang='lat' dir='ltr'><strong>praefatione</strong></span> <span class='ocrx_word' id='word_1_292' title='bbox 1590 2437 1721 2494; x_wconf 86' lang='lat' dir='ltr'><strong>editionis</strong></span> <span class='ocrx_word' id='word_1_293' title='bbox 1738 2436 1871 2494; x_wconf 89' lang='lat' dir='ltr'><strong>absolutae</strong></span> 
     </span>
     <span class='ocr_line' id='line_1_26' title="bbox 409 2525 1871 2598; baseline -0.001 -16"><span class='ocrx_word' id='word_1_294' title='bbox 409 2557 414 2566; x_wconf 90' lang='lat'>·</span> <span class='ocrx_word' id='word_1_295' title='bbox 449 2526 638 2596; x_wconf 88' lang='lat' dir='ltr'><strong>(nequeenim</strong></span> <span class='ocrx_word' id='word_1_296' title='bbox 657 2531 731 2582; x_wconf 87' lang='lat' dir='ltr'><strong>reete</strong></span> <span class='ocrx_word' id='word_1_297' title='bbox 748 2527 853 2582; x_wconf 79' lang='lat' dir='ltr'><strong>institui</strong></span> <span class='ocrx_word' id='word_1_298' title='bbox 870 2531 963 2596; x_wconf 89' lang='lat' dir='ltr'><strong>potest</strong></span> <span class='ocrx_word' id='word_1_299' title='bbox 980 2526 1033 2582; x_wconf 87' lang='lat' dir='ltr'><strong>nlsi</strong></span> <span class='ocrx_word' id='word_1_300' title='bbox 1050 2525 1158 2596; x_wconf 90' lang='lat' dir='ltr'><strong>publioe</strong></span> <span class='ocrx_word' id='word_1_301' title='bbox 1175 2527 1316 2598; x_wconf 85' lang='lat' dir='ltr'><strong>proposita</strong></span> <span class='ocrx_word' id='word_1_302' title='bbox 1332 2527 1410 2583; x_wconf 87' lang='lat' dir='ltr'><strong>uaria</strong></span> <span class='ocrx_word' id='word_1_303' title='bbox 1426 2527 1542 2584; x_wconf 75' lang='lat' dir='ltr'><strong>lectione</strong></span> <span class='ocrx_word' id='word_1_304' title='bbox 1560 2526 1687 2584; x_wconf 83' lang='lat' dir='ltr'><strong>oudinum</strong></span> <span class='ocrx_word' id='word_1_305' title='bbox 1705 2525 1819 2583; x_wconf 73' lang='lat' dir='ltr'><strong>meandi</strong></span> <span class='ocrx_word' id='word_1_306' title='bbox 1834 2539 1871 2581; x_wconf 82' lang='lat' dir='ltr'><strong>or·</strong></span> 
     </span>
     <span class='ocr_line' id='line_1_27' title="bbox 450 2613 1872 2687; baseline -0.001 -15"><span class='ocrx_word' id='word_1_307' title='bbox 450 2615 521 2672; x_wconf 92' lang='lat' dir='ltr'><strong>dinis</strong></span> <span class='ocrx_word' id='word_1_308' title='bbox 539 2616 693 2685; x_wconf 87' lang='lat' dir='ltr'><strong>meliorum,</strong></span> <span class='ocrx_word' id='word_1_309' title='bbox 711 2621 785 2671; x_wconf 88' lang='lat' dir='ltr'><strong>eerte</strong></span> <span class='ocrx_word' id='word_1_310' title='bbox 803 2619 938 2685; x_wconf 91' lang='lat' dir='ltr'><strong>quatenus</strong></span> <span class='ocrx_word' id='word_1_311' title='bbox 956 2615 1081 2686; x_wconf 86' lang='lat' dir='ltr'><strong>pemanit</strong></span> <span class='ocrx_word' id='word_1_312' title='bbox 1098 2613 1235 2684; x_wconf 87' lang='lat' dir='ltr'><strong>digestum</strong></span> <span class='ocrx_word' id='word_1_313' title='bbox 1253 2617 1354 2685; x_wconf 88' lang='lat' dir='ltr'><strong>uetus),</strong></span> <span class='ocrx_word' id='word_1_314' title='bbox 1374 2616 1481 2672; x_wconf 88' lang='lat' dir='ltr'><strong>interim</strong></span> <span class='ocrx_word' id='word_1_315' title='bbox 1502 2615 1598 2687; x_wconf 86' lang='lat' dir='ltr'><strong>paneis</strong></span> <span class='ocrx_word' id='word_1_316' title='bbox 1616 2614 1872 2686; x_wconf 73' lang='lat' dir='ltr'><strong>comprehendemus</strong></span> 
     </span>
     <span class='ocr_line' id='line_1_28' title="bbox 449 2702 1872 2776; baseline 0 -16"><span class='ocrx_word' id='word_1_317' title='bbox 449 2720 520 2776; x_wconf 90' lang='lat' dir='ltr'><strong>quae</strong></span> <span class='ocrx_word' id='word_1_318' title='bbox 538 2704 694 2760; x_wconf 87' lang='lat' dir='ltr'><strong>neeessaria</strong></span> <span class='ocrx_word' id='word_1_319' title='bbox 712 2705 839 2760; x_wconf 90' lang='lat' dir='ltr'><strong>uidentur</strong></span> <span class='ocrx_word' id='word_1_320' title='bbox 856 2718 931 2774; x_wconf 89' lang='lat' dir='ltr'><strong>esse,</strong></span> <span class='ocrx_word' id='word_1_321' title='bbox 955 2719 990 2760; x_wconf 89' lang='lat' dir='ltr'><strong>ne</strong></span> <span class='ocrx_word' id='word_1_322' title='bbox 1013 2702 1141 2760; x_wconf 81' lang='lat' dir='ltr'><strong>tollantur</strong></span> <span class='ocrx_word' id='word_1_323' title='bbox 1162 2704 1209 2774; x_wconf 90' lang='lat' dir='ltr'><strong>qni</strong></span> <span class='ocrx_word' id='word_1_324' title='bbox 1230 2703 1283 2760; x_wconf 89' lang='lat' dir='ltr'><strong>bae</strong></span> <span class='ocrx_word' id='word_1_325' title='bbox 1305 2705 1424 2762; x_wconf 87' lang='lat' dir='ltr'><strong>editione</strong></span> <span class='ocrx_word' id='word_1_326' title='bbox 1445 2711 1557 2762; x_wconf 89' lang='lat' dir='ltr'><strong>utentur</strong></span> <span class='ocrx_word' id='word_1_327' title='bbox 1577 2705 1606 2762; x_wconf 93' lang='lat' dir='ltr'><strong>in</strong></span> <span class='ocrx_word' id='word_1_328' title='bbox 1624 2719 1659 2760; x_wconf 88' lang='lat' dir='ltr'><strong>ea</strong></span> <span class='ocrx_word' id='word_1_329' title='bbox 1676 2704 1833 2761; x_wconf 77' lang='lat' dir='ltr'><strong>adhibenda</strong></span> <span class='ocrx_word' id='word_1_330' title='bbox 1846 2709 1872 2760; x_wconf 86' lang='lat' dir='ltr'><strong>et</strong></span> 
     </span>
     <span class='ocr_line' id='line_1_29' title="bbox 450 2792 1871 2866; baseline 0 -16"><span class='ocrx_word' id='word_1_331' title='bbox 450 2793 567 2854; x_wconf 87' lang='lat' dir='ltr'><strong>maxime</strong></span> <span class='ocrx_word' id='word_1_332' title='bbox 584 2794 612 2849; x_wconf 92' lang='lat' dir='ltr'><strong>in</strong></span> <span class='ocrx_word' id='word_1_333' title='bbox 630 2792 758 2848; x_wconf 90' lang='lat' dir='ltr'><strong>librorum</strong></span> <span class='ocrx_word' id='word_1_334' title='bbox 771 2793 876 2849; x_wconf 83' lang='lat' dir='ltr'><em>PVLU</em></span> <span class='ocrx_word' id='word_1_335' title='bbox 885 2794 961 2848; x_wconf 88' lang='lat' dir='ltr'><strong>uaria</strong></span> <span class='ocrx_word' id='word_1_336' title='bbox 978 2793 1094 2848; x_wconf 87' lang='lat' dir='ltr'><strong>leotione</strong></span> <span class='ocrx_word' id='word_1_337' title='bbox 1112 2793 1295 2850; x_wconf 66' lang='lat' dir='ltr'><strong>wehmanda:</strong></span> <span class='ocrx_word' id='word_1_338' title='bbox 1314 2811 1377 2850; x_wconf 87' lang='lat' dir='ltr'><strong>nam</strong></span> <span class='ocrx_word' id='word_1_339' title='bbox 1395 2795 1431 2850; x_wconf 91' lang='lat' dir='ltr'><strong>ad</strong></span> <span class='ocrx_word' id='word_1_340' title='bbox 1444 2795 1470 2850; x_wconf 79' lang='lat' dir='ltr'><strong>li</strong></span> <span class='ocrx_word' id='word_1_341' title='bbox 1482 2799 1618 2866; x_wconf 79' lang='lat' dir='ltr'><strong>qnatanm</strong></span> <span class='ocrx_word' id='word_1_342' title='bbox 1635 2795 1794 2865; x_wconf 83' lang='lat' dir='ltr'><strong>pertineant</strong></span> <span class='ocrx_word' id='word_1_343' title='bbox 1808 2807 1871 2865; x_wconf 86' lang='lat' dir='ltr'><strong>quae</strong></span> 
     </span>
     <span class='ocr_line' id='line_1_30' title="bbox 448 2879 851 2952; baseline -0.007 -13"><span class='ocrx_word' id='word_1_344' title='bbox 448 2883 503 2940; x_wconf 90' lang='lat' dir='ltr'><strong>iam</strong></span> <span class='ocrx_word' id='word_1_345' title='bbox 521 2883 653 2952; x_wconf 85' lang='lat' dir='ltr'><strong>dieantur,</strong></span> <span class='ocrx_word' id='word_1_346' title='bbox 672 2896 726 2938; x_wconf 93' lang='lat' dir='ltr'><strong>non</strong></span> <span class='ocrx_word' id='word_1_347' title='bbox 743 2879 851 2938; x_wconf 84' lang='lat' dir='ltr'><strong>definio.</strong></span> 
     </span>
    </p>

    <p class='ocr_par' dir='ltr' id='par_1_4' title="bbox 448 2969 1873 3932">
     <span class='ocr_line' id='line_1_31' title="bbox 503 2969 1870 3040; baseline 0 -12"><span class='ocrx_word' id='word_1_348' title='bbox 503 2974 528 3028; x_wconf 91' lang='lat' dir='ltr'><strong>l.</strong></span> <span class='ocrx_word' id='word_1_349' title='bbox 556 2971 675 3028; x_wconf 80' lang='lat' dir='ltr'><strong>Secundi</strong></span> <span class='ocrx_word' id='word_1_350' title='bbox 693 2971 795 3026; x_wconf 92' lang='lat' dir='ltr'><strong>ordinis</strong></span> <span class='ocrx_word' id='word_1_351' title='bbox 813 2970 921 3027; x_wconf 79' lang='lat' dir='ltr'><strong>redeas</strong></span> <span class='ocrx_word' id='word_1_352' title='bbox 939 2969 1040 3040; x_wconf 77' lang='lat' dir='ltr'><strong>digesti</strong></span> <span class='ocrx_word' id='word_1_353' title='bbox 1057 2970 1158 3026; x_wconf 88' lang='lat' dir='ltr'><strong>ueteris</strong></span> <span class='ocrx_word' id='word_1_354' title='bbox 1180 2971 1311 3040; x_wconf 77' lang='lat' dir='ltr'><strong>originem</strong></span> <span class='ocrx_word' id='word_1_355' title='bbox 1330 2971 1430 3028; x_wconf 85' lang='lat' dir='ltr'><strong>dooere</strong></span> <span class='ocrx_word' id='word_1_356' title='bbox 1450 2987 1485 3028; x_wconf 85' lang='lat' dir='ltr'><strong>ex</strong></span> <span class='ocrx_word' id='word_1_357' title='bbox 1501 2971 1596 3028; x_wconf 86' lang='lat' dir='ltr'><strong>eodiee</strong></span> <span class='ocrx_word' id='word_1_358' title='bbox 1615 2971 1715 3029; x_wconf 87' lang='lat' dir='ltr'><strong>eodem</strong></span> <span class='ocrx_word' id='word_1_359' title='bbox 1733 2971 1816 3028; x_wconf 91' lang='lat' dir='ltr'><strong>hodie</strong></span> <span class='ocrx_word' id='word_1_360' title='bbox 1832 2971 1870 3028; x_wconf 77' lang='lat' dir='ltr'><strong>de</strong></span> 
     </span>
     <span class='ocr_line' id='line_1_32' title="bbox 448 3058 1871 3132; baseline 0 -16"><span class='ocrx_word' id='word_1_361' title='bbox 448 3060 555 3132; x_wconf 89' lang='lat' dir='ltr'><strong>perdito</strong></span> <span class='ocrx_word' id='word_1_362' title='bbox 573 3061 620 3128; x_wconf 84' lang='grc' dir='ltr'><strong>(Ζ)</strong></span> <span class='ocrx_word' id='word_1_363' title='bbox 636 3058 754 3130; x_wconf 90' lang='lat' dir='ltr'><strong>probant</strong></span> <span class='ocrx_word' id='word_1_364' title='bbox 771 3075 832 3116; x_wconf 88' lang='lat' dir='ltr'><strong>eum</strong></span> <span class='ocrx_word' id='word_1_365' title='bbox 850 3060 984 3115; x_wconf 90' lang='lat' dir='ltr'><strong>innumeri</strong></span> <span class='ocrx_word' id='word_1_366' title='bbox 1001 3059 1053 3116; x_wconf 93' lang='lat' dir='ltr'><strong>looi</strong></span> <span class='ocrx_word' id='word_1_367' title='bbox 1070 3060 1172 3130; x_wconf 87' lang='lat' dir='ltr'><strong>pariter</strong></span> <span class='ocrx_word' id='word_1_368' title='bbox 1188 3065 1237 3116; x_wconf 90' lang='lat' dir='ltr'><strong>ant</strong></span> <span class='ocrx_word' id='word_1_369' title='bbox 1254 3059 1360 3116; x_wconf 83' lang='lat' dir='ltr'><strong>hiantes</strong></span> <span class='ocrx_word' id='word_1_370' title='bbox 1378 3065 1426 3116; x_wconf 89' lang='lat' dir='ltr'><strong>aut</strong></span> <span class='ocrx_word' id='word_1_371' title='bbox 1438 3061 1558 3132; x_wconf 85' lang='lat' dir='ltr'><strong>eorrupti</strong></span> <span class='ocrx_word' id='word_1_372' title='bbox 1568 3061 1597 3116; x_wconf 92' lang='lat' dir='ltr'><strong>in</strong></span> <span class='ocrx_word' id='word_1_373' title='bbox 1610 3059 1755 3118; x_wconf 86' lang='lat' dir='ltr'><strong>eodieibus</strong></span> <span class='ocrx_word' id='word_1_374' title='bbox 1766 3059 1871 3117; x_wconf 85' lang='lat' dir='ltr'><strong>seenndi</strong></span> 
     </span>
     <span class='ocr_line' id='line_1_33' title="bbox 449 3147 1871 3220; baseline 0 -14"><span class='ocrx_word' id='word_1_375' title='bbox 449 3149 551 3206; x_wconf 91' lang='lat' dir='ltr'><strong>ordinis</strong></span> <span class='ocrx_word' id='word_1_376' title='bbox 563 3149 689 3206; x_wconf 88' lang='lat' dir='ltr'><strong>omnibus</strong></span> <span class='ocrx_word' id='word_1_377' title='bbox 706 3155 764 3206; x_wconf 89' lang='lat' dir='ltr'><strong>turn</strong></span> <span class='ocrx_word' id='word_1_378' title='bbox 777 3155 905 3220; x_wconf 88' lang='lat' dir='ltr'><strong>quattuor</strong></span> <span class='ocrx_word' id='word_1_379' title='bbox 916 3147 1039 3204; x_wconf 81' lang='lat' dir='ltr'><strong>foliorum</strong></span> <span class='ocrx_word' id='word_1_380' title='bbox 1052 3149 1228 3220; x_wconf 83' lang='lat' dir='ltr'><strong>transpositio</strong></span> <span class='ocrx_word' id='word_1_381' title='bbox 1239 3149 1268 3204; x_wconf 91' lang='lat' dir='ltr'><strong>in</strong></span> <span class='ocrx_word' id='word_1_382' title='bbox 1278 3148 1347 3205; x_wconf 91' lang='lat' dir='ltr'><strong>libro</strong></span> <span class='ocrx_word' id='word_1_383' title='bbox 1359 3149 1461 3220; x_wconf 84' lang='lat' dir='ltr'>XXIII,</span> <span class='ocrx_word' id='word_1_384' title='bbox 1479 3165 1561 3220; x_wconf 87' lang='lat' dir='ltr'><strong>qnam</strong></span> <span class='ocrx_word' id='word_1_385' title='bbox 1573 3149 1677 3206; x_wconf 85' lang='lat' dir='ltr'><strong>habent</strong></span> <span class='ocrx_word' id='word_1_386' title='bbox 1688 3149 1871 3207; x_wconf 87' lang='lat' dir='ltr'><strong>babuernntne</strong></span> 
     </span>
     <span class='ocr_line' id='line_1_34' title="bbox 448 3237 1870 3310; baseline 0.001 -17"><span class='ocrx_word' id='word_1_387' title='bbox 448 3238 558 3294; x_wconf 85' lang='lat' dir='ltr'><strong>eodioes</strong></span> <span class='ocrx_word' id='word_1_388' title='bbox 575 3239 661 3294; x_wconf 87' lang='lat' dir='ltr'><strong>nestri</strong></span> <span class='ocrx_word' id='word_1_389' title='bbox 679 3244 807 3308; x_wconf 88' lang='lat' dir='ltr'><strong>quattuor</strong></span> <span class='ocrx_word' id='word_1_390' title='bbox 818 3237 926 3293; x_wconf 83' lang='lat' dir='ltr'><em>PVLU</em></span> <span class='ocrx_word' id='word_1_391' title='bbox 939 3253 1034 3294; x_wconf 87' lang='lat' dir='ltr'><strong>omnes</strong></span> <span class='ocrx_word' id='word_1_392' title='bbox 1051 3253 1187 3308; x_wconf 87' lang='lat' dir='ltr'><strong>quamque</strong></span> <span class='ocrx_word' id='word_1_393' title='bbox 1199 3239 1290 3308; x_wconf 82' lang='lat' dir='ltr'><strong>eliqua</strong></span> <span class='ocrx_word' id='word_1_394' title='bbox 1306 3253 1339 3294; x_wconf 85' lang='lat' dir='ltr'><strong>ex</strong></span> <span class='ocrx_word' id='word_1_395' title='bbox 1351 3245 1428 3308; x_wconf 83' lang='lat' dir='ltr'><strong>parte</strong></span> <span class='ocrx_word' id='word_1_396' title='bbox 1441 3238 1535 3294; x_wconf 87' lang='lat' dir='ltr'><strong>tabula</strong></span> <span class='ocrx_word' id='word_1_397' title='bbox 1546 3239 1670 3294; x_wconf 68' lang='lat' dir='ltr'><strong>monnda</strong></span> <span class='ocrx_word' id='word_1_398' title='bbox 1680 3245 1870 3310; x_wconf 63' lang='lat' dir='ltr'><strong>repraesenm</strong></span> 
     </span>
     <span class='ocr_line' id='line_1_35' title="bbox 448 3326 1871 3399; baseline 0.001 -17"><span class='ocrx_word' id='word_1_399' title='bbox 448 3342 498 3383; x_wconf 90' lang='lat' dir='ltr'><strong>eae</strong></span> <span class='ocrx_word' id='word_1_400' title='bbox 522 3327 636 3383; x_wconf 91' lang='lat' dir='ltr'><strong>mendae</strong></span> <span class='ocrx_word' id='word_1_401' title='bbox 654 3343 716 3382; x_wconf 91' lang='lat' dir='ltr'><strong>eum</strong></span> <span class='ocrx_word' id='word_1_402' title='bbox 735 3343 752 3382; x_wconf 95' lang='lat' dir='ltr'><strong>a</strong></span> <span class='ocrx_word' id='word_1_403' title='bbox 769 3326 948 3398; x_wconf 91' lang='lat' dir='ltr'><strong>prudentibus</strong></span> <span class='ocrx_word' id='word_1_404' title='bbox 965 3327 1160 3382; x_wconf 87' lang='lat' dir='ltr'><strong>reuentioribus</strong></span> <span class='ocrx_word' id='word_1_405' title='bbox 1179 3327 1307 3398; x_wconf 90' lang='lat' dir='ltr'><strong>deineepa</strong></span> <span class='ocrx_word' id='word_1_406' title='bbox 1331 3343 1431 3397; x_wconf 87' lang='lat' dir='ltr'><strong>magna</strong></span> <span class='ocrx_word' id='word_1_407' title='bbox 1451 3343 1485 3383; x_wconf 86' lang='lat' dir='ltr'><strong>ex</strong></span> <span class='ocrx_word' id='word_1_408' title='bbox 1503 3333 1581 3398; x_wconf 89' lang='lat' dir='ltr'><strong>parte</strong></span> <span class='ocrx_word' id='word_1_409' title='bbox 1605 3329 1810 3399; x_wconf 77' lang='lat' dir='ltr'><strong>eorrigemntur</strong></span> <span class='ocrx_word' id='word_1_410' title='bbox 1824 3343 1871 3399; x_wconf 89' lang='lat' dir='ltr'><strong>ope</strong></span> 
     </span>
     <span class='ocr_line' id='line_1_36' title="bbox 449 3416 1871 3488; baseline 0.001 -18"><span class='ocrx_word' id='word_1_411' title='bbox 449 3416 551 3472; x_wconf 88' lang='lat' dir='ltr'><strong>oodiois</strong></span> <span class='ocrx_word' id='word_1_412' title='bbox 568 3417 715 3472; x_wconf 88' lang='lat' dir='ltr'><strong>Florentini</strong></span> <span class='ocrx_word' id='word_1_413' title='bbox 733 3419 908 3487; x_wconf 85' lang='lat' dir='ltr'><strong>(quamquam</strong></span> <span class='ocrx_word' id='word_1_414' title='bbox 926 3431 980 3472; x_wconf 91' lang='lat' dir='ltr'><strong>non</strong></span> <span class='ocrx_word' id='word_1_415' title='bbox 999 3431 1103 3486; x_wconf 87' lang='lat' dir='ltr'><strong>paneae</strong></span> <span class='ocrx_word' id='word_1_416' title='bbox 1120 3431 1213 3472; x_wconf 89' lang='lat' dir='ltr'><strong>earum</strong></span> <span class='ocrx_word' id='word_1_417' title='bbox 1231 3417 1275 3472; x_wconf 89' lang='lat' dir='ltr'><strong>uel</strong></span> <span class='ocrx_word' id='word_1_418' title='bbox 1287 3417 1314 3472; x_wconf 92' lang='lat' dir='ltr'><strong>in</strong></span> <span class='ocrx_word' id='word_1_419' title='bbox 1326 3421 1435 3486; x_wconf 86' lang='lat' dir='ltr'><strong>reoepta</strong></span> <span class='ocrx_word' id='word_1_420' title='bbox 1446 3417 1562 3473; x_wconf 86' lang='lat' dir='ltr'><strong>leotione</strong></span> <span class='ocrx_word' id='word_1_421' title='bbox 1574 3417 1743 3473; x_wconf 89' lang='lat' dir='ltr'><strong>Bononiensi</strong></span> <span class='ocrx_word' id='word_1_422' title='bbox 1754 3418 1871 3488; x_wconf 90' lang='lat' dir='ltr'><strong>adeoque</strong></span> 
     </span>
     <span class='ocr_line' id='line_1_37' title="bbox 449 3503 1871 3576; baseline 0 -16"><span class='ocrx_word' id='word_1_423' title='bbox 449 3505 476 3560; x_wconf 95' lang='lat' dir='ltr'><strong>in</strong></span> <span class='ocrx_word' id='word_1_424' title='bbox 494 3505 679 3561; x_wconf 86' lang='lat' dir='ltr'><strong>Haloandrina</strong></span> <span class='ocrx_word' id='word_1_425' title='bbox 700 3506 859 3562; x_wconf 88' lang='lat' dir='ltr'><strong>resederunt</strong></span> <span class='ocrx_word' id='word_1_426' title='bbox 882 3520 971 3576; x_wconf 90' lang='lat' dir='ltr'><strong>neque</strong></span> <span class='ocrx_word' id='word_1_427' title='bbox 994 3503 1117 3560; x_wconf 79' lang='lat' dir='ltr'><strong>sublatae</strong></span> <span class='ocrx_word' id='word_1_428' title='bbox 1136 3511 1200 3560; x_wconf 90' lang='lat' dir='ltr'><strong>sunt</strong></span> <span class='ocrx_word' id='word_1_429' title='bbox 1217 3520 1311 3561; x_wconf 91' lang='lat' dir='ltr'><strong>ornnes</strong></span> <span class='ocrx_word' id='word_1_430' title='bbox 1329 3505 1382 3560; x_wconf 93' lang='lat' dir='ltr'><strong>nisi</strong></span> <span class='ocrx_word' id='word_1_431' title='bbox 1399 3505 1518 3561; x_wconf 87' lang='lat' dir='ltr'><strong>editione</strong></span> <span class='ocrx_word' id='word_1_432' title='bbox 1535 3506 1712 3562; x_wconf 87' lang='lat' dir='ltr'><strong>Taurelliana</strong></span> <span class='ocrx_word' id='word_1_433' title='bbox 1734 3506 1771 3560; x_wconf 92' lang='lat' dir='ltr'><strong>ad</strong></span> <span class='ocrx_word' id='word_1_434' title='bbox 1787 3507 1871 3576; x_wconf 87' lang='lat' dir='ltr'><strong>ipsum</strong></span> 
     </span>
     <span class='ocr_line' id='line_1_38' title="bbox 448 3593 1873 3666; baseline 0 -16"><span class='ocrx_word' id='word_1_435' title='bbox 448 3593 632 3650; x_wconf 78' lang='lat' dir='ltr'><strong>Florentinum</strong></span> <span class='ocrx_word' id='word_1_436' title='bbox 646 3593 743 3650; x_wconf 90' lang='lat' dir='ltr'><strong>librum</strong></span> <span class='ocrx_word' id='word_1_437' title='bbox 762 3597 877 3664; x_wconf 70' lang='lat' dir='ltr'><strong>esaum),</strong></span> <span class='ocrx_word' id='word_1_438' title='bbox 895 3593 1026 3663; x_wconf 80' lang='lat' dir='ltr'><strong>sequitur,</strong></span> <span class='ocrx_word' id='word_1_439' title='bbox 1045 3599 1076 3649; x_wconf 91' lang='lat' dir='ltr'><strong>ut</strong></span> <span class='ocrx_word' id='word_1_440' title='bbox 1094 3595 1210 3664; x_wconf 88' lang='lat' dir='ltr'><strong>eodioes,</strong></span> <span class='ocrx_word' id='word_1_441' title='bbox 1228 3595 1275 3664; x_wconf 90' lang='lat' dir='ltr'><strong>qni</strong></span> <span class='ocrx_word' id='word_1_442' title='bbox 1293 3594 1451 3650; x_wconf 78' lang='lat' dir='ltr'><strong>detinentur</strong></span> <span class='ocrx_word' id='word_1_443' title='bbox 1468 3609 1503 3652; x_wconf 87' lang='lat' dir='ltr'><strong>ex</strong></span> <span class='ocrx_word' id='word_1_444' title='bbox 1521 3594 1672 3666; x_wconf 81' lang='lat' dir='ltr'><strong>arrhetypo</strong></span> <span class='ocrx_word' id='word_1_445' title='bbox 1690 3595 1832 3666; x_wconf 83' lang='lat' dir='ltr'><strong>deperdito</strong></span> <span class='ocrx_word' id='word_1_446' title='bbox 1843 3595 1873 3660; x_wconf 84' lang='grc' dir='ltr'><strong>Ζ,</strong></span> 
     </span>
     <span class='ocr_line' id='line_1_39' title="bbox 449 3683 1873 3754; baseline 0 -16"><span class='ocrx_word' id='word_1_447' title='bbox 449 3697 503 3753; x_wconf 91' lang='lat' dir='ltr'><strong>qno</strong></span> <span class='ocrx_word' id='word_1_448' title='bbox 522 3684 687 3754; x_wconf 83' lang='lat' dir='ltr'><strong>antiquiores</strong></span> <span class='ocrx_word' id='word_1_449' title='bbox 705 3687 781 3754; x_wconf 89' lang='lat' dir='ltr'><strong>sunt,</strong></span> <span class='ocrx_word' id='word_1_450' title='bbox 805 3697 839 3739; x_wconf 90' lang='lat' dir='ltr'><strong>eo</strong></span> <span class='ocrx_word' id='word_1_451' title='bbox 857 3683 967 3754; x_wconf 89' lang='lat' dir='ltr'><strong>propius</strong></span> <span class='ocrx_word' id='word_1_452' title='bbox 985 3683 1118 3738; x_wconf 72' lang='lat' dir='ltr'><strong>meedant</strong></span> <span class='ocrx_word' id='word_1_453' title='bbox 1135 3683 1170 3738; x_wconf 92' lang='lat' dir='ltr'><strong>ad</strong></span> <span class='ocrx_word' id='word_1_454' title='bbox 1188 3683 1247 3738; x_wconf 90' lang='lat' dir='ltr'><strong>eius</strong></span> <span class='ocrx_word' id='word_1_455' title='bbox 1265 3683 1422 3752; x_wconf 88' lang='lat' dir='ltr'><strong>leotionem,</strong></span> <span class='ocrx_word' id='word_1_456' title='bbox 1446 3697 1508 3739; x_wconf 88' lang='lat' dir='ltr'><strong>eum</strong></span> <span class='ocrx_word' id='word_1_457' title='bbox 1531 3685 1698 3740; x_wconf 75' lang='lat' dir='ltr'><strong>retentiones</strong></span> <span class='ocrx_word' id='word_1_458' title='bbox 1714 3685 1805 3754; x_wconf 89' lang='lat' dir='ltr'><strong>magis</strong></span> <span class='ocrx_word' id='word_1_459' title='bbox 1821 3697 1873 3738; x_wconf 86' lang='lat' dir='ltr'><strong>ma·</strong></span> 
     </span>
     <span class='ocr_line' id='line_1_40' title="bbox 448 3770 1873 3843; baseline -0.001 -16"><span class='ocrx_word' id='word_1_460' title='bbox 448 3771 546 3842; x_wconf 88' lang='lat' dir='ltr'><strong>gisqne</strong></span> <span class='ocrx_word' id='word_1_461' title='bbox 570 3773 606 3828; x_wconf 87' lang='lat' dir='ltr'><strong>ad</strong></span> <span class='ocrx_word' id='word_1_462' title='bbox 623 3773 806 3828; x_wconf 84' lang='lat' dir='ltr'><strong>Florentinum</strong></span> <span class='ocrx_word' id='word_1_463' title='bbox 830 3771 989 3828; x_wconf 78' lang='lat' dir='ltr'><strong>deflectant:</strong></span> <span class='ocrx_word' id='word_1_464' title='bbox 1013 3771 1052 3826; x_wconf 90' lang='lat' dir='ltr'><strong>ita</strong></span> <span class='ocrx_word' id='word_1_465' title='bbox 1075 3773 1118 3826; x_wconf 91' lang='lat' dir='ltr'><strong>uel</strong></span> <span class='ocrx_word' id='word_1_466' title='bbox 1142 3773 1212 3828; x_wconf 85' lang='lat' dir='ltr'><strong>inter</strong></span> <span class='ocrx_word' id='word_1_467' title='bbox 1228 3777 1335 3828; x_wconf 73' lang='lat' dir='ltr'><strong>nosnos</strong></span> <span class='ocrx_word' id='word_1_468' title='bbox 1353 3770 1414 3827; x_wconf 88' lang='lat' dir='ltr'><strong>libri</strong></span> <span class='ocrx_word' id='word_1_469' title='bbox 1430 3773 1507 3828; x_wconf 80' lang='lat' dir='ltr'><strong>PVL</strong></span> <span class='ocrx_word' id='word_1_470' title='bbox 1525 3773 1619 3828; x_wconf 86' lang='lat' dir='ltr'><strong>annltis</strong></span> <span class='ocrx_word' id='word_1_471' title='bbox 1635 3773 1705 3829; x_wconf 86' lang='lat' dir='ltr'><strong>loeis</strong></span> <span class='ocrx_word' id='word_1_472' title='bbox 1722 3773 1873 3843; x_wconf 87' lang='lat' dir='ltr'><strong>etquidem</strong></span> 
     </span>
     <span class='ocr_line' id='line_1_41' title="bbox 449 3859 1705 3932; baseline 0.002 -16"><span class='ocrx_word' id='word_1_473' title='bbox 449 3861 509 3916; x_wconf 89' lang='lat' dir='ltr'><strong>aliis</strong></span> <span class='ocrx_word' id='word_1_474' title='bbox 527 3862 596 3916; x_wconf 88' lang='lat' dir='ltr'><strong>alins</strong></span> <span class='ocrx_word' id='word_1_475' title='bbox 613 3863 753 3932; x_wconf 87' lang='lat' dir='ltr'><strong>antiquam</strong></span> <span class='ocrx_word' id='word_1_476' title='bbox 772 3863 914 3918; x_wconf 88' lang='lat' dir='ltr'><strong>leetionem</strong></span> <span class='ocrx_word' id='word_1_477' title='bbox 933 3865 1052 3930; x_wconf 69' lang='lat' dir='ltr'><strong>seruant,</strong></span> <span class='ocrx_word' id='word_1_478' title='bbox 1071 3859 1118 3916; x_wconf 91' lang='lat' dir='ltr'><strong>ubi</strong></span> <span class='ocrx_word' id='word_1_479' title='bbox 1135 3861 1204 3916; x_wconf 92' lang='lat' dir='ltr'><strong>liber</strong></span> <span class='ocrx_word' id='word_1_480' title='bbox 1225 3860 1300 3916; x_wconf 85' lang='lat' dir='ltr'><strong>Uad</strong></span> <span class='ocrx_word' id='word_1_481' title='bbox 1317 3861 1501 3918; x_wconf 77' lang='lat' dir='ltr'><strong>Florentinum</strong></span> <span class='ocrx_word' id='word_1_482' title='bbox 1519 3867 1634 3918; x_wconf 83' lang='lat' dir='ltr'><strong>exaetns</strong></span> <span class='ocrx_word' id='word_1_483' title='bbox 1651 3868 1705 3918; x_wconf 81' lang='lat' dir='ltr'><strong>est</strong></span> 
     </span>
    </p>

    <p class='ocr_par' dir='ltr' id='par_1_5' title="bbox 437 3949 1875 4822">
     <span class='ocr_line' id='line_1_42' title="bbox 502 3949 1873 4020; baseline 0 -14"><span class='ocrx_word' id='word_1_484' title='bbox 502 3951 527 4006; x_wconf 82' lang='lat'><strong>2.</strong></span> <span class='ocrx_word' id='word_1_485' title='bbox 556 3949 683 4006; x_wconf 85' lang='lat' dir='ltr'><strong>Oodioem</strong></span> <span class='ocrx_word' id='word_1_486' title='bbox 703 3951 729 4006; x_wconf 89' lang='lat' dir='ltr'><em>Z</em></span> <span class='ocrx_word' id='word_1_487' title='bbox 745 3951 838 4020; x_wconf 88' lang='lat' dir='ltr'><strong>negari</strong></span> <span class='ocrx_word' id='word_1_488' title='bbox 856 3965 910 4006; x_wconf 90' lang='lat' dir='ltr'><strong>non</strong></span> <span class='ocrx_word' id='word_1_489' title='bbox 928 3954 1020 4020; x_wconf 88' lang='lat' dir='ltr'><strong>potest</strong></span> <span class='ocrx_word' id='word_1_490' title='bbox 1037 3955 1065 4005; x_wconf 90' lang='lat' dir='ltr'><strong>et</strong></span> <span class='ocrx_word' id='word_1_491' title='bbox 1082 3950 1170 4020; x_wconf 90' lang='lat' dir='ltr'><strong>ipsum</strong></span> <span class='ocrx_word' id='word_1_492' title='bbox 1189 3949 1354 4019; x_wconf 89' lang='lat' dir='ltr'><strong>desoriptnm</strong></span> <span class='ocrx_word' id='word_1_493' title='bbox 1377 3949 1462 4006; x_wconf 85' lang='lat' dir='ltr'><strong>foisse</strong></span> <span class='ocrx_word' id='word_1_494' title='bbox 1485 3965 1521 4006; x_wconf 90' lang='lat' dir='ltr'><strong>ex</strong></span> <span class='ocrx_word' id='word_1_495' title='bbox 1537 3949 1606 4006; x_wconf 88' lang='lat' dir='ltr'><strong>hhro</strong></span> <span class='ocrx_word' id='word_1_496' title='bbox 1624 3951 1790 4008; x_wconf 82' lang='lat' dir='ltr'><strong>Florenu&#39;no.</strong></span> <span class='ocrx_word' id='word_1_497' title='bbox 1816 3965 1873 4020; x_wconf 84' lang='lat' dir='ltr'><strong>pro</strong></span> 
     </span>
     <span class='ocr_line' id='line_1_43' title="bbox 449 4037 1873 4110; baseline 0.002 -17"><span class='ocrx_word' id='word_1_498' title='bbox 449 4037 515 4094; x_wconf 90' lang='lat' dir='ltr'><strong>bant</strong></span> <span class='ocrx_word' id='word_1_499' title='bbox 532 4037 584 4094; x_wconf 86' lang='lat' dir='ltr'><strong>hou</strong></span> <span class='ocrx_word' id='word_1_500' title='bbox 600 4039 716 4110; x_wconf 89' lang='lat' dir='ltr'><strong>primurn</strong></span> <span class='ocrx_word' id='word_1_501' title='bbox 740 4053 917 4110; x_wconf 89' lang='lat' dir='ltr'><strong>quaeeunque</strong></span> <span class='ocrx_word' id='word_1_502' title='bbox 940 4053 975 4096; x_wconf 85' lang='lat' dir='ltr'><strong>ex</strong></span> <span class='ocrx_word' id='word_1_503' title='bbox 998 4038 1113 4108; x_wconf 79' lang='lat' dir='ltr'><strong>digestis</strong></span> <span class='ocrx_word' id='word_1_504' title='bbox 1136 4039 1306 4109; x_wconf 87' lang='lat' dir='ltr'><strong>reperiuntur</strong></span> <span class='ocrx_word' id='word_1_505' title='bbox 1331 4045 1440 4094; x_wconf 90' lang='lat' dir='ltr'><strong>seruata</strong></span> <span class='ocrx_word' id='word_1_506' title='bbox 1462 4039 1588 4096; x_wconf 91' lang='lat' dir='ltr'><strong>inlibris</strong></span> <span class='ocrx_word' id='word_1_507' title='bbox 1605 4041 1764 4096; x_wconf 82' lang='lat' dir='ltr'><strong>Florentino</strong></span> <span class='ocrx_word' id='word_1_508' title='bbox 1787 4045 1873 4095; x_wconf 77' lang='lat' dir='ltr'><strong>aneto</strong></span> 
     </span>
     <span class='ocr_line' id='line_1_44' title="bbox 448 4127 1873 4200; baseline 0.001 -18"><span class='ocrx_word' id='word_1_509' title='bbox 448 4127 529 4182; x_wconf 84' lang='lat' dir='ltr'><strong>ritate</strong></span> <span class='ocrx_word' id='word_1_510' title='bbox 546 4127 671 4198; x_wconf 88' lang='lat' dir='ltr'><strong>paribus,</strong></span> <span class='ocrx_word' id='word_1_511' title='bbox 696 4129 800 4184; x_wconf 90' lang='lat' dir='ltr'><strong>soilioet</strong></span> <span class='ocrx_word' id='word_1_512' title='bbox 817 4133 846 4184; x_wconf 88' lang='lat' dir='ltr'><strong>et</strong></span> <span class='ocrx_word' id='word_1_513' title='bbox 862 4129 958 4184; x_wconf 90' lang='lat' dir='ltr'><strong>titulus</strong></span> <span class='ocrx_word' id='word_1_514' title='bbox 976 4127 1069 4184; x_wconf 86' lang='lat' dir='ltr'><strong>linium</strong></span> <span class='ocrx_word' id='word_1_515' title='bbox 1087 4128 1270 4197; x_wconf 86' lang='lat' dir='ltr'><strong>regundorum</strong></span> <span class='ocrx_word' id='word_1_516' title='bbox 1289 4128 1395 4198; x_wconf 88' lang='lat' dir='ltr'><strong>qualern</strong></span> <span class='ocrx_word' id='word_1_517' title='bbox 1413 4127 1524 4184; x_wconf 79' lang='lat' dir='ltr'><strong>exhibet</strong></span> <span class='ocrx_word' id='word_1_518' title='bbox 1547 4143 1647 4200; x_wconf 89' lang='lat' dir='ltr'><strong>eorpus</strong></span> <span class='ocrx_word' id='word_1_519' title='bbox 1665 4131 1873 4200; x_wconf 83' lang='lat' dir='ltr'><strong>gromatieomm</strong></span> 
     </span>
     <span class='ocr_line' id='line_1_45' title="bbox 448 4215 1872 4288; baseline 0 -16"><span class='ocrx_word' id='word_1_520' title='bbox 448 4219 477 4272; x_wconf 90' lang='lat' dir='ltr'><strong>et</strong></span> <span class='ocrx_word' id='word_1_521' title='bbox 494 4217 608 4272; x_wconf 79' lang='lat' dir='ltr'><strong>laciniae</strong></span> <span class='ocrx_word' id='word_1_522' title='bbox 627 4218 835 4288; x_wconf 86' lang='lat' dir='ltr'><strong>Neapolitanae:</strong></span> <span class='ocrx_word' id='word_1_523' title='bbox 858 4233 920 4273; x_wconf 91' lang='lat' dir='ltr'><strong>nam</strong></span> <span class='ocrx_word' id='word_1_524' title='bbox 939 4231 1117 4288; x_wconf 88' lang='lat' dir='ltr'><strong>quaeeunque</strong></span> <span class='ocrx_word' id='word_1_525' title='bbox 1139 4217 1198 4272; x_wconf 89' lang='lat' dir='ltr'><strong>neri</strong></span> <span class='ocrx_word' id='word_1_526' title='bbox 1218 4215 1246 4272; x_wconf 87' lang='lat' dir='ltr'><strong>bi</strong></span> <span class='ocrx_word' id='word_1_527' title='bbox 1263 4221 1349 4272; x_wconf 75' lang='lat' dir='ltr'><strong>metes</strong></span> <span class='ocrx_word' id='word_1_528' title='bbox 1366 4218 1395 4272; x_wconf 92' lang='lat' dir='ltr'><strong>in</strong></span> <span class='ocrx_word' id='word_1_529' title='bbox 1412 4217 1569 4274; x_wconf 84' lang='lat' dir='ltr'><strong>Florentino</strong></span> <span class='ocrx_word' id='word_1_530' title='bbox 1586 4217 1706 4274; x_wconf 81' lang='lat' dir='ltr'><strong>tertione</strong></span> <span class='ocrx_word' id='word_1_531' title='bbox 1723 4218 1872 4286; x_wconf 75' lang='lat' dir='ltr'><strong>emendant,</strong></span> 
     </span>
     <span class='ocr_line' id='line_1_46' title="bbox 447 4305 1873 4378; baseline 0 -16"><span class='ocrx_word' id='word_1_532' title='bbox 447 4305 476 4362; x_wconf 92' lang='lat' dir='ltr'><strong>ln</strong></span> <span class='ocrx_word' id='word_1_533' title='bbox 494 4305 527 4362; x_wconf 92' lang='lat' dir='ltr'><strong>iis</strong></span> <span class='ocrx_word' id='word_1_534' title='bbox 545 4306 647 4362; x_wconf 88' lang='lat' dir='ltr'><strong>oodiois</strong></span> <span class='ocrx_word' id='word_1_535' title='bbox 660 4308 686 4362; x_wconf 88' lang='lat' dir='ltr'><em>Z</em></span> <span class='ocrx_word' id='word_1_536' title='bbox 695 4321 817 4378; x_wconf 89' lang='lat' dir='ltr'><strong>propago</strong></span> <span class='ocrx_word' id='word_1_537' title='bbox 829 4307 967 4377; x_wconf 86' lang='lat' dir='ltr'><strong>eonspirat</strong></span> <span class='ocrx_word' id='word_1_538' title='bbox 984 4321 1046 4360; x_wconf 88' lang='lat' dir='ltr'><strong>eom</strong></span> <span class='ocrx_word' id='word_1_539' title='bbox 1058 4306 1221 4362; x_wconf 76' lang='lat' dir='ltr'><strong>Florentius</strong></span> <span class='ocrx_word' id='word_1_540' title='bbox 1248 4305 1347 4362; x_wconf 91' lang='lat' dir='ltr'><strong>deinde</strong></span> <span class='ocrx_word' id='word_1_541' title='bbox 1366 4305 1481 4362; x_wconf 85' lang='lat' dir='ltr'><strong>mendae</strong></span> <span class='ocrx_word' id='word_1_542' title='bbox 1498 4305 1560 4362; x_wconf 92' lang='lat' dir='ltr'><strong>libri</strong></span> <span class='ocrx_word' id='word_1_543' title='bbox 1570 4307 1722 4362; x_wconf 87' lang='lat' dir='ltr'><strong>Florentini</strong></span> <span class='ocrx_word' id='word_1_544' title='bbox 1739 4308 1785 4362; x_wconf 88' lang='lat' dir='ltr'><strong>uel</strong></span> <span class='ocrx_word' id='word_1_545' title='bbox 1801 4305 1873 4362; x_wconf 91' lang='lat' dir='ltr'><strong>mini-</strong></span> 
     </span>
     <span class='ocr_line' id='line_1_47' title="bbox 449 4393 1873 4466; baseline -0.001 -14"><span class='ocrx_word' id='word_1_546' title='bbox 449 4411 510 4452; x_wconf 88' lang='lat' dir='ltr'><strong>mae</strong></span> <span class='ocrx_word' id='word_1_547' title='bbox 527 4410 652 4466; x_wconf 87' lang='lat' dir='ltr'><strong>quaeque</strong></span> <span class='ocrx_word' id='word_1_548' title='bbox 670 4400 699 4450; x_wconf 89' lang='lat' dir='ltr'><strong>et</strong></span> <span class='ocrx_word' id='word_1_549' title='bbox 716 4397 904 4466; x_wconf 85' lang='lat' dir='ltr'><strong>apertissimae</strong></span> <span class='ocrx_word' id='word_1_550' title='bbox 922 4395 1037 4451; x_wconf 86' lang='lat' dir='ltr'><strong>redeunt</strong></span> <span class='ocrx_word' id='word_1_551' title='bbox 1060 4393 1116 4450; x_wconf 87' lang='lat' dir='ltr'><strong>lere</strong></span> <span class='ocrx_word' id='word_1_552' title='bbox 1139 4396 1167 4451; x_wconf 92' lang='lat' dir='ltr'><strong>in</strong></span> <span class='ocrx_word' id='word_1_553' title='bbox 1190 4395 1265 4450; x_wconf 91' lang='lat' dir='ltr'><strong>libris</strong></span> <span class='ocrx_word' id='word_1_554' title='bbox 1287 4395 1400 4451; x_wconf 89' lang='lat' dir='ltr'><strong>seeundi</strong></span> <span class='ocrx_word' id='word_1_555' title='bbox 1420 4393 1523 4450; x_wconf 92' lang='lat' dir='ltr'><strong>ordinis</strong></span> <span class='ocrx_word' id='word_1_556' title='bbox 1540 4409 1628 4465; x_wconf 87' lang='lat' dir='ltr'><strong>eoque</strong></span> <span class='ocrx_word' id='word_1_557' title='bbox 1646 4397 1737 4465; x_wconf 86' lang='lat' dir='ltr'><strong>magis</strong></span> <span class='ocrx_word' id='word_1_558' title='bbox 1755 4395 1873 4464; x_wconf 85' lang='lat' dir='ltr'><strong>redeunt,</strong></span> 
     </span>
     <span class='ocr_line' id='line_1_48' title="bbox 437 4483 1875 4556; baseline 0 -16"><span class='ocrx_word' id='word_1_559' title='bbox 437 4499 502 4554; x_wconf 82' lang='lat' dir='ltr'><strong>qno</strong></span> <span class='ocrx_word' id='word_1_560' title='bbox 526 4485 579 4556; x_wconf 89' lang='lat' dir='ltr'><strong>ipsi</strong></span> <span class='ocrx_word' id='word_1_561' title='bbox 601 4485 662 4540; x_wconf 91' lang='lat' dir='ltr'><strong>libri</strong></span> <span class='ocrx_word' id='word_1_562' title='bbox 683 4487 895 4555; x_wconf 87' lang='lat' dir='ltr'><strong>praestantiores</strong></span> <span class='ocrx_word' id='word_1_563' title='bbox 918 4491 989 4541; x_wconf 89' lang='lat' dir='ltr'><strong>sunt.</strong></span> <span class='ocrx_word' id='word_1_564' title='bbox 1022 4491 1080 4540; x_wconf 91' lang='lat' dir='ltr'><strong>tum</strong></span> <span class='ocrx_word' id='word_1_565' title='bbox 1106 4483 1269 4554; x_wconf 89' lang='lat' dir='ltr'><strong>quibusdam</strong></span> <span class='ocrx_word' id='word_1_566' title='bbox 1296 4483 1376 4554; x_wconf 89' lang='lat' dir='ltr'><strong>loeis,</strong></span> <span class='ocrx_word' id='word_1_567' title='bbox 1403 4483 1450 4539; x_wconf 90' lang='lat' dir='ltr'><strong>ubi</strong></span> <span class='ocrx_word' id='word_1_568' title='bbox 1476 4485 1593 4554; x_wconf 81' lang='lat' dir='ltr'><strong>pristIna</strong></span> <span class='ocrx_word' id='word_1_569' title='bbox 1619 4485 1701 4540; x_wconf 88' lang='lat' dir='ltr'><strong>leetio</strong></span> <span class='ocrx_word' id='word_1_570' title='bbox 1724 4485 1875 4540; x_wconf 81' lang='lat' dir='ltr'><strong>Florendna</strong></span> 
     </span>
     <span class='ocr_line' id='line_1_49' title="bbox 448 4572 1875 4644; baseline -0.001 -16"><span class='ocrx_word' id='word_1_571' title='bbox 448 4573 483 4628; x_wconf 88' lang='lat' dir='ltr'><strong>ab</strong></span> <span class='ocrx_word' id='word_1_572' title='bbox 502 4573 675 4630; x_wconf 84' lang='lat' dir='ltr'><strong>emendatore</strong></span> <span class='ocrx_word' id='word_1_573' title='bbox 693 4589 834 4644; x_wconf 87' lang='lat' dir='ltr'><strong>perperam</strong></span> <span class='ocrx_word' id='word_1_574' title='bbox 853 4579 959 4630; x_wconf 86' lang='lat' dir='ltr'><strong>mutata</strong></span> <span class='ocrx_word' id='word_1_575' title='bbox 976 4579 1027 4644; x_wconf 88' lang='lat' dir='ltr'><strong>est,</strong></span> <span class='ocrx_word' id='word_1_576' title='bbox 1046 4573 1158 4629; x_wconf 90' lang='lat' dir='ltr'><strong>seeundi</strong></span> <span class='ocrx_word' id='word_1_577' title='bbox 1176 4573 1278 4628; x_wconf 92' lang='lat' dir='ltr'><strong>ordinis</strong></span> <span class='ocrx_word' id='word_1_578' title='bbox 1289 4572 1351 4628; x_wconf 89' lang='lat' dir='ltr'><strong>lrbri</strong></span> <span class='ocrx_word' id='word_1_579' title='bbox 1365 4577 1394 4627; x_wconf 89' lang='lat' dir='ltr'><strong>et</strong></span> <span class='ocrx_word' id='word_1_580' title='bbox 1405 4573 1457 4644; x_wconf 89' lang='lat' dir='ltr'><strong>ipsi</strong></span> <span class='ocrx_word' id='word_1_581' title='bbox 1468 4574 1708 4643; x_wconf 91' lang='lat' dir='ltr'><strong>interpolationem</strong></span> <span class='ocrx_word' id='word_1_582' title='bbox 1719 4577 1875 4644; x_wconf 83' lang='lat' dir='ltr'><strong>rseepemnr</strong></span> 
     </span>
     <span class='ocr_line' id='line_1_50' title="bbox 448 4661 1874 4734; baseline 0.001 -17"><span class='ocrx_word' id='word_1_583' title='bbox 448 4663 498 4726; x_wconf 84' lang='lat' dir='ltr'><strong>tite</strong></span> <span class='ocrx_word' id='word_1_584' title='bbox 515 4677 540 4718; x_wconf 91' lang='lat' dir='ltr'><strong>e.</strong></span> <span class='ocrx_word' id='word_1_585' title='bbox 553 4678 577 4717; x_wconf 89' lang='lat' dir='ltr'><strong>o.</strong></span> <span class='ocrx_word' id='word_1_586' title='bbox 596 4679 622 4733; x_wconf 93' lang='lat' dir='ltr'><strong>p.</strong></span> <span class='ocrx_word' id='word_1_587' title='bbox 636 4664 696 4732; x_wconf 78' lang='lat'><strong>252,</strong></span> <span class='ocrx_word' id='word_1_588' title='bbox 709 4664 734 4718; x_wconf 83' lang='lat'><strong>5.</strong></span> <span class='ocrx_word' id='word_1_589' title='bbox 754 4681 781 4734; x_wconf 90' lang='lat' dir='ltr'><strong>p.</strong></span> <span class='ocrx_word' id='word_1_590' title='bbox 795 4664 855 4734; x_wconf 81' lang='lat'>329,</span> <span class='ocrx_word' id='word_1_591' title='bbox 871 4665 929 4729; x_wconf 76' lang='lat' dir='ltr'><strong>iol:</strong></span> <span class='ocrx_word' id='word_1_592' title='bbox 953 4668 1047 4720; x_wconf 85' lang='lat' dir='ltr'><strong>eontra</strong></span> <span class='ocrx_word' id='word_1_593' title='bbox 1071 4663 1130 4718; x_wconf 90' lang='lat' dir='ltr'><strong>aliis</strong></span> <span class='ocrx_word' id='word_1_594' title='bbox 1152 4663 1218 4718; x_wconf 86' lang='lat' dir='ltr'><strong>loeis</strong></span> <span class='ocrx_word' id='word_1_595' title='bbox 1241 4663 1328 4733; x_wconf 88' lang='lat' dir='ltr'><strong>iisque</strong></span> <span class='ocrx_word' id='word_1_596' title='bbox 1345 4663 1427 4733; x_wconf 89' lang='lat' dir='ltr'><strong>longe</strong></span> <span class='ocrx_word' id='word_1_597' title='bbox 1444 4661 1580 4732; x_wconf 76' lang='lat' dir='ltr'><strong>pluribus,</strong></span> <span class='ocrx_word' id='word_1_598' title='bbox 1605 4663 1655 4718; x_wconf 91' lang='lat' dir='ltr'><strong>nbi</strong></span> <span class='ocrx_word' id='word_1_599' title='bbox 1677 4665 1706 4718; x_wconf 94' lang='lat' dir='ltr'><strong>in</strong></span> <span class='ocrx_word' id='word_1_600' title='bbox 1723 4663 1874 4719; x_wconf 88' lang='lat' dir='ltr'><strong>Florentino</strong></span> 
     </span>
     <span class='ocr_line' id='line_1_51' title="bbox 447 4750 1875 4822; baseline -0.002 -14"><span class='ocrx_word' id='word_1_601' title='bbox 447 4750 516 4808; x_wconf 92' lang='lat' dir='ltr'><strong>libro</strong></span> <span class='ocrx_word' id='word_1_602' title='bbox 534 4751 619 4807; x_wconf 89' lang='lat' dir='ltr'><strong>uerba</strong></span> <span class='ocrx_word' id='word_1_603' title='bbox 636 4751 771 4821; x_wconf 88' lang='lat' dir='ltr'><strong>quaedam</strong></span> <span class='ocrx_word' id='word_1_604' title='bbox 789 4757 863 4808; x_wconf 88' lang='lat' dir='ltr'><strong>reete</strong></span> <span class='ocrx_word' id='word_1_605' title='bbox 881 4751 990 4808; x_wconf 82' lang='lat' dir='ltr'><strong>sublata</strong></span> <span class='ocrx_word' id='word_1_606' title='bbox 1007 4757 1146 4808; x_wconf 88' lang='lat' dir='ltr'><strong>mutataue</strong></span> <span class='ocrx_word' id='word_1_607' title='bbox 1165 4757 1237 4822; x_wconf 87' lang='lat' dir='ltr'><strong>sunt,</strong></span> <span class='ocrx_word' id='word_1_608' title='bbox 1255 4753 1366 4808; x_wconf 86' lang='lat' dir='ltr'><strong>alterins</strong></span> <span class='ocrx_word' id='word_1_609' title='bbox 1384 4752 1479 4808; x_wconf 88' lang='lat' dir='ltr'><strong>elassis</strong></span> <span class='ocrx_word' id='word_1_610' title='bbox 1497 4751 1608 4808; x_wconf 86' lang='lat' dir='ltr'><strong>oodioes</strong></span> <span class='ocrx_word' id='word_1_611' title='bbox 1621 4753 1766 4809; x_wconf 91' lang='lat' dir='ltr'><strong>leetiouem</strong></span> <span class='ocrx_word' id='word_1_612' title='bbox 1778 4751 1875 4808; x_wconf 86' lang='lat' dir='ltr'><strong>hahent</strong></span> 
     </span>
    </p>
   </div>
   <div class='ocr_carea' id='block_1_3' title="bbox 446 4947 1873 5089">
    <p class='ocr_par' dir='ltr' id='par_1_6' title="bbox 446 4947 1873 5089">
     <span class='ocr_line' id='line_1_52' title="bbox 502 4947 1873 5020; baseline 0.004 -22"><span class='ocrx_word' id='word_1_613' title='bbox 502 4951 511 4983; x_wconf 83' lang='lat'>¹</span> <span class='ocrx_word' id='word_1_614' title='bbox 530 4949 617 5014; x_wconf 89' lang='lat' dir='ltr'><strong>Itaque</strong></span> <span class='ocrx_word' id='word_1_615' title='bbox 637 4949 679 5000; x_wconf 88' lang='lat' dir='ltr'><strong>ubi</strong></span> <span class='ocrx_word' id='word_1_616' title='bbox 691 4949 716 5001; x_wconf 86' lang='lat' dir='ltr'><em>R</em></span> <span class='ocrx_word' id='word_1_617' title='bbox 728 4959 804 5012; x_wconf 85' lang='lat' dir='ltr'><strong>extat,</strong></span> <span class='ocrx_word' id='word_1_618' title='bbox 824 4947 902 5001; x_wconf 75' lang='lat' dir='ltr'><strong>‘dett&#39;</strong></span> <span class='ocrx_word' id='word_1_619' title='bbox 916 4949 1057 5016; x_wconf 80' lang='lat' dir='ltr'><strong>significant</strong></span> <span class='ocrx_word' id='word_1_620' title='bbox 1075 4949 1151 5002; x_wconf 88' lang='lat' dir='ltr'><strong>libros</strong></span> <span class='ocrx_word' id='word_1_621' title='bbox 1169 4949 1276 5017; x_wconf 88' lang='lat' dir='ltr'><strong>reliquos</strong></span> <span class='ocrx_word' id='word_1_622' title='bbox 1295 4951 1349 5001; x_wconf 85' lang='lat' dir='ltr'><strong>sine</strong></span> <span class='ocrx_word' id='word_1_623' title='bbox 1367 4965 1453 5001; x_wconf 85' lang='lat' dir='ltr'><strong>omnes</strong></span> <span class='ocrx_word' id='word_1_624' title='bbox 1472 4949 1526 5000; x_wconf 84' lang='lat' dir='ltr'><strong>siue</strong></span> <span class='ocrx_word' id='word_1_625' title='bbox 1539 4949 1664 5016; x_wconf 85' lang='lat' dir='ltr'><strong>quosdam</strong></span> <span class='ocrx_word' id='word_1_626' title='bbox 1682 4961 1786 5020; x_wconf 82' lang='lat' dir='ltr'><strong>exeepte</strong></span> <span class='ocrx_word' id='word_1_627' title='bbox 1797 4951 1873 5003; x_wconf 81' lang='lat' dir='ltr'><strong>Beru-</strong></span> 
     </span>
     <span class='ocr_line' id='line_1_53' title="bbox 446 5019 1718 5089; baseline 0.002 -15"><span class='ocrx_word' id='word_1_628' title='bbox 446 5019 549 5076; x_wconf 57' lang='lat' dir='ltr'><strong>dueum</strong></span> <span class='ocrx_word' id='word_1_629' title='bbox 568 5021 628 5074; x_wconf 78' lang='lat' dir='ltr'><strong>iren</strong></span> <span class='ocrx_word' id='word_1_630' title='bbox 645 5021 688 5074; x_wconf 89' lang='lat' dir='ltr'><strong>nbi</strong></span> <span class='ocrx_word' id='word_1_631' title='bbox 705 5021 732 5076; x_wconf 77' lang='lat' dir='ltr'><strong>lt</strong></span> <span class='ocrx_word' id='word_1_632' title='bbox 749 5021 842 5085; x_wconf 82' lang='lat' dir='ltr'><strong>defluit,</strong></span> <span class='ocrx_word' id='word_1_633' title='bbox 859 5021 936 5074; x_wconf 90' lang='lat' dir='ltr'><strong>librua</strong></span> <span class='ocrx_word' id='word_1_634' title='bbox 955 5021 1062 5089; x_wconf 87' lang='lat' dir='ltr'><strong>reliquos</strong></span> <span class='ocrx_word' id='word_1_635' title='bbox 1081 5021 1134 5074; x_wconf 82' lang='lat' dir='ltr'><strong>siue</strong></span> <span class='ocrx_word' id='word_1_636' title='bbox 1152 5039 1238 5074; x_wconf 82' lang='lat' dir='ltr'><strong>earnes</strong></span> <span class='ocrx_word' id='word_1_637' title='bbox 1257 5023 1311 5076; x_wconf 88' lang='lat' dir='ltr'><strong>sine</strong></span> <span class='ocrx_word' id='word_1_638' title='bbox 1328 5021 1449 5089; x_wconf 86' lang='lat' dir='ltr'><strong>quosdam</strong></span> <span class='ocrx_word' id='word_1_639' title='bbox 1467 5030 1575 5089; x_wconf 74' lang='lat' dir='ltr'><strong>excepte</strong></span> <span class='ocrx_word' id='word_1_640' title='bbox 1593 5023 1718 5076; x_wconf 82' lang='lat' dir='ltr'><strong>Parisino.</strong></span> 
     </span>
    </p>
   </div>
   <div class='ocr_carea' id='block_1_4' title="bbox 0 0 2115 5424">
    <p class='ocr_par' dir='ltr' id='par_1_7' title="bbox 0 0 2115 5424">
     <span class='ocr_line' id='line_1_54' title="bbox 0 0 2115 5424; baseline 0 0"><span class='ocrx_word' id='word_1_641' title='bbox 0 0 2115 5424; x_wconf 95' lang='lat' dir='ltr'><strong> </strong></span> 
     </span>
    </p>
   </div>
  </div>
 </body>
</html>
