3518 5452
42 265 306 324 „maurontus
668 191 670 197 Ι
763 246 850 328 329
1214 253 1379 322 XXXVIII
1400 255 1421 322 2
1440 261 1520 318 ³-8

44 402 246 470 donationes,
260 405 326 462 uiue
344 406 497 477 legatorum
516 405 675 478 Iunguntur.
701 407 757 464 Sed
775 413 804 464 et
821 409 845 464 ri
862 424 918 466 uon
936 409 1032 466 mortio
1050 425 1134 466 eausa
1146 409 1385 468 douauItIIbertus
1395 415 1520 482 patrono,

44 495 315 565 watemplatione
338 500 432 550 tamen
454 495 562 552 debitae
584 497 717 566 portionis
735 497 933 568 denotarunt,
956 498 1030 554 idem
1048 499 1100 554 erit
1117 498 1278 554 dioeudum:
1301 503 1368 556 tuno
1385 501 1458 556 euim
1475 501 1522 556 uel

45 583 149 664 qnasi
174 585 280 640 mortis
304 598 390 638 eausa
412 582 620 654 imputabuntur
642 585 687 640 uel
711 586 791 655 quusi
814 586 928 656 adgnita
951 588 1084 657 repellent
1100 591 1246 656 patronum
1265 603 1282 642 a
1299 592 1395 644 eontra
1412 587 1521 644 tabulas

47 685 212 742 bonorum
237 672 425 742 possessione.
461 671 491 727 Si
513 677 629 744 patrono
647 673 816 730 condicionis
834 674 988 744 Impleudae
1006 691 1091 732 eausa
1108 675 1174 746 quid
1192 675 1286 732 datum
1304 677 1353 744 sit,
1374 677 1402 732 iu
1419 676 1520 746 portio-

0 821 2 840 ,
48 775 131 832 „em
159 759 294 816 debitam
318 761 448 830 imputari
471 761 566 832 debet,
590 762 615 818 si
637 766 730 817 tamen
754 762 788 818 de
812 762 891 818 honis
914 765 951 818 sit
974 763 1065 820 liberti
1083 763 1245 835 proteotum.
1282 764 1409 820 Debitum
1428 769 1553 822 auteme

49 851 184 936 partem
211 865 323 920 eorum,
349 865 420 920 quae
444 865 505 906 oum
529 851 644 908 moritur
665 850 781 906 libertus
804 851 913 920 habult,
937 858 1054 922 patrono
1077 853 1186 908 damus:
1209 853 1306 908 mortis
1323 853 1395 910 enlm
1412 858 1521 922 tempus

54 941 251 1018 ,pestamua
284 938 334 994 aed
352 943 382 994 et
398 939 422 993 si
440 938 593 994 dolomate
611 937 690 1010 feeit,
715 954 770 1009 quo
789 941 878 998 miuus
896 941 1030 1013 haberet,
1044 941 1096 998 hoo
1113 957 1222 1012 quoque
1240 943 1327 998 uoluit
1343 947 1454 1012 praetor
1471 955 1520 1011 pro

56 1047 102 1096 ρο
123 1022 239 1095 haberi,
257 1033 342 1097 atque
360 1027 384 1082 si
402 1027 430 1082 in
447 1026 527 1082 bouis
544 1031 627 1084 esset.

8 1179 12 1184 .
127 1111 258 1170 Patruus
274 1113 346 1171 libro
364 1115 593 1186 quadrageusImo
611 1115 733 1172 seeundo
753 1117 790 1172 ad
808 1117 938 1173 odIetum.
966 1117 995 1174 Si
1007 1132 1104 1174 necem
1116 1117 1219 1176 domiui
1231 1119 1367 1176 detexerit
1384 1115 1520 1202 Q
1539 1129 1561 1184 s

63 1214 189 1274 wreus,
206 1209 318 1273 praetor
335 1209 459 1262 statuere
477 1206 555 1276 solet,
573 1203 690 1260 uiliter
708 1206 758 1260 sit:
778 1210 806 1262 et
823 1210 933 1263 oomtat
950 1221 1013 1262 eum
1031 1208 1110 1277 quasi
1129 1223 1164 1263 ex
1181 1213 1295 1264 seomus
1306 1209 1431 1266 eousulto
1442 1209 1520 1264 libor·
1541 1223 1569 1264 ro

23 1297 169 1375 ,antem
196 1299 375 1348 consecutum
401 1293 502 1349 nudius
525 1307 587 1348 esse
610 1292 746 1352 libertum.
784 1293 813 1350 Si
836 1294 950 1350 libertus
974 1299 1072 1365 eaptus
1096 1295 1132 1352 ab
1154 1295 1281 1352 hostibus
1302 1297 1341 1353 ibi
1364 1297 1521 1368 deoemerit,

74 1381 213 1462 quamuis
235 1381 324 1437 liberti
348 1383 496 1452 appellatio
519 1397 582 1437 eum
604 1396 657 1436 nou
676 1385 786 1454 tanam,
809 1387 903 1439 umen
919 1388 1031 1454 propter
1048 1384 1138 1454 legem
1157 1384 1325 1454 Corneliam,
1349 1401 1420 1456 quae
1437 1391 1520 1442 testa·

78 1469 208 1535 menum
231 1471 270 1526 sie
293 1469 437 1528 ooudrmat
460 1477 543 1542 atque
567 1472 591 1526 si
609 1471 638 1526 in
655 1471 767 1528 ciuitate
786 1471 948 1542 decesserit,
970 1478 1087 1542 patrono
1105 1487 1215 1543 quoque
1232 1472 1364 1530 bonorum
1383 1475 1522 1545 possessio

56 1554 182 1626 ,nanda
202 1558 261 1614 erit.
296 1558 326 1615 Si
351 1559 512 1630 deportatos
534 1565 666 1631 patronus
689 1561 739 1630 sit,
762 1559 818 1616 tilio
841 1561 901 1616 elus
926 1561 1058 1631 eompetit
1080 1559 1212 1618 bonorum
1234 1563 1373 1632 possessio
1397 1564 1424 1618 iu
1441 1562 1522 1618 honis

89 1645 181 1709 Interii
195 1662 243 1702 uee
261 1647 458 1718 impedimento
477 1653 520 1704 est
537 1649 562 1702 ei
579 1649 644 1704 talis
661 1647 802 1719 patrouui,
820 1649 867 1719 qui
886 1650 986 1704 mortui
1003 1651 1064 1706 loeo
1081 1648 1206 1706 hahetur.
1233 1656 1262 1706 et
1278 1650 1411 1708 dissimulo
1428 1655 1480 1723 est,
1498 1653 1522 1708 sl
1541 1659 1569 1702 1⁵

74 1738 221 1808 spadones
242 1737 316 1808 apud
335 1735 429 1792 hostes
447 1738 495 1792 sit:
521 1753 585 1792 nam
602 1743 716 1807 propter
733 1753 810 1808 spem
828 1738 987 1807 postlIminii
1004 1738 1098 1796 obstat
1113 1738 1206 1794 liberis
1224 1739 1290 1795 suia.
1327 1739 1357 1796 Si
1375 1745 1522 1796 extraneus

103 1819 220 1880 aliberto
235 1823 313 1880 heres
332 1826 474 1881 iustitutus
492 1831 605 1895 rogatos
623 1827 660 1880 sit
677 1824 732 1882 tilio
751 1825 930 1882 hereditatem
949 1828 1100 1899 restituere,
1119 1844 1181 1884 oum
1200 1843 1236 1884 ex
1253 1829 1378 1896 seualltua
1396 1829 1522 1886 oonsulto
1539 1834 1556 1882 1.
1567 1829 1619 1882 tee'

108 1907 257 1968 Trebelliano
276 1913 405 1968 restituta
421 1913 574 1969 hereditate
592 1913 701 1969 heredis
718 1915 779 1970 looo
797 1914 868 1972 filius
887 1914 1011 1986 habetur,
1029 1923 1162 1987 patronos
1179 1917 1394 1974 summouendum
1412 1923 1464 1974 est

88 1993 100 2048 b
156 1996 234 2057 (larus
249 2001 319 2058 libro
338 2004 433 2074 quinto
451 2003 558 2058 deeimo
576 2001 612 2057 ad
631 2003 750 2058 edietum
769 2003 945 2075 prouinciale.
973 2003 1137 2078 Libertinos,
1155 2007 1202 2076 qui
1220 2012 1364 2076 patronum
1384 2002 1561 2090 [ἕξ-ᾖε

113 2089 247 2160 &mulque
270 2091 372 2148 liberos
395 2090 492 2162 habet,
516 2092 540 2147 si
562 2097 709 2161 patronum
733 2108 766 2147 ex
789 2097 868 2163 parte
886 2091 980 2148 debita
998 2093 1125 2150 heredem
1144 2095 1276 2164 instituit,
1299 2094 1399 2152 liberos
1416 2096 1476 2152 eiua
1493 2097 1521 2152 iu
1540 2105 1569 2146 ro

112 2172 206 2232 ttudem
222 2181 372 2249 portionem
392 2179 558 2236 substituere
577 2180 673 2251 debet,
696 2185 740 2249 ut,
759 2180 823 2234 lieet
840 2186 973 2250 patronus
990 2183 1056 2240 uiuo
1074 2183 1172 2239 liberto
1190 2190 1312 2240 mortuus
1330 2182 1425 2254 tuerit,
1442 2185 1522 2240 sada-

1 2270 4 2274 ·
90 2249 194 2319 licum
210 2269 334 2325 uideatur
351 2269 444 2324 liberis
462 2270 530 2324 eius.
565 2268 595 2324 Si
612 2268 722 2340 patroni
739 2266 824 2324 tilium
843 2271 1044 2340 emancipatum
1062 2277 1092 2328 et
1109 2278 1233 2342 nepotem
1251 2289 1286 2328 ex
1305 2287 1347 2344 eo,
1364 2273 1412 2342 qul
1429 2273 1458 2328 iu
1477 2273 1523 2328 aul

1 2404 3 2408 .
108 2335 196 2410 fmilia
210 2359 345 2429 remansit,
363 2358 477 2415 tibertus
495 2357 604 2428 habeat,
624 2355 679 2412 dlio
698 2362 814 2427 tautum,
832 2372 887 2412 uon
899 2359 981 2414 etiam
995 2360 1087 2428 nepoti
1099 2359 1258 2418 sadslaoere
1270 2361 1383 2418 debebit
1394 2361 1521 2418 libertus:

1 2440 3 2446 ’
104 2439 140 2486 ⁸⁰⁰
155 2443 197 2498 ad
212 2462 265 2502 ram
283 2448 411 2518 pertinet,
430 2447 504 2518 quod
522 2447 559 2502 ad
577 2447 698 2517 parentis
715 2445 789 2502 bona
804 2448 907 2517 pariter
924 2454 1066 2504 uoeautur.
1541 2459 1571 2500 ra

75 2506 88 2564 ⁶
139 2522 290 2592 Uhl’lhrtus
307 2535 377 2592 libro
394 2536 624 2606 quadragensimo
642 2536 724 2591 tertio
742 2535 778 2590 ad
797 2536 926 2591 edietum.
955 2537 1015 2592 Etsi
1030 2553 1065 2592 ax
1078 2537 1186 2594 modioa
1198 2542 1276 2609 parte
1288 2539 1363 2596 iusti·
1384 2533 1522 2622 [Q
1540 2541 1563 2597 S

94 2605 133 2662 ‘⁰²¹'
157 2621 220 2680 sint
238 2625 316 2680 liberi
339 2625 443 2695 libertI,
467 2624 600 2682 bonorum
624 2625 825 2695 possessiouem
844 2630 940 2681 eontra
956 2625 1065 2682 tabulas
1082 2632 1214 2697 patronus
1231 2632 1326 2698 petere
1343 2643 1398 2684 uon
1416 2633 1521 2700 potest:

90 2706 138 2752 ΜΝ
170 2717 206 2767 et
220 2714 364 2770 llareellus
385 2713 454 2770 libro
477 2729 550 2770 nono
567 2713 737 2784 dIgestorum
755 2714 866 2784 seripsIt
883 2715 1132 2786 quantulaoumque
1151 2731 1185 2772 ox
1203 2723 1282 2786 parto
1299 2717 1426 2772 heredem
1445 2717 1521 2772 lusti·

37 2799 41 2808 '
64 2783 176 2850 “Imm
203 2801 289 2858 liberti
311 2802 397 2858 tilium
421 2808 567 2874 patronum
585 2803 729 2872 expellere.
768 2803 836 2860 Cum
854 2805 963 2873 patroni
980 2803 1037 2860 filiu
1053 2805 1133 2862 heres
1152 2806 1278 2862 Instituta
1295 2801 1522 2889 [οι-Μῆῖἰῗο

83 2883 154 2972 Q*
188 2891 320 2950 eliberta
342 2891 496 2962 salsumque
516 2895 710 2948 testamentum
730 2891 834 2946 dietum
853 2897 940 2962 esset,
962 2893 991 2948 in
1009 2907 1063 2964 quo
1081 2893 1184 2964 seripta
1200 2899 1271 2964 erat,
1294 2901 1324 2950 et
1341 2896 1522 2966 appellatione

81 2967 248 3041 uterpopp,
269 2987 298 3036 et
320 2980 459 3051 pendente
481 2981 555 3036 diem
574 2997 653 3036 suum
672 2979 789 3035 obisset:
814 2979 961 3036 heredibus
979 2981 1038 3036 eius
1056 2982 1137 3038 diuus
1155 2983 1263 3040 hiarous
1280 2983 1421 3052 subuenit,
1444 2988 1476 3038 ut
1492 2983 1521 3039 id
1541 2991 1570 3032 ⁸⁰

58 3047 228 3138 ’merent
246 3070 321 3141 quod
339 3069 454 3128 haberet
470 3070 580 3141 patroni
597 3067 663 3138 tilia,
681 3069 705 3124 si
723 3068 838 3124 uiueret
866 3067 895 3124 Sl
912 3067 1000 3124 dlius¹
1019 3070 1108 3126 liberti
1126 3071 1205 3128 heres
1223 3071 1259 3128 ab
1277 3073 1364 3128 eoin·
1383 3067 1522 3155 [itum

59 3141 202 3213 rumen,
220 3158 396 3229 ahstiuuerit,
419 3159 545 3228 quamuis
562 3158 672 3214 nomine
690 3158 727 3212 sit
744 3156 837 3227 heres,
860 3162 993 3228 patronus
1011 3159 1172 3216 admittitur.
1208 3159 1264 3216 Sed
1282 3165 1311 3218 et
1328 3161 1351 3218 si
1369 3147 1521 3232 per—inin*-

81 3233 197 3302 terrun,
217 3248 417 3304 restItutiouem
437 3248 473 3318 is,
497 3248 544 3317 qui
563 3248 665 3302 mixtus
683 3250 727 3302 est
743 3251 874 3316 pateruae
892 3246 1037 3304 hereditati
1055 3248 1099 3304 uel
1116 3249 1163 3318 qui
1182 3249 1241 3304 adit
1257 3249 1451 3319 hereditatem,
1474 3249 1521 3306 ab·

60 3317 214 3391 ltfltllerit
230 3352 268 3406 se,
286 3336 390 3406 poterit
406 3335 468 3406 quis
485 3341 630 3406 patronum
650 3335 804 3392 admittere.
834 3336 969 3392 Patronus
987 3337 1150 3407 patronique
1166 3337 1245 3394 llberi
1262 3339 1287 3394 si
1304 3338 1455 3394 seeundum
1473 3353 1521 3396 uo·

84 3406 220 3481 lunt*tem
237 3426 338 3482 mortui
356 3424 446 3480 liberti
457 3423 637 3480 hereditatem
650 3423 767 3478 adierint
778 3425 937 3494 legatumue
950 3430 998 3480 aut
1010 3423 1249 3482 tideioomorlasum
1262 3432 1356 3498 petere
1368 3427 1521 3498 malueriat,
1541 3433 1570 3476 ⁸⁵

87 3495 114 3550 “l
126 3516 236 3570 eones
252 3515 362 3572 tubulus
380 3513 513 3570 bonorum
533 3513 733 3584 possessiouem
753 3527 808 3568 nou
825 3513 1015 3570 admittuntur.

64 3581 77 3639 ἵ
127 3589 233 3660 Quos
256 3591 326 3660 libro
348 3605 445 3673 quinto
468 3602 575 3658 deetmo
593 3601 629 3656 ad
649 3601 768 3658 edietum
787 3603 963 3674 prouineIale.
1000 3603 1070 3659 Naro
1088 3601 1237 3660 absurdum
1255 3603 1365 3660 uidetur
1382 3600 1561 3689 Qut

89 3671 166 3740 tan„
187 3693 273 3748 eidem
291 3693 392 3763 partim
412 3690 591 3762 comprobare
609 3690 738 3746 iudioium
757 3689 889 3761 deiuueti,
907 3692 1006 3762 partim
1025 3696 1158 3748 euertere.

68 3757 81 3814 ⁸
131 3767 290 3838 Uurrauus
307 3781 377 3836 libro
395 3779 625 3851 quadragensimo
642 3779 723 3836 tertio
736 3780 772 3834 ad
784 3780 914 3836 edietum.
943 3779 972 3836 st
984 3795 1051 3836 uero
1063 3795 1118 3837 uou
1130 3779 1226 3838 hahuit
1237 3774 1365 3838 effectum
1384 3777 1522 3865 [istm
1540 3785 1561 3840 S

94 3855 185 3926 mitio
202 3872 275 3940 eius,
299 3870 363 3926 dieo
380 3885 436 3926 nou
454 3869 592 3940 impediti,
614 3884 669 3939 quo
687 3869 777 3924 miuus
796 3869 951 3926 adiuuetur.
984 3871 1152 3940 quinimmo
1170 3875 1200 3926 et
1216 3871 1240 3926 si
1258 3870 1299 3926 sio
1316 3870 1374 3926 adit
1390 3858 1522 3940 ffl
1540 3878 1570 3920 tt

95 3935 183 4012 debit„
202 3961 325 4030 portione
348 3959 505 4026 institutus,
528 3973 593 4014 mox
615 3958 742 4028 apperuit
764 3972 827 4014 eum
850 3958 983 4016 minorem
1005 3963 1111 4028 partem
1134 3975 1215 4029 quam
1234 3960 1356 4029 sperauit
1373 3962 1522 4032 recepisse,

96 4040 280 4104 titulatum
305 4053 348 4104 ast
371 4047 479 4104 admitti
502 4062 564 4102 eum
589 4047 624 4102 ad
644 4062 724 4102 suum
743 4047 883 4103 auxilium.
916 4047 967 4102 aed
985 4051 1013 4102 et
1030 4048 1054 4102 si
1072 4053 1174 4104 testato
1192 4049 1368 4104 conuenisset
1385 4049 1522 4122 heredem,

76 4117 120 4170 ¹⁰¹
133 4129 191 4192 aibr
206 4138 327 4207 legatum
346 4138 507 4206 solueretur,
526 4151 590 4192 mox
608 4135 797 4206 paenituisset,
816 4140 883 4206 puto
901 4149 964 4192 euro
983 4151 1065 4205 posse
1083 4136 1218 4192 adiuuari.
1251 4135 1281 4192 Sl
1297 4141 1430 4208 patronus
1447 4138 1522 4208 lega·

97 4207 146 4268 tum
172 4225 222 4280 albi
245 4227 370 4282 relietum
389 4223 552 4295 adgnouerit
570 4223 653 4294 idque
671 4222 754 4280 luerit
770 4225 904 4294 edietum,
928 4226 1061 4296 competit
1078 4225 1104 4281 ei
1121 4225 1272 4295 legitimum
1291 4226 1435 4297 auxilium,
1458 4227 1524 4298 quia

98 4292 126 4448 ’ἓν
143 4314 218 4378 quod
235 4315 358 4386 sperauit
375 4329 407 4370 ae
424 4313 589 4384 habiturum,
608 4328 662 4369 uou
680 4311 772 4368 habet.
800 4313 850 4368 sed
868 4318 897 4369 et
914 4313 938 4368 si
956 4327 1011 4370 nou
1028 4318 1116 4370 totum
1129 4314 1249 4371 euiotum
1262 4314 1305 4386 sit,
1324 4329 1419 4370 uerum
1432 4314 1523 4386 ailquo
1542 4320 1571 4362 ⁴⁵

119 4404 289 4490 toronen)

100 4504 1522 4541 mm

102 4555 188 4628 ¹¹'dem
207 4577 313 4634 Graeci:
331 4595 399 4636 suus
419 4587 466 4633 irre.

102 4663 512 4698 Nm

104 4713 128 4770 ¹5
146 4735 321 4792 murtuo‘if‘
363 4739 396 4794 17
409 4735 588 4794 re'x'stituere
603 4737 637 4792 Ρ
673 4737 777 4794 2111ἰοὶ
830 4737 891 4794 buit
908 4739 1036 4794 effoetum
1053 4739 1149 4808 petitio
1162 4738 1230 4807 eius]
1250 4739 1273 4793 ei
1285 4737 1362 4792 uiuis
1376 4735 1523 4824 algerinu-

104 4783 130 4866 ,μ
176 4807 207 4861 22
223 4809 357 4879 nepotem}
377 4818 472 4881 scripsi
488 4830 543 4863 eum
558 4810 718 4876 Bisthoni:
738 4811 776 4864 aui
830 4809 941 4864 relectae
959 4809 991 4863 rb
1009 4810 1105 4876 tustra
1124 4811 1149 4864 B
1167 4811 1277 4876 (Aaou.)
1332 4810 1368 4864 43
1391 4815 1523 4878 111111110-

105 4869 201 4940 ‘illisue
216 4877 241 4933 ἑο
258 4879 339 4942 uiro?
355 4881 446 4934 ueiuac
462 4879 514 4941 ind
530 4879 577 4934 riu
596 4879 713 4944 tropeien
730 4881 778 4942 roi
831 4896 882 4935 uua
901 4881 1022 4950 legatum
1046 4881 1098 4936 sibl
1116 4881 1241 4936 relietum
1259 4879 1423 4950 adgnouerit
1440 4879 1523 4950 idque

106 4941 205 5011 I‘I‘uor.
221 4958 331 5022 nepotas
344 4953 371 5005 F
410 4950 778 5008 30utid'et'babereutlit
831 4949 914 5008 tuerit
931 4951 1029 5006 στοβ
1081 4952 1118 5008 45
1135 4950 1258 5023 sperabit
1274 4951 1301 5006 F

109 4993 192 5085 aite]
207 5021 227 5076 ri
240 5024 273 5076 l·
287 5025 293 5093 Ι
308 5019 435 5095 quise*
480 5023 515 5078 39
533 5022 557 5078 si
575 5038 641 5078 uero
660 5037 715 5078 nou
731 5022 777 5078 ha·
