3584 5454
280 213 444 284 XXXXVI
465 216 583 280 7.e-⁵
808 207 813 220 '
954 207 1042 290 728
1520 229 1716 282 marouwa

281 387 336 429 nou
358 373 492 450 exigitur,
517 389 551 428 an
574 372 761 429 committatur
784 370 937 443 stipulatio,
961 371 1114 442 quaeritur:
1138 372 1281 442 magirqm
1301 371 1366 443 erit,
1390 385 1425 426 ue
1445 370 1585 428 oommitti
1607 368 1715 442 debut,

281 463 334 519 nisi
351 449 433 520 fuerit
450 463 476 518 ei
494 461 651 518 mandatum
670 463 715 517 uel
732 465 822 518 ratum
841 460 977 518 habitum:
1001 461 1075 532 quod
1093 461 1165 517 enim
1183 461 1224 518 eis
1242 475 1325 532 agere
1342 460 1510 532 permittitur
1527 460 1622 516 edieto
1639 476 1716 531 prae

281 553 357 624 toris,
375 567 429 608 non
447 550 513 606 fauit
531 566 579 606 eos
596 555 795 622 proouratores.
821 551 914 622 itaque
932 550 956 606 si
974 551 1036 606 talis
1048 565 1166 621 persona
1183 550 1355 622 interueuiat,
1373 566 1409 606 ex
1426 551 1534 620 integro
1551 550 1606 605 erit
1617 565 1715 606 esnen-

248 651 264 698 4
282 641 356 696 dum.
392 640 448 696 Sed
466 644 495 696 et
512 640 586 711 quod
604 639 638 695 de
657 645 747 696 tutore
766 639 899 709 ffiximus,
921 640 961 694 ita
978 639 1167 710 aooipieudum
1186 645 1243 710 est,
1266 644 1311 711 ut,
1335 641 1360 696 si
1377 641 1401 696 is
1419 638 1514 710 luerit,
1533 640 1583 710 qni
1600 641 1715 696 tutelam

249 729 503 799 sudministrabat,
527 745 589 785 oum
608 733 682 785 tutor
699 745 755 785 uon
773 733 860 798 esset,
883 728 981 786 tutoris
1005 729 1187 800 appellatione
1211 744 1274 786 eum
1299 744 1354 786 non
1376 728 1519 786 oontiueri.
1555 727 1615 785 Sed
1638 735 1667 786 et
1691 730 1747 786 sis

282 819 391 890 quidem
410 824 486 876 tutor
503 819 547 890 sit,
566 835 621 874 non
638 822 731 875 tamen
749 819 829 890 quasi
846 821 925 882 tutor.
939 818 1051 888 negotia
1070 818 1241 874 administret
1260 819 1316 887 (uel
1333 818 1398 874 dum
1416 818 1526 889 ignorat
1543 819 1592 874 uel
1609 818 1664 874 alia
1681 833 1717 875 ex

282 912 393 978 eausa),
415 907 561 964 dieendum
579 908 632 964 erit
648 923 704 964 uon
721 907 855 964 oommitti
872 907 1090 979 stipulationem:
1113 924 1176 964 uam
1194 907 1285 964 edlelo
1302 908 1436 979 praetoris
1453 907 1493 963 illl
1509 908 1598 963 tutori
1614 908 1718 979 agendi

281 995 398 1052 facultas
416 997 511 1069 datur,
536 998 580 1053 oui
598 1014 616 1052 a
632 1002 746 1068 parente
763 997 901 1054 maioreue
918 1001 996 1068 parte
1014 1001 1137 1054 tutorum
1155 1011 1285 1054 οοιιιιιιιιο
1293 1001 1312 1067 ¹,
1335 998 1413 1054 omns
1430 1012 1465 1053 ea
1481 996 1637 1053 iurisdictio
1654 996 1717 1067 tuit,

248 1097 264 1144 e
281 1087 368 1142 tutela
389 1087 525 1156 permissa
547 1087 607 1142 erit.
643 1085 700 1142 Sed
723 1091 751 1142 et
769 1091 923 1142 curatorem
941 1087 1106 1158 aoeipiemua
1124 1084 1219 1143 furiosi
1236 1085 1369 1157 furiosae,
1387 1087 1453 1142 item
1469 1085 1568 1156 pupilli
1585 1086 1717 1158 pupillae,

167 1209 169 1214 -
282 1180 433 1231 ceterorum
452 1190 560 1246 quaeque
579 1179 727 1246 curatores,
746 1179 814 1246 puta
831 1175 1029 1232 adnleseentia:
1053 1176 1098 1232 uel
1115 1175 1140 1232 si
1157 1176 1269 1232 alterius
1287 1177 1366 1231 euius
1383 1177 1492 1230 auratos
1511 1176 1561 1245 sit,
1580 1177 1718 1233 eommitu'
1736 1188 1763 1228 ro

190 1281 191 1288 ¹
249 1275 264 1321 7
282 1267 350 1336 puto
368 1265 579 1335 stipulationem.
615 1264 644 1320 si
662 1269 737 1322 tutor
755 1279 817 1320 esse
833 1266 1018 1336 proponatur¹
1036 1265 1155 1336 regionis
1179 1265 1293 1322 alieuius
1316 1265 1361 1320 uel
1384 1264 1542 1335 prouineiae
1560 1265 1608 1322 uel
1624 1280 1717 1322 rerum

281 1354 446 1424 italicarum,
465 1369 635 1425 eonsequeus
653 1355 706 1410 erit
722 1353 822 1424 dioere,
840 1353 1043 1423 stipulationem
1061 1354 1101 1409 ita
1118 1353 1227 1410 demum
1246 1353 1388 1425 oommittu',
1406 1354 1430 1410 si
1448 1368 1482 1410 ex
1500 1368 1635 1409 eaeausa
1651 1369 1717 1424 ega

250 1443 343 1512 amnt,
363 1457 433 1512 quae
452 1443 487 1498 ad
506 1443 769 1500 administrationem
788 1457 882 1498 eorum
900 1442 1064 1512 pertinebat.
1094 1441 1123 1500 Si
1141 1458 1214 1514 reue,
1231 1447 1378 1514 postquam
1395 1442 1546 1500 iudicatum
1565 1443 1637 1499 solui
1653 1458 1717 1514 pro-

282 1532 365 1602 misit,
384 1531 497 1588 demens
515 1530 604 1588 iaetus
622 1533 672 1604 sit,
691 1547 727 1588 an
745 1530 885 1604 stipulatio
903 1532 1088 1588 oommittatur
1105 1531 1141 1590 ob
1159 1549 1216 1590 rem
1233 1547 1289 1588 uon
1305 1530 1461 1602 defensam,
1478 1533 1637 1602 pomum:
1659 1548 1715 1588 ma·

250 1631 265 1678 a
282 1621 379 1694 gisque
397 1625 449 1692 est,
466 1625 498 1676 ut
515 1621 708 1692 oommittatnr,
727 1621 751 1678 si
769 1636 850 1678 nemo
868 1635 931 1676 eum
949 1619 1088 1678 defendat.
1126 1621 1167 1678 Ob
1185 1638 1242 1678 rem
1265 1637 1320 1678 nou
1340 1619 1482 1676 defensam
1500 1621 1643 1692 stipulatio
1660 1637 1716 1677 non
1734 1631 1760 1673 re

235 1720 265 1767 ιο
283 1710 469 1780 summittitur,
487 1710 617 1781 quamdiu
635 1715 728 1781 potest
746 1710 865 1766 existere
882 1711 928 1781 qui
946 1708 1085 1768 detentat
1122 1709 1151 1768 Si
1169 1713 1262 1781 plures
1280 1709 1381 1768 luerint
1396 1709 1588 1782 fideiussores,
1607 1715 1716 1782 postea·

282 1813 365 1870 quam
388 1813 450 1854 oum
473 1815 528 1856 uno
550 1800 584 1856 lis
608 1803 764 1858 eontestata
786 1803 829 1856 est
852 1815 888 1856 ex
910 1800 1033 1858 elausula
1055 1797 1091 1858 ob
1112 1815 1171 1858 rem
1194 1815 1250 1860 nou
1273 1799 1429 1871 deiemam,
1452 1801 1513 1872 ipss
1534 1815 1601 1858 reus
1623 1804 1717 1872 potest

282 1888 421 1959 suseipere
439 1885 638 1946 defensionem:

246 1979 266 2037 4
335 1977 477 2033 luursuus
494 1976 563 2034 libro
575 1977 821 2052 quinquagensimo
833 1977 929 2050 quinto
941 1976 1120 2049 digestorum.
1148 1977 1293 2049 ἰοοιιοιι,
1312 1992 1374 2035 eum
1392 1992 1447 2049 qno
1465 1982 1559 2034 aetum
1578 1973 1716 2063 Q
1732 1984 1761 2038 'd

282 2063 343 2138 tuit,
363 2065 469 2123 absolui
487 2066 578 2124 debet.
600 2133 601 2136 Ἴ
1728 2081 1754 2121 aa

247 2157 266 2216 ti
337 2155 487 2212 Uermuus
505 2155 573 2213 libro
591 2155 814 2228 septusgemime
837 2155 953 2228 septimo
976 2154 1012 2211 ad
1035 2154 1164 2212 edietum.
1200 2155 1259 2212 lam
1276 2159 1369 2216 tamen
1387 2153 1558 2228 fideiussore,
1577 2151 1752 2242 ΜΕ

283 2245 331 2316 qni
348 2245 477 2302 iudioium
496 2250 648 2318 aooeperat,
667 2247 797 2304 damnato
815 2243 916 2302 frustra
933 2243 1120 2302 defensionem
1139 2260 1202 2301 reus
1220 2245 1348 2317 suseipit:
1366 2249 1489 2302 netarum
1507 2250 1537 2302 et
1554 2247 1580 2303 ai
1597 2248 1712 2304 solutum

252 2343 266 2389 1
283 2333 373 2406 luerit,
392 2341 572 2406 posteaquam
590 2336 740 2394 iudioatum
759 2341 808 2407 est,
827 2335 1017 2406 repetitionem
1029 2334 1250 2390 constituerimus
1265 2335 1324 2408 eius
1335 2334 1410 2406 quod
1422 2335 1542 2392 solutum
1555 2340 1609 2392 est
1640 2335 1711 2394 Unus

252 2433 319 2482 aex
339 2423 545 2482 fideiussoribus
568 2426 612 2482 uel
635 2423 781 2482 heredibus
802 2422 926 2495 pluribus
949 2423 1003 2480 allo
1025 2429 1152 2480 eeasaute
1174 2424 1313 2495 suseipere
1335 2422 1522 2481 defensionem
1546 2430 1649 2496 potest
1682 2426 1710 2482 Iu

283 2513 336 2570 hae
353 2514 530 2584 stipulatione
548 2515 613 2586 quia
629 2515 722 2586 plures
740 2529 841 2570 eausae
859 2517 924 2570 suut
940 2529 996 2570 una
1013 2513 1166 2584 quantitate
1178 2513 1331 2584 oondnsae,
1349 2513 1374 2569 si
1386 2514 1606 2570 committeretur
1624 2515 1709 2570 statim
1724 2522 1746 2565 ss

252 2603 424 2676 astipulatio
442 2618 477 2658 ex
494 2619 550 2659 uuo
569 2620 650 2676 amu,
668 2603 785 2674 amplius
803 2618 837 2660 ex
855 2602 1060 2659 alio'oommitti
1078 2618 1132 2659 uon
1149 2607 1250 2675 potest
1286 2602 1365 2659 Nune
1382 2601 1543 2674 uideamus,
1564 2604 1652 2674 qualis
1668 2603 1709 2660 de

284 2691 372 2749 leusio
391 2691 530 2764 exigatur,
555 2707 589 2748 ne
608 2693 794 2750 committatur
811 2691 965 2764 stipulatio,
988 2697 1017 2748 et
1034 2707 1149 2762 quarum
1172 2707 1358 2764 personarum.
1384 2697 1414 2748 et
1430 2693 1455 2748 si
1472 2692 1587 2763 quidem
1605 2708 1640 2749 ex
1655 2707 1708 2764 per·

285 2783 360 2839 seule
378 2783 544 2838 enumeratis
562 2783 590 2838 in
608 2781 795 2839 defensionem
813 2782 874 2854 quis
892 2781 1031 2852 sueoedat,
1049 2782 1140 2853 palam
1159 2787 1203 2838 est
1219 2786 1294 2838 reete
1311 2797 1368 2838 rem
1386 2780 1499 2838 delendi
1516 2797 1569 2838 neo
1584 2781 1708 2838 eommitti

285 2872 496 2944 stipulationem.
530 2873 554 2928 si
576 2887 642 2928 uero
665 2872 850 2929 exstrinseous
872 2885 991 2942 persona
1012 2870 1164 2930 defensoris
1185 2872 1364 2942 interueuiat,
1387 2885 1474 2942 aeque
1499 2871 1707 2942 stipulationem

286 2962 479 3031 oommittetur,
497 2963 521 3018 si
539 2961 621 3018 modo
638 2961 683 3017 ille
701 2966 813 3032 paratus
831 2961 867 3016 sit
884 2975 941 3016 rem
959 2960 1024 3018 boui
1041 2961 1094 3016 uiri
1112 2960 1245 3018 mbiuatn
1263 2959 1418 3031 defendere,
1436 2959 1490 3016 hoo
1508 2965 1553 3016 eat
1570 2961 1739 3018 satisdaratt

285 3051 326 3108 sio
343 3052 416 3107 enim
434 3051 543 3108 uidetur
560 3049 722 3122 defendere,
745 3051 769 3106 si
787 3050 916 3107 satisdet:
940 3055 1061 3106 aeterum
1080 3050 1103 3106 si
1121 3037 1279 3122 simplieiter
1295 3055 1409 3121 paratus
1428 3051 1465 3106 sit
1482 3051 1649 3108 interuenire
1664 3063 1707 3105 nee

286 3143 459 3213 admittetur,
485 3142 671 3198 oommittetur
687 3141 741 3196 ista
758 3140 898 3212 stipulatio
916 3139 953 3198 ab
970 3155 1028 3197 rem
1047 3155 1101 3196 nou
1119 3137 1270 3196 defensam.
1296 3139 1370 3210 quod
1388 3139 1492 3212 siquis
1510 3155 1576 3196 eum
1593 3141 1638 3197 uel
1655 3154 1706 3195 eum

286 3233 464 3290 satisdatione
487 3231 532 3287 uel
554 3231 614 3287 siue
638 3229 817 3286 satisdatione
839 3229 993 3302 admiserit,
1013 3230 1023 3302 i
1043 3243 1213 3300 consequens
1231 3229 1284 3285 erit
1301 3229 1405 3301 dioere,
1429 3230 1617 3300 stipulationis
1639 3229 1705 3286 istius
1717 3217 1767 3279 ttit'

253 3324 386 3380 anulum
404 3326 511 3393 partem
529 3319 676 3390 committi,
699 3319 764 3391 quia
781 3317 834 3376 sibi
852 3320 984 3390 imputare
1001 3317 1096 3390 debet,
1122 3319 1169 3388 qui
1186 3317 1269 3374 talem
1288 3315 1461 3376 defensorem
1479 3319 1602 3376 admisit
1638 3319 1665 3378 Si
1678 3333 1706 3374 οι

286 3411 506 3482 fideiussoribus,
531 3410 577 3483 qui
595 3409 745 3466 iudioatum
764 3409 833 3465 solui
851 3413 994 3481 cauerant,
1018 3410 1119 3466 existat
1136 3406 1276 3479 defensor,
1299 3407 1419 3478 plaeuit⁸
1438 3407 1473 3465 ob
1493 3424 1552 3465 rem
1571 3409 1706 3466 iudloatsm
1718 3409 1738 3455 ⁸⁵

254 3508 269 3556 t
286 3502 490 3572 stipulationem
508 3514 563 3556 non
581 3499 714 3556 oommitti
732 3503 878 3569 ceteraque
896 3497 992 3554 eadem
1011 3513 1081 3570 ease,
1099 3503 1182 3569 atque
1200 3498 1224 3554 si
1242 3502 1388 3554 exmauens
1406 3495 1538 3556 defensor
1549 3500 1657 3556 existat.
1681 3497 1706 3552 ln

286 3592 339 3649 hoo
357 3590 532 3662 stipulatione
550 3587 602 3643 hoo
619 3592 767 3661 traotatur,
790 3605 826 3645 an
843 3587 872 3644 hi
889 3589 936 3660 qui
953 3585 1150 3659 fideiussoriut,
1169 3587 1193 3644 si
1212 3585 1398 3644 defensionem
1416 3589 1575 3660 omiserint,
1599 3585 1706 3646 mandati

287 3681 388 3738 iudioio
406 3682 559 3736 teneantur.
588 3681 617 3733 et
634 3681 677 3734 est
693 3679 786 3735 uerius
803 3693 858 3735 non
876 3678 976 3734 teneri:
999 3677 1028 3733 hi
1050 3677 1122 3734 euim
1145 3677 1173 3733 in
1191 3677 1372 3748 quantitatem
1395 3677 1607 3736 interueuarunt
1622 3683 1651 3735 et
1665 3677 1706 3733 loo

254 3777 269 3823 ο
287 3771 339 3828 illis
358 3769 410 3826 init
427 3767 596 3838 mandatum,
615 3783 669 3824 non
687 3768 716 3824 in
733 3767 919 3825 defensione⁴.
956 3766 1027 3834 Quid
1043 3771 1144 3836 tamen,
1163 3766 1187 3822 si
1205 3771 1234 3822 et
1251 3765 1304 3822 hoo
1321 3765 1373 3822 sibi
1391 3765 1608 3839 adsumpserint,
1625 3773 1656 3825 ut
1670 3765 1706 3822 de

287 3859 414 3930 ieudant,
433 3875 468 3914 au
486 3857 608 3914 mandati
626 3857 733 3928 possint
750 3857 852 3928 agere?
878 3861 907 3913 et
924 3857 947 3913 si
966 3857 1075 3928 quidem
1094 3856 1160 3913 niati
1179 3861 1257 3928 sunt,
1279 3857 1374 3926 utique
1391 3855 1467 3928 quod
1484 3856 1522 3914 ob
1541 3873 1600 3914 rem
1619 3857 1738 3914 ludioni·

286 3955 344 4006 tam
361 3948 557 4020 praestiterunt
574 3951 788 4018 consequentur:
807 3951 933 4018 sumptus
950 3949 1043 4004 mmen
1060 3947 1115 4002 litis
1133 3945 1244 4002 minime
1261 3950 1364 4018 petent.
1390 3946 1415 4002 si
1427 3950 1522 4003 autem
1534 3947 1707 4019 optinuerunt

255 4045 269 4091 t
287 4045 417 4114 poterunt
435 4042 561 4108 sumptus
579 4037 634 4092 litis
652 4037 796 4107 nomenoi,
821 4037 903 4107 quasi
917 4036 995 4092 iuxta
1012 4035 1185 4108 mandatum,
1208 4036 1261 4092 etsi
1279 4050 1333 4092 nou
1351 4034 1511 4092 mandatum
1530 4035 1654 4094 feeerinl
1684 4032 1707 4090 Si

287 4136 381 4186 tamen
398 4130 490 4200 plures
508 4125 683 4182 fideiussores
702 4125 848 4183 defendere
866 4125 968 4182 merim
984 4126 1081 4197 parati,
1099 4123 1251 4197 uideamus,
1269 4129 1361 4180 utrum
1378 4140 1463 4180 unum
1482 4124 1656 4184 defensorem
1671 4123 1708 4180 de

288 4219 356 4277 beut
373 4219 448 4289 dare,
467 4235 502 4274 au
520 4232 586 4274 uero
605 4215 732 4288 sufficiat,
751 4222 782 4274 ut
799 4216 986 4288 uuusquisque
1004 4231 1097 4272 eorum
1116 4231 1165 4288 pro
1183 4220 1261 4288 parte
1278 4229 1329 4271 sna
1346 4211 1479 4270 defendat
1490 4217 1537 4272 uel
1549 4215 1707 4274 defensorem

251 4374 256 4382 ,
289 4318 479 4389 rmrmoo)

290 4465 300 4500 ¹
319 4473 388 4515 eoue
406 4461 449 4534 (ef
461 4459 498 4513 D.
511 4459 554 4523 26,
565 4459 591 4523 7,
603 4459 628 4522 3,
641 4459 672 4513 7:
691 4435 915 4525 Bactranorum?
985 4456 997 4493 ²
1015 4461 1120 4513 tutores
1138 4469 1199 4513 esse
1217 4453 1423 4526 proponantur?
1492 4455 1592 4514 ⁸er
1612 4457 1708 4515 Gauro:

289 4533 342 4588 nisi
360 4539 407 4586 ios.
477 4528 713 4585 ⁴deleneionem‘?

290 4661 490 4721 2habit‘ur'um
503 4662 540 4716 F’
583 4661 692 4732 lqui'a'
701 4665 752 4717 tut.
765 4661 803 4716 F*
848 4660 977 4750 lugendi
1029 4681 1078 4718 om.
1092 4663 1128 4716 F¹
1187 4662 1223 4718 23
1245 4662 1478 4734 eonstituerimus]
1502 4663 1566 4729 aire
1589 4663 1652 4720 atri
1673 4679 1708 4717 aa·

290 4734 416 4803 insultas]
432 4736 458 4799 P}
476 4735 518 4788 ins
537 4733 792 4803 agendiXYMOG
842 4732 977 4804 8ap’pa·
1029 4734 1136 4790 resisus
1155 4733 1220 4796 loia
1237 4731 1576 4803 damnatissimum)
1620 4737 1654 4794 34
1669 4735 1708 4790 im·

290 4812 367 4864 rente
395 4804 431 4859 Fi
456 4813 461 4875 ι
485 4820 614 4861 eorumne
643 4805 730 4874 ouius]
762 4807 796 4872 F,
825 4805 870 4862 uel
899 4805 977 4862 onius
1028 4806 1120 4878 putari
1138 4805 1221 4862 debet
1238 4803 1317 4876 qui'a'
1335 4807 1418 4864 idem
1437 4808 1475 4863 Ρ
1533 4809 1569 4864 37
1587 4807 1611 4864 si
1628 4803 1708 4862 defea-

290 4877 432 4934 XYMOG
483 4875 979 4950 14demsm1FYM0srnmar9aet
1030 4879 1134 4934 sionem
1153 4878 1294 4935 omiserint
1311 4897 1360 4934 om.
1373 4879 1419 4945 ΓΙ,
1437 4881 1579 4936 maeuii
1621 4879 1655 4936 39
1671 4875 1707 4932 de

290 4947 981 5098 astrueretur,orooro
1029 4947 1209 5077 ιιιι
1261 4950 1296 5006 ι
1312 4951 1560 5022 ιιι
1576 4951 1582 5022 ¹
1597 4953 1707 5020 ιι
