3616 5468
178 119 466 188 uxrrnrer-r
850 110 935 190 158
1289 86 1618 190 'nrum
1656 194 1724 210 ι

179 279 269 334 'litim
286 275 416 332 deiunoto
434 275 566 330 donetore
584 274 647 330 Seio
665 273 772 330 dederit
789 278 818 328 et
835 271 915 328 beree
933 273 993 329 eine
1011 276 1089 343 petet
1105 271 1237 342 debitum,
1255 271 1335 328 Seiae
1353 271 1409 328 doli
1421 270 1612 340 emptionem
1732 291 1779 328 ι

146 375 160 419 e
178 366 269 422 hebet
296 367 375 421 Nono
392 365 427 421 de
445 365 545 420 elleetu
561 363 646 432 legrti
663 363 817 418 uidemur.
844 367 874 418 et
891 361 915 418 ei
933 361 1043 432 quidem
1062 360 1128 418 mihi
1146 361 1269 418 liberetio
1287 361 1324 416 eit
1340 361 1443 431 reliete,
1461 375 1526 416 oum
1538 359 1613 415 eolue
1727 377 1780 418 a

179 457 229 512 eim
248 455 364 525 debitor,
382 454 442 510 eiue
460 469 477 508 e
494 468 539 508 me
556 456 674 524 petetur,
692 451 853 522 exemptione
871 451 912 506 uti
929 466 1050 521 pereum,
1068 452 1128 507 eine
1146 465 1201 508 non
1212 455 1330 521 petetur,
1347 465 1459 521 poenum
1472 463 1565 519 egere,
1583 452 1625 502 ut
1717 457 1781 507 a

178 545 277 601 liberer
294 560 344 615 per
361 543 607 614 oooeptilutionem.
640 541 690 597 eod
708 546 738 596 et
754 540 778 596 ei
796 555 859 595 oum
879 541 932 596 ulio
950 541 1001 596 eim
1020 539 1141 610 debitor,
1165 545 1235 611 pntn
1250 539 1306 596 duo
1324 540 1364 596 rei
1381 537 1484 596 iuimnn
1501 538 1614 608 promit·
1732 571 1778 582 -

178 634 262 704 tondi,
282 633 393 690 etmihi
411 633 462 688 eoli
479 635 595 688 memor
613 631 766 686 oenenltum
784 629 880 698 uoluit,
898 630 1007 700 egendo
1025 643 1186 701 ooneequer,
1203 645 1258 686 non
1276 635 1308 684 ut
1325 633 1439 698 eooepto
1450 626 1561 697 liberer,
1580 641 1625 682 ne
1730 646 1777 683 ε
1793 645 1806 685 ι

179 725 261 779 etiem
280 738 396 779 oenreue
415 720 426 792 Ι
445 736 523 778 meur
540 719 669 776 liberetur
686 723 783 776 oontrn
799 720 939 776 teetetorle
958 721 1136 790 uoluntatem,
1155 719 1205 775 red
1218 716 1455 788 protoliberebor.
1485 714 1627 785 eedquid.
1736 718 1802 790 lq

179 813 202 868 ei
220 813 287 869 eonii
305 811 425 868 fuimnei
451 810 603 878 uideemne,
622 824 658 864 ne
675 823 724 878 per
742 809 977 879 nooepn'letionem
990 807 1106 866 debeem
1117 807 1239 866 liberari:
1258 807 1386 877 nlioqniu,
1404 805 1469 862 dnm
1484 819 1633 862 eeonrem
1736 827 1770 858 ε

178 917 240 958 meo
258 903 368 972 petitur,
386 915 439 971 ego
457 900 602 970 inquietor.
632 904 661 954 et
677 899 718 954 ite
735 899 856 954 lulinnne
874 898 943 954 libro
960 899 1102 968 tripeeimo
1120 897 1242 954 seeundo
1259 897 1427 966 digeetorum
1446 895 1573 965 eoripeit,
1592 895 1642 950 εἰ
1738 898 1766 950 ζ·

85 985 98 1020 '⁷
144 999 160 1044 ι
179 991 289 1063 quidem
313 991 380 1047 eooli
397 1005 452 1046 uon
471 990 569 1060 eimne,
592 993 673 1058 puoto
691 1002 735 1044 me
752 987 854 1044 debere
870 988 993 1058 liberari,
1015 988 1138 1057 eieooii,
1161 1002 1211 1056 per
1228 986 1473 1056 eooeptiletionem.
1511 984 1638 1040 Gonoe-
1756 1017 1760 1022 -

178 1085 293 1152 quonter
316 1079 468 1150 errentur,
493 1095 529 1134 en
553 1081 582 1132 et
603 1077 648 1132 ille
671 1078 762 1132 eooiur
784 1093 835 1148 pro
857 1078 990 1148 legatorio
1013 1075 1160 1146 bebetetur,
1184 1075 1262 1132 enine
1282 1089 1381 1132 nomen
1398 1074 1427 1130 iu
1444 1078 1635 1130 testemontr»
1771 1087 1797 1127 ro

178 1171 308 1240 seriptum
326 1183 381 1224 nou
399 1171 450 1236 eet,
468 1167 532 1222 lioet
549 1165 722 1222 eommodunr
741 1181 776 1220 ex
793 1171 958 1222 teetemento
976 1165 1013 1222 ed
1030 1171 1177 1236 nto-nmque
1194 1165 1338 1235 pertineat,
1356 1164 1380 1218 el
1398 1163 1468 1218 eonii
1483 1169 1560 1220 eunt.
1588 1167 1641 1218 et·-

178 1265 222 1316 oet
238 1275 334 1316 uerum
352 1271 407 1312 non
425 1255 512 1311 nolum
530 1269 602 1325 eum,
621 1255 699 1310 enine
716 1269 815 1311 nomeu
834 1256 862 1312 iu
879 1259 1045 1312 toetomento
1060 1255 1190 1324 eeriptum
1203 1259 1255 1323 eet,
1272 1252 1435 1323 legeterium
1446 1250 1639 1322 bobendon,

178 1365 274 1405 nerum
292 1362 354 1403 eum
372 1359 494 1416 quoqne,
512 1344 559 1414 qni
576 1359 632 1399 nou
650 1348 694 1400 eet
711 1345 843 1415 eoriptue,
862 1346 885 1400 ei
903 1351 932 1400 et
950 1345 1009 1400 eine
1027 1343 1256 1413 contemplatione
1273 1342 1398 1398 liberetio
1415 1341 1513 1396 relioto
1530 1345 1636 1396 eeeet.

146 1444 161 1491 e
179 1437 293 1508 Utrique
317 1441 408 1492 eutem
434 1433 559 1503 legetrrii
580 1431 714 1489 habentor
731 1437 761 1488 et
777 1433 805 1488 in
824 1433 875 1490 hoo
893 1449 968 1490 oren.
1002 1449 1065 1489 nrm
1083 1438 1112 1488 et
1130 1432 1154 1488 ei
1171 1431 1246 1502 qued
1263 1446 1317 1500 ego
1334 1429 1423 1486 debeo
1440 1430 1516 1486 litio
1534 1430 1573 1486 eit
1591 1430 1639 1484 ei

177 1528 299 1598 legetnm
324 1524 377 1580 mei
401 1523 505 1594 gretie,
529 1527 561 1577 nt
584 1537 637 1592 ego
654 1520 766 1592 liberer,
789 1537 870 1578 nemo
889 1539 932 1578 me
951 1521 1064 1593 uegebit
1080 1521 1256 1592 legeturinm,
1280 1525 1311 1576 ut
1329 1524 1358 1576 et
1375 1520 1498 1576 Iulienue
1516 1519 1636 1574 eoden

178 1615 247 1672 libro
271 1613 373 1671 eoribit.
407 1617 436 1667 et
452 1612 597 1666 Marcellus
619 1617 698 1666 notet
719 1611 863 1681 utriunque
883 1613 1006 1682 legatum
1024 1626 1086 1668 enee
1104 1616 1161 1666 tem
1179 1625 1270 1666 meum
1287 1624 1370 1680 quem
1388 1608 1532 1665 oreditorie
1552 1609 1637 1678 mei,

179 1706 231 1762 etel
249 1702 381 1760 soluendo
398 1699 489 1756 fuero:
507 1700 639 1756 intereree
656 1701 729 1756 eninr
746 1700 891 1756 oreditorie
907 1700 977 1756 duee
995 1715 1057 1756 reon
1074 1699 1184 1756 hebere.

142 1791 162 1849 4
232 1795 402 1850 Pourourne
419 1789 489 1846 libro
506 1790 623 1860 reprimo
641 1805 676 1845 ex
693 1789 809 1846 Pleutio.
837 1789 908 1856 Quid
926 1805 992 1858 erpo
1009 1795 1062 1860 eet,
1080 1805 1142 1845 oum
1154 1803 1238 1859 egere
1248 1789 1364 1859 poterit¹
1377 1803 1434 1844 ere
1466 1780 1633 1855 ιἰῗιῖιῐί
1728 1785 1737 1806 ”

179 1883 251 1940 ditor
274 1897 309 1938 er
326 1879 511 1936 teetemento‘i
533 1893 588 1936 uon
609 1879 688 1934 alitor
705 1878 784 1935 beree
802 1879 978 1936 oondemueri
995 1877 1120 1948 debebit,
1143 1894 1225 1948 quem
1243 1878 1267 1933 ei
1284 1882 1416 1934 enueetur
1433 1877 1459 1932 ei
1477 1863 1634 1934 eduorum}

180 1971 331 2028 debitorem
350 1967 465 2025 deleneu
482 1968 524 2024 iri.
554 1969 620 2024 item
639 1973 739 2038 egente
756 1967 880 2025 debitore
898 1969 964 2024 nibil
982 1969 1099 2039 emplius
1116 1968 1195 2024 hereo
1213 1972 1353 2038 preertere
1372 1965 1463 2036 debet,
1482 1983 1567 2038 quern
1586 1967 1640 2022 ut

179 2075 242 2118 eum
261 2060 394 2116 eduerene
412 2057 574 2114 oreditorem
592 2055 732 2114 defendet

143 2148 161 2206 5
233 2148 383 2206 Umerus
400 2145 469 2202 libro
487 2147 618 2203 nioeelmo
635 2147 717 2202 tertio
735 2146 772 2203 ed
790 2146 930 2203 Sabinum.
957 2147 987 2203 Si
1004 2147 1067 2218 quie
1084 2162 1160 2204 reum
1174 2144 1276 2202 hebent
1287 2149 1317 2202 et
1327 2144 1436 2204 fideiue·
1455 2139 1636 2232 [Q

179 2253 269 2294 eorem
288 2243 317 2293 et
332 2251 380 2293 reo
397 2235 584 2292 liberationem
603 2236 685 2306 leget,
703 2235 825 2292 lnlienue
842 2236 943 2292 ibidem
962 2237 1072 2307 eoripeit
1089 2251 1165 2292 reum
1182 2250 1232 2305 per
1249 2236 1486 2306 uooeptiletionem
1498 2237 1635 2296 liberen-

180 2327 260 2384 dum:
279 2327 398 2396 alioquin
416 2326 441 2381 ei
456 2324 646 2380 ddelneeorem
664 2325 787 2394 eoeperit
803 2326 958 2396 oonuenire‚
977 2327 1031 2382 elie
1043 2325 1149 2381 retione
1160 2339 1224 2382 reue
1236 2327 1405 2382 oonuenitur.
1432 2327 1501 2396 quid
1512 2331 1633 2395 temen,

180 2417 204 2472 ei
222 2415 377 2472 denotionis
395 2431 480 2470 enuen
495 2413 641 2470 ddeiueeor
658 2414 806 2470 interuenit
822 2429 873 2470 neo
890 2414 974 2470 hebet
991 2414 1124 2472 eduerrne
1142 2429 1219 2470 remu
1236 2415 1413 2484 regreeeum‘i
1442 2417 1488 2472 nel
1506 2416 1576 2486 quid
1594 2413 1634 2472 ei

180 2503 216 2560 ed
239 2503 428 2560 ddeiueeorem
449 2504 567 2574 peouuie
591 2503 747 2574 peruenerit
770 2508 799 2558 et
821 2503 897 2572 ipre¹
920 2519 996 2560 reum
1020 2503 1127 2560 dederit
1148 2503 1210 2560 uioe
1228 2519 1280 2560 eun
1296 2505 1411 2575 ipseque
1428 2503 1636 2564 lideioeeerit?

180 2599 262 2666 puoto
285 2598 328 2649 eet
345 2607 409 2648 reue
426 2592 592 2648 liberendue.
626 2593 720 2662 atquin
738 2593 858 2648 eolemue
876 2593 967 2650 dieere
984 2593 1059 2663 poeti
1077 2593 1267 2664 eroeptionem
1285 2592 1438 2650 lideiueoori
1456 2583 1490 2667 ΙΕ

181 2682 309 2753 deudem,
328 2697 400 2753 quee
418 2697 465 2738 reo
484 2682 626 2752 oompetil:
645 2681 695 2737 eed
713 2697 775 2738 oum
794 2683 848 2738 elie
864 2683 900 2738 eit
911 2698 988 2738 mene
1000 2683 1126 2752 legentis,
1145 2682 1215 2738 olio⁸
1226 2683 1399 2753 peeieoentie,
1418 2699 1521 2756 neque·
1541 2677 1635 2769 [(Ῑῇ

149 2783 159 2828 l
181 2789 262 2845 qoem
280 2772 333 2828 hoo
351 2772 475 2826 dioimue.
504 2771 583 2838 Quod
595 2771 618 2826 ei
630 2769 784 2828 fideineeori
795 2773 832 2828 eit
842 2771 967 2828 liberatio
979 2773 1080 2842 legato,
1098 2772 1157 2827 eine
1169 2770 1262 2842 dnbio,
1279 2777 1311 2826 ut
1323 2776 1352 2827 et
1361 2772 1484 2828 Iulinnne
1496 2759 1632 2845 eoripeit‘,

180 2868 262 2934 poeto
280 2861 332 2916 erit
350 2859 494 2916 fideineeor
511 2859 676 2916 liberandus.
703 2861 754 2916 eed
771 2861 861 2916 ethio
878 2865 946 2932 puto
964 2861 1100 2916 interdum
1117 2861 1324 2932 eooeptr'letione
1336 2860 1516 2934 liberandum,
1536 2866 1561 2920 ei
1573 2861 1634 2921 uel

148 2963 163 3008 t
181 2967 244 3008 reue
261 2951 320 3022 ipee
338 2965 404 3005 uere
422 2948 474 3005 luit
491 2953 539 3004 eut
557 2951 584 3004 in
603 2965 663 3005 eam
683 2966 739 3006 rem
756 2951 847 3007 eooiue
859 2965 932 3006 reue.
958 2949 1034 3005 Idem
1046 2949 1167 3006 Iulienue
1179 2949 1276 3006 eodem
1288 2949 1357 3006 libro
1369 2951 1488 3022 eoripeit,
1507 2953 1533 3008 ei
1545 2951 1632 3010 filins

180 3039 297 3097 familiae
320 3037 428 3096 debitor
445 3037 528 3094 buerit
545 3045 574 3094 et
590 3039 662 3109 petri
680 3039 740 3096 eine
757 3038 840 3095 fuerit
856 3039 981 3096 liberetio
998 3039 1107 3108 reliete,
1130 3044 1238 3110 petrem
1255 3043 1336 3109 puoto
1352 3040 1525 3098 lrbernudom
1545 3058 1633 3112 esee,

180 3145 215 3186 ne
234 3131 317 3185 etiem
334 3126 407 3183 illine
424 3126 562 3184 liberetur.
589 3133 619 3184 et
635 3129 723 3199 perui,
741 3129 837 3199 inquit,
856 3127 947 3198 refert,
965 3130 988 3184 ei
1005 3130 1043 3186 eit
1059 3128 1162 3199 uliquid
1179 3129 1208 3186 in
1225 3129 1334 3200 peoulio
1345 3129 1390 3188 die
1401 3131 1486 3200 legem
1499 3131 1634 3190 oedente

181 3233 280 3276 neone:
310 3216 484 3273 eoouritetem
508 3217 580 3272 enim
605 3223 683 3288 peter
705 3231 756 3288 per
777 3217 830 3274 hoe
852 3219 972 3288 legatum
997 3219 1186 3288 oourequitur:
1210 3220 1340 3290 memme,
1364 3221 1467 3290 inquit,
1489 3237 1557 3278 oum
1579 3219 1632 3280 rei

180 3307 343 3364 iudioeudue
360 3311 469 3376 tempor
488 3306 561 3362 oiroe
577 3307 715 3376 peeulium
733 3311 881 3378 epeototur.
911 3307 974 3362 huie
990 3308 1063 3378 putri
1074 3308 1190 3364 eimilem
1202 3306 1270 3364 feeit
1280 3309 1554 3382 lullonuemeritnnr,
1574 3307 1632 3368 oui

180 3412 250 3453 uxor
266 3401 330 3467 poet
348 3394 493 3450 diuortium
512 3394 699 3452 liberationem
718 3396 791 3452 dolie
808 3397 925 3466 legeuit:
949 3413 1012 3452 nem
1030 3402 1060 3452 et
1077 3397 1162 3468 bnue,
1180 3397 1245 3454 lieet
1262 3397 1307 3453 die
1325 3398 1409 3468 leguti
1426 3399 1547 3456 cedente
1564 3401 1632 3458 eol-
1750 3451 1757 3459 ,,

180 3485 271 3544 nendo
289 3499 343 3541 nou
361 3485 405 3553 eit,
423 3484 584 3554 legeturium
602 3500 679 3541 eeee:
698 3491 727 3542 et
744 3491 890 3555 utrumqne
901 3486 941 3540 eit
952 3487 1071 3543 eolutum
1083 3492 1207 3558 repetere
1219 3502 1274 3544 uon
1285 3501 1377 3557 poete.
1404 3487 1454 3544 eed
1466 3491 1631 3546 eetuerius

181 3574 255 3645 quod
272 3574 415 3630 lleroellur
432 3576 511 3629 notet
528 3579 634 3644 petrem
652 3576 764 3644 petore⁴
781 3589 864 3644 poene
882 3574 1012 3642 (nondum
1025 3575 1098 3632 enim
1114 3581 1173 3631 eret
1189 3574 1305 3646 debitor,
1323 3591 1386 3632 eum
1399 3577 1540 3648 solueret),
1560 3595 1630 3636 me.-
1743 3613 1745 3622 ε

180 3664 262 3720 ritum
280 3678 335 3719 non
353 3677 443 3734 poree,
461 3662 536 3732 qnod
553 3662 676 3720 debiturn
694 3664 785 3720 eolnit.
815 3667 921 3734 petrem
939 3665 1012 3720 enim
1029 3665 1082 3720 etei
1098 3665 1161 3734 quie
1178 3663 1329 3720 debitorem
1343 3665 1558 3738 ›erietimruerit
1576 3673 1629 3724 et-
1736 3719 1738 3726 ,

149 3756 274 3808 ttamen
290 3753 352 3808 loeo
369 3767 431 3808 eeee
449 3741 644 3808 eondieionnlie
662 3752 803 3823 debitor-ie,
821 3767 902 3824 quem
921 3753 1040 3810 eolutum
1059 3759 1182 3824 repetere
1200 3769 1283 3824 poree
1300 3769 1355 3810 non
1373 3752 1531 3824 ambigitur.
1560 3751 1628 3814 Sed

181 3842 206 3898 ei
228 3841 374 3898 demnetue
396 3841 433 3896 eit
454 3839 535 3898 beree
557 3839 642 3898 lilium
666 3840 794 3910 liberere,
819 3857 875 3898 nou
892 3841 977 3898 edioit
993 3843 1128 3912 lulienne,
1153 3847 1244 3898 utrum
1261 3843 1470 3912 eeoeptllutione
1488 3842 1564 3902 filine
1583 3859 1629 3902 nm

180 3935 263 4002 puoto
281 3931 318 3986 eit
333 3929 505 3986 liberundur:
523 3929 700 3986 reduidetur
717 3930 770 3986 hoe
787 3931 898 4001 eentire,
916 3931 996 4002 queri
1013 3931 1221 4002 eooeptiletione
1239 3930 1340 3988 debent
1351 3930 1469 4002 liberari,
1487 3949 1562 4004 quoe
1574 3945 1631 3992 reu

181 4021 251 4090 petri
269 4034 379 4090 quoque
395 4019 526 4090 proderit
553 4018 628 4089 quod
646 4019 823 4090 optinendum
842 4023 893 4090 eet,
911 4019 964 4075 ulei
981 4020 1124 4077 euidenter
1139 4019 1306 4090 approbetur
1317 4021 1483 4078 eontrarium
1496 4025 1631 4082 eeneieee

181 4113 349 4178 teetutorem,
367 4108 396 4164 id
414 4113 458 4163 eet
474 4123 509 4164 ne
527 4106 599 4164 filine
618 4109 627 4179 ll
646 4108 821 4182 inquietetur,
839 4124 894 4166 uon
912 4123 947 4165 no
964 4113 1057 4179 peter:
1078 4113 1144 4166 tuno
1161 4109 1234 4166 enim
1252 4109 1459 4180 nooeptilntione
1478 4126 1545 4168 eum
1564 4127 1630 4170 nom
1698 4143 1708 4182 2

149 4196 361 4268 rumentum,
379 4197 430 4253 seu
447 4202 538 4268 poe.
568 4195 645 4252 roem
662 4197 784 4254 runnu
801 4198 918 4269 serpit,
937 4197 961 4254 u
979 4213 1029 4269 pro
1046 4196 1102 4255 nno
1120 4203 1199 4268 per
1216 4196 1381 4256 eminuere
1397 4199 1478 4270 uque
1489 4201 1629 4260 rinenoo
1674 4183 1706 4285 i

182 4287 219 4342 eit
235 4287 335 4357 legate,
353 4300 416 4342 enm
434 4291 516 4356 puoto
536 4285 705 4343 liberandum
723 4287 803 4358 queei
820 4285 1019 4358 fideineeorem,
1036 4302 1092 4343 nou
1110 4288 1189 4358 queri
1206 4292 1321 4360 petrem,
1340 4293 1369 4344 et
1385 4288 1448 4346 ideo
1460 4289 1497 4346 de
1507 4292 1625 4364 peoulio
1688 4306 1697 4427 J

181 4409 424 4480 antenoreo)
1351 4401 1356 4410 '
1668 4433 1688 4569 1

185 4589 334 4660 werpum
351 4589 426 4656 <eeu
440 4589 614 4661 eremmon
685 4591 783 4661 ’ipeel
801 4590 845 4645 ur
915 4591 1062 4661 maganus
1081 4591 1135 4646 uua
1152 4593 1199 4646 ιιι.
1271 4593 1423 4661 uaporem
1442 4571 1542 4661 (edelr
1659 4589 1677 4738 J

183 4765 345 4836 dpoeenm]
375 4765 517 4831 WDEIG,
541 4767 645 4837 poeoim
671 4768 721 4822 Hi
778 4767 806 4852 4·
822 4781 871 4837 per
924 4767 1019 4824 ditorie
1038 4768 1115 4826 'duoe
1135 4768 1205 4824 reor'
1224 4768 1277 4824 mei
1299 4768 1336 4822 pr
1401 4769 1436 4824 dt
1458 4770 1500 4840 et]
1524 4775 1557 4826 nt
1580 4770 1615 4824 Γ·
1656 4739 1667 4853 J

183 4837 278 4891 om.F¹
321 4839 404 4893 bnon
417 4838 456 4908 ut]
470 4843 568 4896 utnon
579 4839 617 4893 ΡΙ
662 4838 871 4908 'lello‘qmnF‘
924 4841 959 4896 36
977 4845 1006 4896 et
1022 4839 1113 4896 humo
1132 4840 1167 4893 Fr
1445 4853 1447 4858 ·

183 4907 474 4978 ooomeqummrrv
511 4911 544 4968 15
557 4909 731 4982 'e'utegorl
769 4911 802 4968 16
815 4925 870 4968 oro
1010 4951 1012 4956 -
