4350 5438
298 279 564 330 nnsouonmus
968 259 1057 342 915
1505 335 1508 342 ,
1607 264 1730 332 L41s
1826 309 1829 316 -

298 420 344 474 usl
361 421 448 490 exigit
465 421 508 476 uel
527 423 631 490 erogat,
650 424 679 475 et
696 425 838 477 exactores
856 422 989 491 pecunias
1006 438 1057 491 pro
1075 421 1212 492 capitibus
1224 421 1376 492 personalis
1388 421 1508 478 muneris
1520 422 1730 478 sollicitudinem

265 509 444 564 susstinens.
480 508 536 584 Sed
554 515 584 564 ct
600 515 755 580 curatores,
777 512 825 581 qui
844 510 879 566 ud
897 510 1066 581 colligendos
1088 512 1242 568 ciuitatium
1264 510 1389 582 publicos
1413 510 1518 566 reditus
1542 511 1609 580 eligi
1632 513 1730 582 solent,

249 604 280 650 1⁰
298 600 435 668 personali
453 614 565 654 munere
584 598 773 670 subiugantur.
809 600 844 654 Hi
863 615 985 670 quoque,
1008 601 1055 670 qui
1079 600 1208 656 custodes
1231 599 1340 656 aedium
1364 600 1408 656 uel
1429 600 1574 656 archeotae
1592 601 1637 656 uel
1655 601 1730 670 logo-

298 687 396 758 graphi
414 689 458 743 nel
475 687 603 743 tabularii
621 689 665 744 uel
684 688 867 759 xenoparochi
885 689 973 756 (utin
990 688 1153 759 quibusdam
1172 689 1342 756 ciuitatibus)
1361 690 1406 745 nel
1422 689 1604 746 limenurchue
1622 690 1666 746 uel
1685 705 1731 744 cu·

298 781 404 833 ratores
426 777 466 848 ad
485 777 637 833 extruenda
658 778 703 832 uel
725 776 875 833 reficienda
897 775 1022 833 aedificia
1044 778 1155 848 publica
1178 779 1237 834 siue
1261 779 1365 849 palatia
1387 779 1447 834 siue
1466 779 1575 834 naualia
1593 779 1638 834 uel
1656 787 1764 834 man-s

298 866 390 922 sioncs
408 865 594 937 destinantur,
617 869 641 923 si
664 873 757 922 tamrm
775 869 919 938 pecuniam
942 866 1080 938 publicam
1104 868 1132 923 in
1154 868 1246 938 operis
1269 863 1401 923 fabricam
1420 873 1549 938 erogent,
1572 872 1601 923 et
1623 868 1669 936 qui
1691 866 1731 922 fa·

299 955 404 1010 ciendis
421 957 466 1011 uel
484 955 638 1012 reficiendis
656 956 782 1026 nauibus,
794 955 846 1012 ,nbi
865 971 931 1012 rusus
949 957 1044 1026 exigit,
1062 960 1276 1028 praeponuntur,
1297 955 1456 1012 muneribus
1473 957 1665 1027 personalibus
1684 957 1731 1012 ad·

247 1051 277 1096 11
299 1045 478 1114 stringuntur.
515 1045 668 1101 Camelaria
686 1060 795 1116 quoque
813 1045 937 1102 similiter
953 1047 1097 1116 personale
1116 1063 1215 1102 munus
1232 1052 1288 1102 est:
1314 1063 1376 1101 nam
1400 1047 1507 1102 ratione
1525 1045 1620 1102 habita
1638 1051 1667 1101 et
1684 1047 1731 1102 ali-

298 1139 451 1189 mentorum
470 1138 499 1190 et
517 1135 682 1192 camelorum
701 1139 777 1192 certa
794 1136 913 1205 pecunia
929 1136 1082 1193 camelariis
1100 1135 1160 1191 dari
1178 1134 1276 1205 debet,
1299 1140 1331 1191 nt
1353 1135 1412 1190 solo
1435 1136 1557 1206 corporis
1580 1136 1731 1192 ministerio

298 1220 462 1292 obligentur.
490 1223 541 1279 hos
558 1240 593 1280 ex
611 1224 666 1280 albi
684 1224 779 1280 ordine
797 1225 891 1280 uocari
908 1239 960 1280 nec
978 1225 1034 1280 nlla
1051 1225 1228 1282 excusatione
1245 1224 1368 1294 liberari,
1393 1225 1446 1280 nisi
1464 1225 1523 1282 sola
1540 1226 1608 1280 laesi
1626 1227 1654 1280 et
1672 1226 1731 1281 inu·
1751 1234 1779 1274 1⁰

248 1319 279 1364 11
297 1311 354 1366 tius
372 1313 492 1382 corporis
510 1317 540 1370 et
556 1311 730 1383 infirmitate,
753 1313 908 1383 specialiter
925 1314 977 1370 sit¹
996 1329 1164 1384 expressum.
1201 1314 1299 1386 Legati
1317 1328 1439 1384 quoque,
1463 1315 1510 1384 qui
1529 1313 1565 1368 sd
1582 1314 1731 1370 sacrarium

297 1400 429 1472 principis
446 1403 606 1472 mittuntur,
624 1403 690 1472 quia
706 1403 851 1472 uiaticum,
870 1403 944 1472 quod
961 1403 1112 1473 legatiuum
1131 1403 1239 1473 dicitnr,
1258 1402 1394 1460 interdum
1412 1403 1503 1458 solent
1520 1404 1658 1473 accipere,
1681 1401 1731 1458 sed

248 1497 279 1543 rt
299 1493 328 1544 et
349 1493 549 1562 nyctostrategi
574 1497 602 1546 et
623 1492 800 1562 pistrinorum
825 1497 965 1548 curatores
988 1493 1132 1562 personale
1156 1507 1255 1548 munus
1280 1492 1384 1548 ineunt.
1420 1489 1587 1548 Defensores
1612 1507 1731 1562 quoque,

298 1593 368 1648 qnos
386 1577 484 1636 Graeci
502 1580 633 1652 syndicus
651 1581 803 1652 appellant,
828 1581 921 1651 etqui
939 1580 975 1636 ad
993 1587 1096 1638 certam
1115 1597 1226 1638 musam
1245 1581 1382 1651 mendam
1401 1581 1446 1636 uel
1463 1579 1665 1638 defendendam
1684 1581 1730 1636 eli-

248 1673 412 1740 reguntur,
435 1667 557 1726 laborem
575 1671 726 1741 personatis
745 1671 865 1726 muneris
883 1669 1090 1740 adgrediuntur.
1125 1670 1268 1726 Iudicandi
1286 1685 1397 1742 quoque
1414 1671 1566 1727 nenessitas
1584 1671 1655 1726 inter
1672 1685 1730 1725 mu·
1749 1677 1778 1720 rr

248 1763 279 1810 11
297 1772 364 1812 nera
386 1759 542 1827 personetis
563 1757 688 1814 habetur.
724 1758 754 1816 Si
777 1759 875 1830 aliquis
898 1757 982 1815 fuerit
1004 1760 1122 1830 eiectus,
1149 1765 1180 1815 ut
1208 1760 1355 1829 compellet
1381 1775 1444 1830 eos,
1471 1759 1518 1830 qui
1544 1773 1629 1829 prope
1656 1759 1730 1814 uiam

248 1853 279 1899 re
297 1845 434 1916 publicam
453 1847 605 1919 possident,
624 1851 746 1904 sternere
764 1849 846 1919 uiam,
865 1849 1008 1918 personale
1027 1863 1127 1906 munus
1144 1853 1195 1904 ost
1227 1847 1290 1904 Pari
1309 1847 1391 1904 modo
1409 1849 1457 1919 qui
1474 1848 1652 1918 acceptandis
1670 1848 1730 1903 siue

297 1936 480 2005 suscipiendis
498 1937 672 1994 censualibus
693 1935 909 2008 professionibus
933 1938 1119 2008 destinantur,
1142 1937 1178 1992 ad
1199 1937 1352 2006 personalis
1376 1937 1496 1994 muneris
1520 1937 1730 1994 sollicitudinem

246 2030 278 2076 17
296 2025 417 2080 animum
435 2025 588 2082 intendunt.
624 2026 821 2097 Mastigophori
839 2041 962 2098 quoque,
981 2027 1028 2097 qui
1046 2025 1228 2097 agonothetas
1247 2027 1275 2081 in
1293 2025 1488 2082 certaminibus
1506 2027 1684 2095 comitantur,
1703 2029 1732 2081 et

247 2119 278 2164 18
296 2113 403 2170 scribae
421 2115 598 2184 magistratus
615 2116 753 2185 personali
771 2116 876 2172 muneri
894 2117 1026 2172 seruiunt.
1060 2116 1287 2172 Patrimoniorum
1306 2119 1371 2170 sunt
1388 2131 1509 2185 munera,
1527 2131 1598 2185 qnae
1617 2115 1730 2185 sumpti·
1750 2125 1780 2168 ao

247 2205 278 2253 19
296 2201 349 2258 bus
367 2204 522 2282 patrimonii
540 2211 569 2260 et
586 2205 694 2262 damnis
712 2204 927 2260 administrantis
945 2203 1136 2275 expediuntur.
1168 2205 1323 2273 Elemponia
1340 2209 1369 2260 et
1380 2205 1511 2274 pratura²
1523 2204 1597 2275 apud
1609 2203 1729 2259 Alexan·

247 2295 278 2342 ²0
296 2291 390 2348 drinos
407 2294 564 2362 patrimonii
586 2309 685 2350 munus
709 2295 890 2350 existimatur.
926 2293 1106 2364 susceptores
1129 2307 1239 2364 quoque
1264 2293 1321 2348 uini
1344 2307 1394 2362 per
1416 2293 1585 2364 prouinciam
1607 2291 1729 2347 Africam

246 2386 276 2430 at
296 2381 452 2451 patrimonii
474 2397 574 2438 munus
598 2388 705 2453 gerunt.
746 2384 972 2440 Patrimoniorum
997 2387 1088 2438 autem
1113 2397 1227 2438 munera
1249 2381 1370 2453 duplicia
1396 2387 1469 2438 sunt.
1500 2399 1563 2438 nam
1592 2381 1729 2452 quaedam

296 2485 332 2524 ex
354 2467 397 2526 his
419 2470 578 2526 muneribus
600 2473 820 2543 possessionibus
843 2474 902 2528 siue
925 2473 1096 2542 patrimoniis
1121 2471 1291 2542 indicuntur,
1315 2471 1400 2526 ueluti
1424 2471 1575 2541 agminales
1597 2479 1662 2540 equi
1685 2471 1730 2526 uel

246 2563 278 2610 11
296 2559 387 2614 mulae
405 2566 434 2614 et
450 2561 579 2630 angariae
597 2565 680 2631 atque
698 2562 801 2618 ueredi.
837 2561 1001 2618 Huiusmodi
1023 2562 1107 2631 igitur
1130 2560 1263 2632 obsequia
1280 2567 1309 2616 ct
1325 2560 1368 2630 hi,
1391 2562 1439 2630 qui
1464 2575 1553 2630 neque
1577 2559 1729 2629 municipes
1748 2571 1778 2612 sc

246 2653 278 2700 23
296 2663 386 2718 neque
403 2650 509 2706 incoiae
527 2655 605 2720 sunt,
624 2650 793 2720 adgnoscere
811 2657 955 2722 coguntur.
991 2650 1047 2708 Sed
1065 2657 1095 2708 et
1111 2665 1172 2720 eos,
1191 2651 1239 2720 qui
1256 2649 1354 2706 faenus
1372 2654 1514 2719 exercent,
1533 2649 1585 2704 etsi
1603 2649 1728 2704 ueterani

246 2743 278 2788 114
296 2737 366 2807 sint,
389 2737 567 2796 tributiones⁸
586 2740 720 2796 eiusmodi
741 2740 911 2811 adgnoscere
934 2738 1034 2796 debere
1055 2741 1217 2810 rescriptum
1242 2745 1294 2796 est.
1330 2739 1375 2794 Ab
1394 2738 1550 2794 huiusmodi
1569 2737 1728 2794 muneribus

295 2841 385 2896 neque
404 2827 577 2898 primipilaris
595 2844 684 2898 neque
703 2834 849 2886 ueteranus
867 2833 916 2884 aut
933 2829 1011 2884 miles
1029 2829 1143 2900 aliusue,
1161 2829 1208 2899 qui
1226 2829 1369 2899 priuilegio
1387 2829 1478 2898 aliquo
1497 2827 1630 2883 subnixus
1637 2829 1657 2896 ⁴,
1676 2842 1727 2883 neo

246 2921 278 2968 25
295 2913 419 2985 pontifex
437 2923 592 2973 excusatur.
627 2919 774 2974 Praeterea
790 2917 894 2974 habent
911 2918 1046 2989 quaedam
1065 2918 1192 2974 ciuitates
1209 2918 1440 2989 praerogatiuam,
1458 2922 1490 2972 ut
1507 2916 1543 2986 hi,
1561 2917 1609 2986 qui
1626 2917 1655 2971 in
1672 2922 1727 2972 ter·

294 3005 389 3062 ritorio
408 3021 501 3061 earum
519 3005 675 3077 possident,
693 3013 799 3062 certum
817 3006 883 3076 quid
900 3005 1029 3064 frumenti
1046 3023 1095 3078 pro
1114 3023 1242 3064 mensura
1260 3007 1320 3077 agri
1338 3022 1387 3077 per
1404 3006 1527 3076 singulos
1545 3019 1631 3060 annos
1648 3019 1726 3087 prae·
1747 3017 1776 3057 so

245 3101 276 3148 ae
295 3093 392 3150 beant:
414 3095 488 3165 qnod
511 3111 599 3165 geum
622 3095 774 3152 cossadonis
792 3111 892 3150 munus
910 3097 1093 3166 possessionis
1110 3101 1162 3152 est.
1197 3097 1284 3151 mixtu
1302 3111 1416 3152 munera
1433 3094 1607 3164 deoaprotias
1626 3098 1655 3148 st
1672 3094 1726 3150 ieo-

294 3183 446 3254 sapnotiae,
470 3189 502 3239 ut
518 3184 672 3242 Herennius
690 3183 860 3240 Modestinus
883 3191 912 3240 et
929 3181 1051 3242 notando
1069 3190 1098 3240 et
1115 3184 1281 3256 disputando
1298 3184 1369 3240 bene
1387 3190 1417 3240 et
1434 3184 1539 3254 optima
1556 3182 1661 3240 ratione
1679 3182 1727 3240 de-

294 3273 395 3328 creuit:
418 3289 481 3328 uam
500 3274 640 3345 deoaproti
658 3278 687 3330 et
704 3274 852 3346 icosaproti
874 3274 979 3332 tributa
1001 3275 1143 3344 exigentes
1167 3279 1196 3330 et
1218 3276 1359 3345 corporale
1381 3273 1561 3329 ministerium
1580 3277 1681 3342 gerunt
1698 3277 1733 3327 et

294 3377 344 3432 pro
362 3362 490 3418 omnibus
507 3363 715 3420 defunctorum⁶
733 3361 838 3418 fironda
855 3363 1019 3420 detrimenta
1036 3363 1195 3434 resarciunt,
1213 3369 1245 3420 ut
1262 3363 1360 3420 merito
1377 3363 1448 3418 inter
1465 3362 1551 3418 mixta
1562 3360 1615 3417 hoc
1627 3375 1727 3448 munus

244 3458 276 3505 2⁵1
294 3453 430 3508 numerari
449 3451 558 3508 debeat.
593 3451 666 3510 Sed⁶
683 3469 730 3522 ea,
755 3467 825 3522 quae
844 3468 928 3523 snpra
946 3453 1100 3523 personalia
1122 3467 1183 3510 esse
1201 3453 1333 3522 diximus,
1358 3453 1382 3508 si
1399 3451 1428 3507 hi
1445 3452 1492 3522 qui
1515 3449 1667 3521 funguntur
1692 3465 1726 3506 eu
1746 3463 1775 3504 as

294 3540 356 3610 lege
374 3541 494 3598 ciuitatis
512 3557 580 3598 suae
598 3543 643 3598 uel
660 3556 736 3596 more
754 3543 836 3597 etiam
855 3541 890 3597 dc
907 3543 1025 3613 propriis
1042 3539 1219 3598 facuftatibus
1242 3543 1382 3613 impensas
1405 3538 1509 3596 faciant
1526 3539 1571 3594 uel
1589 3555 1724 3596 annonam

294 3630 437 3698 exigentes
455 3629 625 3686 desertorum
643 3631 817 3701 praediorum
840 3631 941 3686 damus
964 3632 1130 3702 sustineant,
1154 3633 1300 3688 mixtorum
1324 3629 1482 3686 definitione
1506 3628 1725 3684 continebuntur.

244 3727 277 3773 28
294 3717 371 3774 Haeo
388 3720 480 3774 omnia
498 3735 625 3789 munera,
649 3734 721 3788 quae
738 3719 870 3776 trifariam
889 3720 1046 3790 diuisimus,
1065 3735 1121 3774 nna
1137 3719 1337 3790 significatione
1356 3718 1638 3790 comprehenduntur:
1660 3733 1724 3772 nam

244 3818 276 3864 19
294 3809 449 3877 personalia
465 3812 495 3864 et
511 3809 736 3878 patrimoniorum
754 3815 782 3864 ct
800 3809 886 3864 mixta
903 3825 1017 3864 munera
1034 3809 1126 3864 ciuilia
1137 3823 1186 3864 scu
1198 3808 1308 3880 publica
1320 3809 1499 3879 appellantur.
1519 3803 1529 3874 il
1549 3805 1614 3862 Siue
1633 3811 1724 3861 antem
1741 3815 1816 3864 1441

294 3897 478 3966 personalium
496 3897 639 3954 dumtaxat
657 3897 716 3953 siue
734 3899 817 3954 etiam
835 3899 955 3954 ciuilium
979 3913 1121 3954 munerum
1145 3899 1303 3954 immunitas
1326 3897 1407 3952 alicui
1432 3895 1611 3964 concedatur,
1635 3910 1725 3966 neque
1744 3909 1773 3948 ro

294 3984 331 4040 ab
348 4001 458 4042 annona
475 4002 564 4057 neque
582 3986 618 4042 ab
636 3988 756 4058 angariis
774 4003 863 4059 neque
881 4003 899 4042 a
916 3986 1019 4044 ucredo
1041 4001 1131 4057 neque
1155 3986 1191 4042 ab
1209 3986 1317 4057 hospita
1335 3985 1492 4058 recipiendo
1510 3999 1600 4055 neque
1619 4001 1636 4040 a
1653 3999 1725 4040 naue

294 4092 486 4160 F(XYMOG)

295 4252 386 4307 ¹est?
457 4252 812 4324 ²elaeemporia(seuffut.)
831 4256 860 4308 et
873 4253 1030 4324 praetoria?
1100 4252 1615 4326 ³intritutionestes.1).50,1,22‚7:
1633 4254 1726 4322 Hali?

294 4325 306 4356 ⁴
323 4329 368 4378 cst
385 4331 432 4378 rus.
451 4323 532 4392 (Hui.)
604 4327 615 4360 ⁸
633 4341 683 4395 pro
701 4323 856 4380 nominibus
874 4324 1042 4400 defectorum
1061 4325 1120 4391 (ior
1139 4323 1292 4390 Coracium?
1363 4325 1374 4358 ⁶
1392 4328 1421 4378 et
1439 4333 1486 4380 ins.

293 4481 412 4551 iungunt
428 4483 548 4548 XMOO,
567 4485 733 4542 cotidianum
752 4500 831 4540 usum
849 4485 922 4552 (usui
935 4482 981 4550 Ρ)
1034 4489 1097 4540 tura
1120 4483 1164 4548 Γ),
1191 4484 1345 4554 ospiratnrs
1369 4479 1457 4548 M·O'‚
1485 4488 1647 4555 esparstura
1670 4483 1724 4538 Mi.

294 4554 398 4609 Uissium
417 4555 563 4624 ufgussiY
625 4557 732 4626 201081
750 4549 793 4609 F*
834 4555 980 4611 3⁸ubiflss·
1034 4573 1206 4643 hospitatura
1221 4573 1263 4638 Y·,
1281 4572 1460 4643 hoepatstnra
1476 4572 1519 4637 Ρ,
1537 4559 1724 4644 hospitatuum

293 4627 432 4695 Kssflml'f
442 4629 446 4694 Ι
462 4627 570 4682 “edium
590 4627 807 4714 uffl’affflheqm
820 4629 857 4681 F*
892 4627 919 4712 ‚5
935 4642 981 4712 ⁰3·
1034 4644 1077 4709 X,
1100 4661 1136 4700 an
1159 4648 1197 4712 (sc
1215 4651 1285 4699 rrmfe
1306 4652 1392 4714 spatio
1415 4650 1508 4710 uacuo)
1534 4645 1569 4709 G,
1592 4665 1640 4698 om.
1659 4652 1725 4698 iuter·

293 4697 471 4753 nubendaF
522 4701 608 4754 1001
626 4700 682 4754 altu
700 4699 834 4762 ordmeR
852 4717 981 4770 npocrau
1035 4719 1089 4770 αμα
1108 4717 1143 4770 0·
1196 4664 1232 4770 {4
1250 4716 1379 4784 equifip
1431 4715 1722 4780 25u01h0¹rgdigr¹

292 4769 363 4823 ritus
382 4769 430 4831 τοῨ
448 4770 619 4834 aerumnaroc
636 4772 663 4825 B
682 4771 763 4843 (opud
777 4770 981 4856 Orriueium‘cbs.
1035 4787 1092 4856 qui]
1105 4783 1162 4852 pst,
1179 4802 1233 4857 que
1246 4787 1282 4839 pr
1324 4788 1358 4841 27
1372 4785 1529 4842 maneribus
1539 4788 1576 4840 prr
1618 4787 1724 4841 35mu.

292 4841 318 4924 9,
330 4842 358 4907 91
408 4841 442 4895 13
460 4843 643 4911 patronorum
661 4843 698 4895 F'
750 4843 784 4896 15
801 4856 919 4910 persona
928 4857 982 4895 ¹1⁸·
1034 4858 1124 4913 neruu
1148 4859 1183 4911 r¹
1251 4859 1496 4928 erumpemus
1555 4859 1589 4914 er
1614 4859 1725 4928 exigen-

292 4911 326 4966 hs
344 4912 383 4965 F’
432 4914 466 4968 16
483 4913 676 4982 compelfetF¹
725 4914 758 4968 17
772 4916 912 4968 sternere
926 4910 980 4982 ΡΙ
1035 4929 1157 4985 ‘gamm
1169 4927 1206 4983 ps
1260 4930 1296 4984 33
1312 4929 1504 4986 haemmi„
1521 4929 1558 4984 gr
1610 4931 1645 4984 41
1664 4944 1725 4984 ugr.

292 4981 385 5054 pari'a'
398 4983 480 5039 modo
495 4985 530 5038 Γ*
577 4985 610 5040 21
630 4984 826 5039 administratis
843 4986 884 5051 F!
900 4997 982 5052 expe·
1035 5000 1107 5057 hedo
1125 5001 1165 5068 pl
1180 5000 1306 5072 *hospite
1323 5003 1361 5054 ps

292 5053 600 5126 diuntur'u'elemporia
618 5056 656 5108 Ρ
673 5055 870 5126 ipratma1F1,
889 5069 982 5124 ospra-

1453 5142 1513 5199 58*
