4560 5416
354 279 447 328 rursus
469 279 613 338 summor
723 219 727 244 ¹
757 265 771 282 ⁸
1025 245 1128 339 961'
1561 261 1587 330 L
1611 264 1650 330 17
1673 271 1780 326 61-16

296 416 336 474 67
408 417 484 473 ineu
501 416 570 474 libro
587 419 774 487 oetagmsino
793 418 1106 490 septimodigestorum.
1137 419 1269 486 Quotiens
1282 420 1354 476 idem
1369 435 1457 476 sermo
1476 419 1546 476 duas
1564 436 1624 476 son·
1643 415 1821 504 [1222276
1846 425 1850 432 '

355 507 455 562 tentiae
472 505 607 576 exprimit,
626 521 659 562 ea
676 507 849 576 potissimum
868 508 1044 578 excipiatnri,
1062 524 1133 578 quae
1151 509 1191 564 rei
1209 509 1346 579 gerendae
1363 509 1453 578 aptior
1471 513 1521 564 est.

295 593 336 652 68
406 596 525 652 Patruus
543 595 611 651 libro
629 595 760 666 singulari
777 595 811 651 de
830 594 902 652 dotis
920 597 1090 667 repetitione.
1121 598 1152 654 In
1165 595 1292 653 omnibus
1305 596 1435 653 causisid
1452 596 1622 667 obserentur,
1642 591 1821 680 [ᾖξε-68

354 688 398 753 ut,
421 683 468 738 nbi
485 699 618 754 personae
636 682 760 740 condicio
777 685 867 741 locum
885 684 952 740 iacit
970 684 1116 757 beneficio,
1139 686 1177 742 ibi
1200 684 1344 742 deficiente
1367 701 1401 742 ea
1423 685 1586 742 beneficium
1607 701 1716 756 quoque
1735 685 1780 740 de-

354 771 437 841 ficiat,
455 771 502 828 ubi
520 787 585 829 uero
603 788 692 842 genus
709 775 824 830 actionis
842 775 870 830 id
889 775 1035 846 desiderat,
1053 774 1091 830 lbi
1110 776 1146 831 ad
1163 776 1289 846 quemuis
1307 775 1461 846 persecutio
1481 775 1540 831 elus
1558 775 1707 845 deuenerit,
1726 789 1780 830 non
1801 785 1814 826 u
1868 762 1871 768 ’

354 859 465 918 deficiat
482 863 551 918 ratic
570 861 672 917 auxilli.

295 949 335 1010 69
406 951 483 1006 lanu
509 949 578 1007 libro
605 951 735 1022 singulari
764 950 799 1008 de
826 951 1015 1023 adsignatione
1041 951 1209 1010 libertorum.
1254 953 1344 1010 Inuitc
1370 951 1532 1010 beneficium
1560 969 1614 1010 non
1643 947 1822 1038 [fflss

353 1039 443 1096 datur.

294 1127 336 1186 70
407 1128 556 1186 Unertrrus
573 1128 642 1185 libro
658 1130 746 1200 primo
764 1129 799 1185 de
811 1127 901 1186 officio
914 1130 1092 1200 proconsulis.
1119 1131 1205 1189 Nemo
1222 1131 1330 1202 potest²
1343 1130 1426 1201 gladii
1445 1125 1781 1214 [W
1800 1134 1821 1189 S

353 1221 518 1288 potestatem
537 1217 589 1274 sibi
607 1218 700 1274 datam
719 1219 763 1274 uel
781 1219 859 1274 cuiue
877 1219 988 1276 alterius
1006 1219 1178 1276 coercitionis
1196 1220 1232 1274 66
1250 1220 1331 1274 alium
1351 1217 1506 1275 transferre.
1801 1230 1829 1270 ro

294 1302 334 1360 71
406 1307 483 1362 ineu
500 1305 569 1362 libro
587 1308 708 1364 secundo
726 1307 761 1363 ds
779 1306 870 1364 cilicio
887 1307 1066 1380 proconsulis.
1101 1308 1224 1378 Omnia¹,
1242 1323 1431 1378 quaecumque
1450 1302 1781 1392 [ffifflst‘ffl
1800 1312 1821 1367 6

353 1409 453 1450 canem
472 1396 654 1465 cognitionem
673 1396 837 1467 desiderent,
856 1413 906 1469 per
922 1397 1041 1454 libellum
1060 1397 1182 1468 expediri
1202 1414 1255 1454 non
1273 1403 1397 1468 possunt.

293 1481 334 1538 72
405 1484 575 1541 1116666666
596 1485 664 1541 libro
688 1487 768 1542 tertio
792 1501 825 1542 ex
844 1485 1044 1558 posterioribus
1067 1487 1212 1543 Labeonis.
1249 1487 1367 1543 Fructus
1390 1487 1430 1542 rei
1448 1481 1490 1570 [u.
1502 1499 1539 1552 22,
1552 1497 1622 1552 use.
1647 1495 1672 1542 Β.
1684 1497 1706 1551 2,
1718 1497 1740 1551 6,
1752 1495 1781 1541 72
1801 1487 1840 1562 Ss

353 1579 396 1629 est
414 1574 458 1630 uel
476 1574 587 1644 pignori,
601 1574 666 1630 dare
684 1576 775 1631 licere.
1802 1582 1830 1622 ¹⁴

293 1658 334 1716 73
405 1661 536 1729 umarus
555 1663 668 1720 lloorus
686 1663 844 1721 Selacosa
861 1663 930 1720 libro
945 1665 1075 1735 singulari
1093 1664 1174 1736 ipos.
1202 1664 1262 1732 Quo
1280 1665 1367 1720 tutela
1384 1663 1464 1733 redit,
1482 1678 1515 1718 eo
1534 1667 1563 1718 et
1580 1661 1625 1717 he·
1644 1655 1782 1744 [Μ
1802 1666 1827 1720 Δ

321 1761 332 1804 1
353 1750 455 1806 reditas
473 1753 611 1822 peruenit,
638 1753 690 1810 nisi
708 1769 770 1810 cum
790 1751 906 1809 feminae
931 1753 1045 1810 heredes
1068 1753 1248 1810 intercedunt.
1285 1753 1372 1808 Nemo
1395 1756 1488 1823 potest
1505 1756 1622 1808 tutorem
1642 1749 1708 1806 dare
1726 1751 1781 1804 cui·

352 1855 434 1909 quam
453 1841 505 1896 nisl
524 1842 563 1912 ei,
587 1857 668 1912 quem
688 1843 715 1898 in
733 1842 790 1898 suls
808 1841 955 1898 heredibus
974 1859 1035 1898 cum
1055 1843 1168 1898 moritur
1185 1841 1281 1898 habuit
1303 1841 1481 1898 habiturusue
1500 1845 1586 1911 esset,
1611 1841 1634 1896 si
1657 1840 1781 1894 uixisset.

320 1933 335 1978 2
355 1926 388 1983 Ui
411 1926 513 1984 iactum
537 1930 566 1985 id
589 1931 699 1988 uidetur
722 1946 797 2000 esse,
821 1947 876 2001 qua
899 1931 933 1988 de
952 1947 981 1986 re
1000 1932 1062 2001 quis
1084 1947 1146 1986 cum
1165 1930 1336 2004 prohibetur,
1359 1928 1437 1986 lecit:
1461 1931 1544 2000 clam,
1565 1929 1639 2000 quod
1657 1929 1782 2000 quisque,

320 2024 334 2066 8
353 2018 433 2072 6666ι
450 2019 664 2074 controuersiam
682 2019 795 2076 heberet
812 2019 1004 2077 habiturumue
1023 2036 1053 2076 se
1071 2026 1194 2092 putaret,
1217 2019 1290 2076 lecit.
1328 2019 1403 2086 Quae
1427 2020 1454 2074 in
1477 2024 1641 2074 testamento
1660 2018 1699 2072 ita
1717 2021 1782 2073 sunt

319 2111 334 2156 4
352 2107 467 2177 scripta,
491 2111 521 2161 ut
539 2107 660 2178 intellegi
678 2124 732 2164 non
751 2110 870 2180 possint,
889 2110 1002 2180 perinde
1020 2114 1098 2179 sunt,
1117 2127 1148 2164 ae
1166 2111 1189 2164 si
1208 2111 1311 2180 scripta
1329 2124 1383 2164 non
1401 2113 1502 2164 essent.
1539 2109 1596 2163 Nec
1614 2104 1780 2177 paciscendo
1801 2117 1829 2158 ao

354 2209 404 2250 neo
420 2195 508 2266 legem
528 2195 644 2252 dicendo
661 2213 713 2253 nec
730 2199 886 2270 stipulando
905 2199 915 2270 ]]
934 2199 1080 2269 quisquam
1098 2199 1176 2254 alteri
1194 2213 1292 2254 canere
1310 2201 1412 2268 potest.
1599 2245 1601 2252 ,
1798 2201 1872 2250 teet

292 2278 334 2336 74
404 2285 584 2340 Parmrsrrus
607 2284 676 2342 libro
698 2288 785 2358 primo
808 2288 1007 2358 quaestionum.
1044 2288 1105 2344 Non
1124 2287 1207 2343 debet
1224 2287 1302 2342 alteri
1326 2301 1375 2358 per
1398 2286 1512 2341 alterum
1531 2284 1625 2354 iniqua
1641 2279 1782 2368 [fissas
1800 2289 1826 2341 P

353 2371 477 2428 condicio
495 2371 594 2429 inferri.

292 2456 334 2514 75
405 2463 482 2517 lnnnr
498 2461 567 2518 libro
584 2463 666 2520 tertio
684 2465 883 2534 quaestionum.
915 2457 1782 2546 666666166166126666666666666166116-[22ᾗέ
1800 2466 1827 2520 Ρ

352 2549 409 2606 rius
426 2551 560 2607 iniuriam.
1800 2561 1829 2602 ¹⁶

292 2635 334 2693 76
405 2641 482 2696 Inuus
502 2641 571 2697 libro
595 2641 745 2698 uicensimo
768 2647 865 2714 quarto
884 2644 1085 2713 quaestionum.
1120 2643 1152 2698 ln
1171 2647 1259 2698 totum
1278 2642 1384 2710 omnia,
1410 2635 1781 2726 6666[[26“,16“Εῇ.’6,’22
1800 2645 1826 2697 Ρ

352 2729 435 2785 animi
452 2729 634 2787 destinatione
652 2731 761 2802 agenda
778 2737 850 2802 sunt,
869 2747 923 2787 non
942 2732 993 2788 nisi
1011 2747 1078 2788 uera
1095 2737 1124 2788 et
1142 2738 1217 2788 certa
1235 2732 1350 2788 scientia
1367 2728 1461 2800 perlici
1479 2733 1603 2799 possunt.

291 2813 333 2871 77
404 2819 481 2875 lusu
498 2820 566 2876 libro
584 2821 734 2877 uicensimo
753 2826 852 2878 octauo
870 2823 1069 2890 quaestionum.
1105 2821 1193 2878 Actus
1210 2821 1334 2890 legitimi,
1352 2820 1399 2890 qui
1417 2834 1471 2874 non
1490 2818 1625 2888 recipiunt
1643 2813 1825 2901 [Qu—{P

351 2908 422 2965 diem
441 2909 486 2964 uel
504 2909 699 2978 condicionem,
718 2910 803 2974 ueluti
821 2909 1009 2980 emancipatio,
1028 2909 1208 2980 acceptilatio,
1226 2908 1386 2966 hereditatis
1403 2908 1497 2978 aditio,
1516 2907 1589 2964 serui
1602 2908 1685 2976 optio,
1705 2906 1780 2963 datio

350 3000 457 3067 tutoris,
474 2999 502 3054 in
520 3003 608 3055 totum
627 3000 758 3054 uitiantur
775 3014 825 3069 per
842 2999 972 3069 temporis
990 2999 1034 3054 uel
1052 2999 1220 3056 condicionis
1244 2999 1434 3054 adiectionem.
1463 3011 1666 3066 nonnumquam
1687 3001 1779 3052 16666
1799 3005 1827 3046 8⁰

350 3093 429 3142 actus
446 3103 530 3158 supra
547 3088 642 3156 scripta·
658 3088 741 3142 tacite
759 3088 901 3158 recipiunt,
920 3103 991 3158 quae
1009 3092 1103 3160 aperte
1122 3087 1319 3159 comprehensa
1336 3088 1433 3143 uitium
1453 3085 1588 3141 adferunt.
1616 3086 1716 3141 namsi
1735 3101 1778 3141 ec-

351 3178 459 3245 ceptum
479 3173 581 3232 ieratur
599 3176 637 3245 ei,
660 3177 707 3246 qui
725 3175 776 3232 sub
795 3176 954 3232 condicione
972 3178 1109 3247 promisit,
1134 3178 1173 3234 ita
1191 3178 1300 3232 demum
1319 3177 1410 3248 egisse
1428 3175 1531 3246 aliquid
1550 3174 1721 3245 acceptilatio
1740 3175 1779 3230 in·

349 3265 496 3335 tellegitur,
514 3265 537 3320 si
556 3265 730 3336 obligationis
748 3265 871 3322 condicio
890 3266 1036 3322 exstiterit:
1055 3281 1126 3337 quae
1144 3267 1167 3322 si
1186 3266 1276 3322 uerbis
1295 3265 1455 3322 nominatim
1472 3264 1688 3334 acceptilationis
1706 3278 1779 3319 com·

351 3351 541 3424 prehendatur,
560 3355 659 3410 nullius
677 3355 807 3412 momenti
825 3353 909 3410 faciet
925 3360 1026 3411 actum.
1799 3361 1829 3402 ³⁴

291 3440 332 3500 78
404 3443 480 3496 inan
497 3441 565 3498 libro
583 3444 742 3514 trigensimo
760 3445 848 3513 primo
865 3446 1066 3514 quaestionum.
1093 3442 1262 3500 Generaliter
1280 3459 1342 3500 curn
1361 3443 1396 3498 de
1414 3440 1510 3498 iraude
1527 3442 1620 3512 dispu·
1639 3436 1780 3524 [iffis'J-t's'
1799 3446 1826 3500 P

350 3535 433 3600 tatur,
452 3546 506 3587 non
524 3531 590 3602 quid
608 3553 657 3588 aon
675 3532 777 3589 babeat
794 3536 879 3604 actor,
898 3532 947 3588 sed
965 3533 1031 3604 qnid
1049 3547 1099 3604 per
1117 3532 1304 3589 aduersarium
1323 3531 1424 3588 babere
1442 3547 1496 3588 non
1508 3530 1637 3602 potuerit,
1655 3530 1780 3586 conside·

350 3619 465 3676 randum
483 3625 535 3676 est.

290 3710 331 3768 79
402 3709 480 3764 rann
501 3708 569 3765 libro
592 3709 751 3779 trigensimo
774 3710 895 3766 6666666
918 3711 1118 3781 quaestionum.
1155 3709 1271 3766 Fraudis
1295 3709 1425 3780 interpre·
1444 3704 1779 3793 [e'fafflffffffl
1798 3713 1826 3767 Ρ

1460 3785 1777 3793 -ημ-..Μ-ῳ-

350 3797 418 3854 tatio
436 3813 545 3869 semper
562 3799 590 3854 in
607 3797 667 3854 iure
684 3799 757 3855 ciuili
775 3813 829 3856 non
847 3813 883 3856 ex
901 3803 1003 3856 euentu
1020 3798 1172 3871 dumtaxat,
1190 3798 1240 3856 sed
1258 3813 1294 3855 ex
1311 3797 1424 3856 oonsilio
1443 3813 1552 3870 queque
1570 3797 1750 3856 desideratur.

349 3913 516 3983 mmo)

351 4059 530 4164 ¹accipietur
548 4093 651 4161 (Helii
754 4094 836 4148 ’neo
853 4093 925 4148 enirn
943 4096 1036 4163 potest
1057 4092 1119 4164 quis
1137 4093 1173 4147 D.
1192 4097 1208 4148 l
1224 4113 1289 4166 pem.
1396 4092 1519 4149 'omnia
1536 4092 1607 4148 enim
1628 4093 1663 4146 D.
1680 4095 1696 4147 l.
1712 4113 1778 4164 pem.

349 4165 361 4200 ⁴
378 4165 453 4234 quud
470 4165 532 4234 quis
550 4164 619 4220 olam
638 4179 672 4220 ec
690 4165 828 4234 quocum?

347 4328 510 4386 4bonlficio
528 4329 566 4386 ibi
585 4352 671 4387 errore
691 4333 769 4388 Your.
836 4335 981 4404 9661666
1000 4334 1037 4386 F²
1090 4333 1114 4386 al
1141 4332 1358 4404 oposerpauudsar
1387 4332 1490 4402 opilare
1517 4333 1544 4386 B
1568 4333 1573 4397 Ι
1596 4331 1713 4387 tacit‘a'e
1741 4333 1779 4384 F’

349 4403 383 4458 11
403 4401 533 4472 6666666]
552 4404 640 4472 primo
652 4405 689 4459 D.
702 4407 717 4459 l.
729 4424 794 4476 pera.
850 4406 884 4460 12
902 4421 955 4461 non
973 4420 1036 4474 pos·
1089 4403 1229 4474 apprimo
1249 4405 1345 4458 om.F¹
1399 4407 1506 4459 36666
1525 4403 1590 4473 quid
1609 4403 1779 4458 nonhabcat

347 4477 413 4529 sunl
431 4474 552 4544 expediri
571 4475 608 4528 D.
618 4479 634 4529 l.
644 4496 710 4548 pem.
773 4477 806 4531 13
824 4474 980 4532 lab‘a'eonis
999 4478 1036 4530 F³
1089 4475 1174 4543 actor]
1187 4476 1397 4530 Bulduinuacum
1409 4476 1450 4529 B:
1468 4473 1777 4545 ornotrnperaouoiaeu

349 4547 384 4601 15
402 4561 435 4600 ec
446 4549 493 4600 *et*
504 4544 641 4602 hereditas
655 4547 704 4601 F’:
722 4545 775 4601 tari
793 4548 830 4601 ael
846 4547 860 4600 sl
874 4547 996 4634 'enrrponrl
1010 4549 1036 4601 B
1088 4547 1111 4600 ri
1130 4545 1178 4608 οῩκ
1195 4545 1270 4616 {exau
1284 4545 1299 4600 ὁ
1312 4544 1421 4612 dassen.
1440 4562 1495 4602 non
1510 4547 1576 4616 quid
1589 4546 1690 4601 babeat
1702 4553 1778 4602 actor

349 4617 383 4671 19
401 4615 592 4673 baditurumuo
611 4619 646 4670 F*
706 4619 741 4674 20
759 4619 801 4688 ac]
821 4618 856 4673 ad
874 4621 906 4673 F:
925 4619 980 4672 seri
1000 4618 1034 4672 ai
1088 4617 1198 4682 FXYG,
1217 4633 1281 4672 num
1296 4621 1362 4682 (non
1373 4618 1427 4684 Ma)
1443 4618 1509 4688 quid
1522 4623 1618 4673 auctor
1631 4617 1732 4672 habeat
1747 4617 1782 4671 M

348 4689 532 4758 serpmutama
546 4691 572 4743 B
588 4691 592 4757 Ι
608 4689 710 4760 666661]
728 4696 842 4760 possent
854 4691 889 4743 F¹
943 4691 1035 4745 2166-
1089 4689 1123 4744 36
1135 4686 1238 4744 fraudis
1250 4689 1438 4759 interpretatio
1456 4691 1671 4760 (interpraetatio
1683 4691 1730 4754 pa)

249 4821 254 4838 Ι
346 4759 407 4814 ueri
426 4761 461 4812 F¹
515 4761 550 4815 27
568 4761 652 4829 certa]
666 4767 758 4816 detera
770 4763 806 4815 F¹
861 4762 896 4816 28
914 4775 968 4816 uon
986 4781 1035 4816 om.
1088 4759 1390 4830 desideraturh‘rsrrs'ru
1404 4761 1442 4816 sal
1456 4759 1666 4817 &noreaecuaaai
1680 4761 1778 4814 666666

347 4831 398 4885 1¹⁸¹:
422 4831 445 4884 al
467 4830 502 4885 usi
526 4829 703 4902 tnrbexoueuar
729 4833 826 4903 ruspare
851 4831 865 4884 ir
889 4833 984 4902 alpense
1009 4833 1036 4887 B
1089 4829 1201 4885 'errrzerel
1223 4831 1262 4895 B,
1289 4831 1337 4886 rr'ru
1366 4833 1464 4888 816666
1488 4832 1535 4895 ola
1560 4831 1588 4886 ὲκ
1613 4831 1660 4893 ro?
1683 4830 1777 4884 errore-

347 4901 765 4972 usemaneipatiolx⁶Moenm
778 4901 870 4958 Br'errl
886 4901 1034 4965 rrlcatrei·
1087 4903 1215 4957 atcasroc
1241 4901 1305 4958 ἄλλα]
1333 4902 1384 4960 666
1411 4904 1459 4960 rr'rc
1488 4904 1650 4958 arrardeeoc
1674 4903 1777 4958 sesosi-

347 4973 509 5036 orcrrlreroc.
524 4974 690 5044 mancipatio
699 4975 727 5039 F,
742 4975 876 5043 mancipio
890 4975 930 5038 Y·,
944 4989 1035 5028 eman·
1089 4991 1168 5028 rouen
1188 4973 1239 5045 Ep.
1250 4974 1327 5029 eolat

346 5045 387 5100 tic
404 5045 453 5111 X·,
472 5046 624 5116 emancipio
645 5045 680 5100 Y*
732 5047 765 5101 31
785 5045 986 5116 suprascriptus
1004 5045 1036 5099 F:

1970 3829 1983 3862 6
