<?xml version="1.0" encoding="UTF-8"?>
<!DOCTYPE html PUBLIC "-//W3C//DTD XHTML 1.0 Transitional//EN"
    "http://www.w3.org/TR/xhtml1/DTD/xhtml1-transitional.dtd">
<html xmlns="http://www.w3.org/1999/xhtml" xml:lang="en" lang="en">
 <head>
  <title>
</title>
<meta http-equiv="Content-Type" content="text/html;charset=utf-8" />
  <meta name='ocr-system' content='tesseract 3.04.00' />
  <meta name='ocr-capabilities' content='ocr_page ocr_carea ocr_par ocr_line ocrx_word'/>
</head>
<body>
  <div class='ocr_page' id='page_1' title='image "./digestaiustinia00kruegoog_0222.png"; bbox 0 0 3480 5460; ppageno 0'>
   <div class='ocr_carea' id='block_1_1' title="bbox 69 238 1499 318">
    <p class='ocr_par' dir='ltr' id='par_1_1' title="bbox 69 238 1499 318">
     <span class='ocr_line' id='line_1_1' title="bbox 69 238 1499 318; baseline -0.008 -6"><span class='ocrx_word' id='word_1_1' title='bbox 69 261 258 312; x_wconf 78' lang='lat' dir='ltr'><strong>rnncnmau</strong></span> <span class='ocrx_word' id='word_1_2' title='bbox 736 238 830 318; x_wconf 59' lang='lat'><strong>1207</strong></span> <span class='ocrx_word' id='word_1_3' title='bbox 1201 240 1321 308; x_wconf 76' lang='lat' dir='ltr'>XXXV</span> <span class='ocrx_word' id='word_1_4' title='bbox 1344 243 1363 308; x_wconf 82' lang='lat'>2</span> <span class='ocrx_word' id='word_1_5' title='bbox 1386 247 1499 304; x_wconf 78' lang='lat'>22-27</span> 
     </span>
    </p>
   </div>
   <div class='ocr_carea' id='block_1_2' title="bbox 27 397 1592 4487">
    <p class='ocr_par' dir='ltr' id='par_1_2' title="bbox 27 397 1592 4487">
     <span class='ocr_line' id='line_1_2' title="bbox 47 397 1502 468; baseline -0.004 -10"><span class='ocrx_word' id='word_1_6' title='bbox 47 405 154 468; x_wconf 86' lang='lat' dir='ltr'><strong>rcaact,</strong></span> <span class='ocrx_word' id='word_1_7' title='bbox 177 399 198 453; x_wconf 87' lang='lat' dir='ltr'><strong>si</strong></span> <span class='ocrx_word' id='word_1_8' title='bbox 213 397 276 454; x_wconf 90' lang='lat' dir='ltr'><strong>nihil</strong></span> <span class='ocrx_word' id='word_1_9' title='bbox 293 397 329 452; x_wconf 91' lang='lat' dir='ltr'><strong>ah</strong></span> <span class='ocrx_word' id='word_1_10' title='bbox 347 411 381 454; x_wconf 92' lang='lat' dir='ltr'><strong>eo</strong></span> <span class='ocrx_word' id='word_1_11' title='bbox 399 399 561 468; x_wconf 71' lang='lat' dir='ltr'><strong>perciperet.</strong></span> <span class='ocrx_word' id='word_1_12' title='bbox 589 397 675 454; x_wconf 87' lang='lat' dir='ltr'><strong>Seruo</strong></span> <span class='ocrx_word' id='word_1_13' title='bbox 693 399 793 454; x_wconf 90' lang='lat' dir='ltr'><strong>herede</strong></span> <span class='ocrx_word' id='word_1_14' title='bbox 812 399 936 456; x_wconf 86' lang='lat' dir='ltr'><strong>instituto</strong></span> <span class='ocrx_word' id='word_1_15' title='bbox 955 401 977 454; x_wconf 89' lang='lat' dir='ltr'><strong>si</strong></span> <span class='ocrx_word' id='word_1_16' title='bbox 997 399 1136 456; x_wconf 88' lang='lat' dir='ltr'><strong>adomino</strong></span> <span class='ocrx_word' id='word_1_17' title='bbox 1149 398 1367 468; x_wconf 85' lang='lat' dir='ltr'><strong>fideicommissa,</strong></span> <span class='ocrx_word' id='word_1_18' title='bbox 1387 414 1404 454; x_wconf 88' lang='lat' dir='ltr'><strong>a</strong></span> <span class='ocrx_word' id='word_1_19' title='bbox 1421 412 1502 452; x_wconf 85' lang='lat' dir='ltr'><strong>senno</strong></span> 
     </span>
     <span class='ocr_line' id='line_1_3' title="bbox 71 484 1501 558; baseline -0.001 -16"><span class='ocrx_word' id='word_1_20' title='bbox 71 489 166 558; x_wconf 74' lang='lat' dir='ltr'><strong>legata</strong></span> <span class='ocrx_word' id='word_1_21' title='bbox 187 486 249 542; x_wconf 83' lang='lat' dir='ltr'><strong>data</strong></span> <span class='ocrx_word' id='word_1_22' title='bbox 270 491 348 556; x_wconf 85' lang='lat' dir='ltr'><strong>eunt,</strong></span> <span class='ocrx_word' id='word_1_23' title='bbox 370 487 447 556; x_wconf 86' lang='lat' dir='ltr'><strong>prius</strong></span> <span class='ocrx_word' id='word_1_24' title='bbox 471 486 541 543; x_wconf 86' lang='lat' dir='ltr'><strong>ratio</strong></span> <span class='ocrx_word' id='word_1_25' title='bbox 564 489 716 557; x_wconf 87' lang='lat' dir='ltr'><strong>legatorum</strong></span> <span class='ocrx_word' id='word_1_26' title='bbox 741 487 867 544; x_wconf 87' lang='lat' dir='ltr'><strong>habenda</strong></span> <span class='ocrx_word' id='word_1_27' title='bbox 884 493 941 558; x_wconf 88' lang='lat' dir='ltr'><strong>est,</strong></span> <span class='ocrx_word' id='word_1_28' title='bbox 966 488 1064 544; x_wconf 90' lang='lat' dir='ltr'><strong>deinde</strong></span> <span class='ocrx_word' id='word_1_29' title='bbox 1088 504 1123 544; x_wconf 84' lang='lat' dir='ltr'><strong>ex</strong></span> <span class='ocrx_word' id='word_1_30' title='bbox 1140 504 1173 544; x_wconf 91' lang='lat' dir='ltr'><strong>eo</strong></span> <span class='ocrx_word' id='word_1_31' title='bbox 1191 488 1264 558; x_wconf 91' lang='lat' dir='ltr'><strong>qnod</strong></span> <span class='ocrx_word' id='word_1_32' title='bbox 1283 491 1409 558; x_wconf 76' lang='lat' dir='ltr'><strong>superest</strong></span> <span class='ocrx_word' id='word_1_33' title='bbox 1426 484 1501 542; x_wconf 87' lang='lat' dir='ltr'><strong>fidei·</strong></span> 
     </span>
     <span class='ocr_line' id='line_1_4' title="bbox 73 575 1502 649; baseline -0.002 -17"><span class='ocrx_word' id='word_1_34' title='bbox 73 575 283 632; x_wconf 84' lang='lat' dir='ltr'><strong>conmiesorum.</strong></span> <span class='ocrx_word' id='word_1_35' title='bbox 314 575 442 632; x_wconf 86' lang='lat' dir='ltr'><strong>dominns</strong></span> <span class='ocrx_word' id='word_1_36' title='bbox 460 577 531 632; x_wconf 86' lang='lat' dir='ltr'><strong>enim</strong></span> <span class='ocrx_word' id='word_1_37' title='bbox 551 577 614 632; x_wconf 88' lang='lat' dir='ltr'><strong>ideo</strong></span> <span class='ocrx_word' id='word_1_38' title='bbox 631 581 748 647; x_wconf 88' lang='lat' dir='ltr'><strong>tenetur,</strong></span> <span class='ocrx_word' id='word_1_39' title='bbox 767 577 841 647; x_wconf 92' lang='lat' dir='ltr'><strong>quod</strong></span> <span class='ocrx_word' id='word_1_40' title='bbox 859 577 895 632; x_wconf 83' lang='lat' dir='ltr'><strong>od</strong></span> <span class='ocrx_word' id='word_1_41' title='bbox 913 593 976 632; x_wconf 88' lang='lat' dir='ltr'><strong>enm</strong></span> <span class='ocrx_word' id='word_1_42' title='bbox 994 579 1133 648; x_wconf 88' lang='lat' dir='ltr'><strong>peruenit:</strong></span> <span class='ocrx_word' id='word_1_43' title='bbox 1156 578 1282 649; x_wconf 87' lang='lat' dir='ltr'><strong>peruenit</strong></span> <span class='ocrx_word' id='word_1_44' title='bbox 1299 582 1405 646; x_wconf 87' lang='lat' dir='ltr'><strong>cutem,</strong></span> <span class='ocrx_word' id='word_1_45' title='bbox 1429 575 1502 646; x_wconf 92' lang='lat' dir='ltr'><strong>quod</strong></span> 
     </span>
     <span class='ocr_line' id='line_1_5' title="bbox 52 665 1502 742; baseline -0.001 -22"><span class='ocrx_word' id='word_1_46' title='bbox 52 665 198 722; x_wconf 83' lang='lat' dir='ltr'><strong>rdcdnotia</strong></span> <span class='ocrx_word' id='word_1_47' title='bbox 218 665 314 734; x_wconf 86' lang='lat' dir='ltr'><strong>legatia</strong></span> <span class='ocrx_word' id='word_1_48' title='bbox 333 669 468 742; x_wconf 78' lang='lat' dir='ltr'><strong>superest.</strong></span> <span class='ocrx_word' id='word_1_49' title='bbox 499 666 580 736; x_wconf 87' lang='lat' dir='ltr'><strong>plane</strong></span> <span class='ocrx_word' id='word_1_50' title='bbox 598 666 747 722; x_wconf 76' lang='lat' dir='ltr'><strong>Falcidiam</strong></span> <span class='ocrx_word' id='word_1_51' title='bbox 766 671 883 723; x_wconf 82' lang='lat' dir='ltr'><strong>exercet.</strong></span> <span class='ocrx_word' id='word_1_52' title='bbox 919 665 974 722; x_wconf 85' lang='lat' dir='ltr'><strong>Sed</strong></span> <span class='ocrx_word' id='word_1_53' title='bbox 993 671 1022 722; x_wconf 88' lang='lat' dir='ltr'><strong>et</strong></span> <span class='ocrx_word' id='word_1_54' title='bbox 1039 668 1063 722; x_wconf 91' lang='lat' dir='ltr'><strong>si</strong></span> <span class='ocrx_word' id='word_1_55' title='bbox 1080 667 1206 724; x_wconf 89' lang='lat' dir='ltr'><strong>dominns</strong></span> <span class='ocrx_word' id='word_1_56' title='bbox 1224 667 1326 724; x_wconf 86' lang='lat' dir='ltr'><strong>omissa</strong></span> <span class='ocrx_word' id='word_1_57' title='bbox 1342 665 1502 721; x_wconf 88' lang='lat' dir='ltr'><strong>hereditatis</strong></span> 
     </span>
     <span class='ocr_line' id='line_1_6' title="bbox 74 753 1534 826; baseline 0.001 -18"><span class='ocrx_word' id='word_1_58' title='bbox 74 754 192 810; x_wconf 70' lang='lat' dir='ltr'><strong>editione</strong></span> <span class='ocrx_word' id='word_1_59' title='bbox 211 768 319 810; x_wconf 88' lang='lat' dir='ltr'><strong>seruum</strong></span> <span class='ocrx_word' id='word_1_60' title='bbox 342 753 395 808; x_wconf 87' lang='lat' dir='ltr'><strong>eibi</strong></span> <span class='ocrx_word' id='word_1_61' title='bbox 418 753 597 812; x_wconf 84' lang='lat' dir='ltr'><strong>substitutum</strong></span> <span class='ocrx_word' id='word_1_62' title='bbox 621 755 697 812; x_wconf 88' lang='lat' dir='ltr'><strong>adire</strong></span> <span class='ocrx_word' id='word_1_63' title='bbox 715 756 807 826; x_wconf 84' lang='lat' dir='ltr'><strong>iussit,</strong></span> <span class='ocrx_word' id='word_1_64' title='bbox 829 756 906 826; x_wconf 89' lang='lat' dir='ltr'><strong>prius</strong></span> <span class='ocrx_word' id='word_1_65' title='bbox 923 760 1071 825; x_wconf 76' lang='lat' dir='ltr'><strong>erogantur</strong></span> <span class='ocrx_word' id='word_1_66' title='bbox 1089 771 1159 826; x_wconf 89' lang='lat' dir='ltr'><strong>quae</strong></span> <span class='ocrx_word' id='word_1_67' title='bbox 1177 754 1212 812; x_wconf 89' lang='lat' dir='ltr'><strong>ab</strong></span> <span class='ocrx_word' id='word_1_68' title='bbox 1230 757 1291 826; x_wconf 92' lang='lat' dir='ltr'><strong>ipso</strong></span> <span class='ocrx_word' id='word_1_69' title='bbox 1309 755 1418 812; x_wconf 92' lang='lat' dir='ltr'><strong>domino</strong></span> <span class='ocrx_word' id='word_1_70' title='bbox 1437 753 1502 810; x_wconf 82' lang='lat' dir='ltr'><strong>dcta</strong></span> <span class='ocrx_word' id='word_1_71' title='bbox 1521 764 1534 803; x_wconf 80' lang='lat'>⁵</span> 
     </span>
     <span class='ocr_line' id='line_1_7' title="bbox 54 842 1592 916; baseline -0.002 -19"><span class='ocrx_word' id='word_1_72' title='bbox 54 849 141 912; x_wconf 81' lang='lat' dir='ltr'><strong>crunt,</strong></span> <span class='ocrx_word' id='word_1_73' title='bbox 175 849 236 898; x_wconf 90' lang='lat' dir='ltr'><strong>tnnc</strong></span> <span class='ocrx_word' id='word_1_74' title='bbox 253 857 348 900; x_wconf 85' lang='lat' dir='ltr'><strong>corum</strong></span> <span class='ocrx_word' id='word_1_75' title='bbox 366 857 437 912; x_wconf 83' lang='lat' dir='ltr'><strong>qnae</strong></span> <span class='ocrx_word' id='word_1_76' title='bbox 456 860 474 900; x_wconf 91' lang='lat' dir='ltr'><strong>a</strong></span> <span class='ocrx_word' id='word_1_77' title='bbox 491 859 572 900; x_wconf 88' lang='lat' dir='ltr'><strong>seruo</strong></span> <span class='ocrx_word' id='word_1_78' title='bbox 589 845 685 902; x_wconf 86' lang='lat' dir='ltr'><strong>relicta</strong></span> <span class='ocrx_word' id='word_1_79' title='bbox 702 851 767 900; x_wconf 89' lang='lat' dir='ltr'><strong>sunt</strong></span> <span class='ocrx_word' id='word_1_80' title='bbox 785 845 795 916; x_wconf 82' lang='lat' dir='ltr'><strong>l</strong></span> <span class='ocrx_word' id='word_1_81' title='bbox 815 846 884 902; x_wconf 90' lang='lat' dir='ltr'><strong>ratio</strong></span> <span class='ocrx_word' id='word_1_82' title='bbox 903 846 992 916; x_wconf 85' lang='lat' dir='ltr'><strong>initur,</strong></span> <span class='ocrx_word' id='word_1_83' title='bbox 1011 847 1035 902; x_wconf 92' lang='lat' dir='ltr'><strong>si</strong></span> <span class='ocrx_word' id='word_1_84' title='bbox 1052 846 1156 916; x_wconf 90' lang='lat' dir='ltr'><strong>patitur</strong></span> <span class='ocrx_word' id='word_1_85' title='bbox 1173 845 1302 900; x_wconf 76' lang='lat' dir='ltr'><strong>Falcidia.</strong></span> <span class='ocrx_word' id='word_1_86' title='bbox 1338 843 1367 898; x_wconf 84' lang='lat' dir='ltr'><strong>Si</strong></span> <span class='ocrx_word' id='word_1_87' title='bbox 1385 842 1501 898; x_wconf 83' lang='lat' dir='ltr'><strong>debitori</strong></span> <span class='ocrx_word' id='word_1_88' title='bbox 1518 848 1592 896; x_wconf 83' lang='lat' dir='ltr'><strong>t1oa</strong></span> 
     </span>
     <span class='ocr_line' id='line_1_8' title="bbox 73 929 1501 1005; baseline 0.001 -19"><span class='ocrx_word' id='word_1_89' title='bbox 73 929 194 988; x_wconf 76' lang='lat' dir='ltr'><strong>lber-atio</strong></span> <span class='ocrx_word' id='word_1_90' title='bbox 209 931 300 1002; x_wconf 77' lang='lat' dir='ltr'><strong>legata</strong></span> <span class='ocrx_word' id='word_1_91' title='bbox 318 932 363 1000; x_wconf 85' lang='lat' dir='ltr'><strong>sit,</strong></span> <span class='ocrx_word' id='word_1_92' title='bbox 381 933 508 1002; x_wconf 86' lang='lat' dir='ltr'><strong>quamuis</strong></span> <span class='ocrx_word' id='word_1_93' title='bbox 526 933 657 990; x_wconf 89' lang='lat' dir='ltr'><strong>soluendo</strong></span> <span class='ocrx_word' id='word_1_94' title='bbox 675 949 730 990; x_wconf 93' lang='lat' dir='ltr'><strong>non</strong></span> <span class='ocrx_word' id='word_1_95' title='bbox 748 934 792 1004; x_wconf 90' lang='lat' dir='ltr'><strong>sit,</strong></span> <span class='ocrx_word' id='word_1_96' title='bbox 810 939 898 990; x_wconf 89' lang='lat' dir='ltr'><strong>totum</strong></span> <span class='ocrx_word' id='word_1_97' title='bbox 915 935 1035 1004; x_wconf 80' lang='lat' dir='ltr'><strong>legatum</strong></span> <span class='ocrx_word' id='word_1_98' title='bbox 1055 939 1235 1005; x_wconf 83' lang='lat' dir='ltr'><strong>computetur,</strong></span> <span class='ocrx_word' id='word_1_99' title='bbox 1252 935 1317 990; x_wconf 90' lang='lat' dir='ltr'><strong>licet</strong></span> <span class='ocrx_word' id='word_1_100' title='bbox 1333 949 1432 990; x_wconf 90' lang='lat' dir='ltr'><strong>nomen</strong></span> <span class='ocrx_word' id='word_1_101' title='bbox 1449 931 1501 988; x_wconf 89' lang='lat' dir='ltr'><strong>hoc</strong></span> 
     </span>
     <span class='ocr_line' id='line_1_9' title="bbox 74 1020 1501 1093; baseline 0.001 -18"><span class='ocrx_word' id='word_1_102' title='bbox 74 1035 112 1076; x_wconf 89' lang='lat' dir='ltr'><strong>non</strong></span> <span class='ocrx_word' id='word_1_103' title='bbox 133 1027 243 1090; x_wconf 78' lang='lat' dir='ltr'><strong>augeat</strong></span> <span class='ocrx_word' id='word_1_104' title='bbox 259 1020 437 1078; x_wconf 83' lang='lat' dir='ltr'><strong>hereditatem</strong></span> <span class='ocrx_word' id='word_1_105' title='bbox 457 1023 509 1078; x_wconf 82' lang='lat' dir='ltr'><strong>niel</strong></span> <span class='ocrx_word' id='word_1_106' title='bbox 526 1038 561 1078; x_wconf 87' lang='lat' dir='ltr'><strong>ex</strong></span> <span class='ocrx_word' id='word_1_107' title='bbox 578 1029 688 1080; x_wconf 86' lang='lat' dir='ltr'><strong>euentu.</strong></span> <span class='ocrx_word' id='word_1_108' title='bbox 716 1025 801 1093; x_wconf 84' lang='lat' dir='ltr'><strong>igitur</strong></span> <span class='ocrx_word' id='word_1_109' title='bbox 818 1024 841 1080; x_wconf 91' lang='lat' dir='ltr'><strong>si</strong></span> <span class='ocrx_word' id='word_1_110' title='bbox 853 1024 975 1080; x_wconf 80' lang='lat' dir='ltr'><strong>Falcidia</strong></span> <span class='ocrx_word' id='word_1_111' title='bbox 993 1025 1081 1080; x_wconf 89' lang='lat' dir='ltr'><strong>locum</strong></span> <span class='ocrx_word' id='word_1_112' title='bbox 1101 1023 1208 1093; x_wconf 90' lang='lat' dir='ltr'><strong>habeat,</strong></span> <span class='ocrx_word' id='word_1_113' title='bbox 1227 1023 1279 1080; x_wconf 91' lang='lat' dir='ltr'><strong>hoc</strong></span> <span class='ocrx_word' id='word_1_114' title='bbox 1289 1023 1351 1092; x_wconf 92' lang='lat' dir='ltr'><strong>plus</strong></span> <span class='ocrx_word' id='word_1_115' title='bbox 1364 1021 1501 1078; x_wconf 89' lang='lat' dir='ltr'><strong>uidebitur</strong></span> 
     </span>
     <span class='ocr_line' id='line_1_10' title="bbox 73 1109 1501 1184; baseline 0 -18"><span class='ocrx_word' id='word_1_116' title='bbox 73 1109 198 1180; x_wconf 71' lang='lat' dir='ltr'><strong>hostum</strong></span> <span class='ocrx_word' id='word_1_117' title='bbox 215 1110 289 1180; x_wconf 90' lang='lat' dir='ltr'><strong>quod</strong></span> <span class='ocrx_word' id='word_1_118' title='bbox 306 1109 371 1166; x_wconf 89' lang='lat' dir='ltr'><strong>hnic</strong></span> <span class='ocrx_word' id='word_1_119' title='bbox 387 1111 508 1180; x_wconf 87' lang='lat' dir='ltr'><strong>legatum</strong></span> <span class='ocrx_word' id='word_1_120' title='bbox 527 1117 614 1168; x_wconf 90' lang='lat' dir='ltr'><strong>esset:</strong></span> <span class='ocrx_word' id='word_1_121' title='bbox 640 1117 732 1168; x_wconf 87' lang='lat' dir='ltr'><strong>cetera</strong></span> <span class='ocrx_word' id='word_1_122' title='bbox 749 1127 858 1183; x_wconf 90' lang='lat' dir='ltr'><strong>quoque</strong></span> <span class='ocrx_word' id='word_1_123' title='bbox 877 1113 1033 1170; x_wconf 86' lang='lat' dir='ltr'><strong>minuentur</strong></span> <span class='ocrx_word' id='word_1_124' title='bbox 1050 1113 1143 1184; x_wconf 87' lang='lat' dir='ltr'><strong>legata</strong></span> <span class='ocrx_word' id='word_1_125' title='bbox 1160 1128 1209 1183; x_wconf 90' lang='lat' dir='ltr'><strong>per</strong></span> <span class='ocrx_word' id='word_1_126' title='bbox 1227 1112 1278 1168; x_wconf 93' lang='lat' dir='ltr'><strong>hoc</strong></span> <span class='ocrx_word' id='word_1_127' title='bbox 1296 1116 1325 1167; x_wconf 92' lang='lat' dir='ltr'><strong>et</strong></span> <span class='ocrx_word' id='word_1_128' title='bbox 1341 1112 1431 1182; x_wconf 88' lang='lat' dir='ltr'><strong>ipsum</strong></span> <span class='ocrx_word' id='word_1_129' title='bbox 1449 1111 1501 1166; x_wconf 93' lang='lat' dir='ltr'><strong>hoc</strong></span> 
     </span>
     <span class='ocr_line' id='line_1_11' title="bbox 52 1193 1549 1272; baseline 0.003 -20"><span class='ocrx_word' id='word_1_130' title='bbox 52 1193 108 1266; x_wconf 74' lang='lat' dir='ltr'><strong>iper</strong></span> <span class='ocrx_word' id='word_1_131' title='bbox 124 1199 202 1270; x_wconf 80' lang='lat' dir='ltr'><strong>alia3</strong></span> <span class='ocrx_word' id='word_1_132' title='bbox 224 1215 323 1270; x_wconf 87' lang='lat' dir='ltr'><strong>capere</strong></span> <span class='ocrx_word' id='word_1_133' title='bbox 340 1200 414 1256; x_wconf 89' lang='lat' dir='ltr'><strong>enirn</strong></span> <span class='ocrx_word' id='word_1_134' title='bbox 431 1200 541 1256; x_wconf 89' lang='lat' dir='ltr'><strong>uidetur</strong></span> <span class='ocrx_word' id='word_1_135' title='bbox 558 1217 605 1272; x_wconf 89' lang='lat' dir='ltr'><strong>eo,</strong></span> <span class='ocrx_word' id='word_1_136' title='bbox 623 1202 697 1271; x_wconf 93' lang='lat' dir='ltr'><strong>qnod</strong></span> <span class='ocrx_word' id='word_1_137' title='bbox 715 1201 853 1260; x_wconf 89' lang='lat' dir='ltr'><strong>liberatur.</strong></span> <span class='ocrx_word' id='word_1_138' title='bbox 890 1201 945 1258; x_wconf 86' lang='lat' dir='ltr'><strong>Sed</strong></span> <span class='ocrx_word' id='word_1_139' title='bbox 963 1203 987 1258; x_wconf 91' lang='lat' dir='ltr'><strong>si</strong></span> <span class='ocrx_word' id='word_1_140' title='bbox 1005 1203 1051 1258; x_wconf 89' lang='lat' dir='ltr'><strong>alii</strong></span> <span class='ocrx_word' id='word_1_141' title='bbox 1069 1201 1120 1258; x_wconf 92' lang='lat' dir='ltr'><strong>hoc</strong></span> <span class='ocrx_word' id='word_1_142' title='bbox 1138 1217 1238 1258; x_wconf 90' lang='lat' dir='ltr'><strong>nomen</strong></span> <span class='ocrx_word' id='word_1_143' title='bbox 1255 1202 1374 1272; x_wconf 86' lang='lat' dir='ltr'><strong>legetur,</strong></span> <span class='ocrx_word' id='word_1_144' title='bbox 1397 1201 1499 1256; x_wconf 93' lang='lat' dir='ltr'><strong>nullum</strong></span> <span class='ocrx_word' id='word_1_145' title='bbox 1521 1209 1549 1249; x_wconf 84' lang='lat'><strong>¹⁰</strong></span> 
     </span>
     <span class='ocr_line' id='line_1_12' title="bbox 72 1285 656 1355; baseline 0.003 -12"><span class='ocrx_word' id='word_1_146' title='bbox 72 1285 189 1355; x_wconf 76' lang='lat' dir='ltr'><strong>bgatum</strong></span> <span class='ocrx_word' id='word_1_147' title='bbox 206 1288 257 1344; x_wconf 89' lang='lat' dir='ltr'><strong>erit</strong></span> <span class='ocrx_word' id='word_1_148' title='bbox 274 1303 326 1344; x_wconf 89' lang='lat' dir='ltr'><strong>nec</strong></span> <span class='ocrx_word' id='word_1_149' title='bbox 343 1289 442 1346; x_wconf 91' lang='lat' dir='ltr'><strong>ceteris</strong></span> <span class='ocrx_word' id='word_1_150' title='bbox 460 1290 656 1350; x_wconf 78' lang='lat' dir='ltr'><strong>contribuatur.</strong></span> 
     </span>
     <span class='ocr_line' id='line_1_13' title="bbox 38 1371 1546 1462; baseline 0.004 -32"><span class='ocrx_word' id='word_1_151' title='bbox 38 1371 62 1430; x_wconf 82' lang='lat' dir='ltr'><strong>lt</strong></span> <span class='ocrx_word' id='word_1_152' title='bbox 109 1372 278 1434; x_wconf 82' lang='lat' dir='ltr'><strong>Scanuons</strong></span> <span class='ocrx_word' id='word_1_153' title='bbox 295 1377 364 1434; x_wconf 87' lang='lat' dir='ltr'><strong>libro</strong></span> <span class='ocrx_word' id='word_1_154' title='bbox 382 1379 478 1448; x_wconf 90' lang='lat' dir='ltr'><strong>quinto</strong></span> <span class='ocrx_word' id='word_1_155' title='bbox 496 1379 603 1436; x_wconf 88' lang='lat' dir='ltr'><strong>decimo</strong></span> <span class='ocrx_word' id='word_1_156' title='bbox 620 1379 820 1450; x_wconf 83' lang='lat' dir='ltr'><strong>quaestionum.</strong></span> <span class='ocrx_word' id='word_1_157' title='bbox 849 1378 877 1434; x_wconf 90' lang='lat' dir='ltr'><strong>Si</strong></span> <span class='ocrx_word' id='word_1_158' title='bbox 895 1379 996 1436; x_wconf 81' lang='lat' dir='ltr'><strong>fundus</strong></span> <span class='ocrx_word' id='word_1_159' title='bbox 1014 1380 1079 1436; x_wconf 86' lang='lat' dir='ltr'><strong>mibi</strong></span> <span class='ocrx_word' id='word_1_160' title='bbox 1097 1381 1204 1450; x_wconf 87' lang='lat' dir='ltr'><strong>legetur</strong></span> <span class='ocrx_word' id='word_1_161' title='bbox 1221 1384 1250 1436; x_wconf 88' lang='lat' dir='ltr'><strong>ct</strong></span> <span class='ocrx_word' id='word_1_162' title='bbox 1267 1381 1325 1450; x_wconf 89' lang='lat' dir='ltr'><strong>uia,</strong></span> <span class='ocrx_word' id='word_1_163' title='bbox 1345 1375 1500 1462; x_wconf 61' lang='lat' dir='ltr'><strong>[affl</strong></span> <span class='ocrx_word' id='word_1_164' title='bbox 1519 1381 1546 1436; x_wconf 93' lang='lat' dir='ltr'><em>P</em></span> 
     </span>
     <span class='ocr_line' id='line_1_14' title="bbox 72 1462 1500 1540; baseline 0.008 -25"><span class='ocrx_word' id='word_1_165' title='bbox 72 1462 249 1522; x_wconf 85' lang='lat' dir='ltr'><strong>ioFalcidiao</strong></span> <span class='ocrx_word' id='word_1_166' title='bbox 266 1467 381 1538; x_wconf 88' lang='lat' dir='ltr'><strong>ratione,</strong></span> <span class='ocrx_word' id='word_1_167' title='bbox 400 1469 424 1524; x_wconf 86' lang='lat' dir='ltr'><strong>si</strong></span> <span class='ocrx_word' id='word_1_168' title='bbox 441 1471 548 1524; x_wconf 64' lang='lat' dir='ltr'><strong>mnium</strong></span> <span class='ocrx_word' id='word_1_169' title='bbox 567 1469 649 1524; x_wconf 87' lang='lat' dir='ltr'><strong>sitin</strong></span> <span class='ocrx_word' id='word_1_170' title='bbox 666 1469 720 1538; x_wconf 81' lang='lat' dir='ltr'><strong>uia,</strong></span> <span class='ocrx_word' id='word_1_171' title='bbox 739 1472 871 1537; x_wconf 86' lang='lat' dir='ltr'><strong>quantum</strong></span> <span class='ocrx_word' id='word_1_172' title='bbox 890 1470 1006 1540; x_wconf 84' lang='lat' dir='ltr'><strong>amplius</strong></span> <span class='ocrx_word' id='word_1_173' title='bbox 1025 1475 1068 1524; x_wconf 88' lang='lat' dir='ltr'><strong>est</strong></span> <span class='ocrx_word' id='word_1_174' title='bbox 1085 1470 1114 1525; x_wconf 94' lang='lat' dir='ltr'><strong>in</strong></span> <span class='ocrx_word' id='word_1_175' title='bbox 1127 1469 1258 1538; x_wconf 88' lang='lat' dir='ltr'><strong>Falcidia,</strong></span> <span class='ocrx_word' id='word_1_176' title='bbox 1277 1470 1383 1538; x_wconf 82' lang='lat' dir='ltr'><strong>integer</strong></span> <span class='ocrx_word' id='word_1_177' title='bbox 1400 1468 1500 1526; x_wconf 83' lang='lat' dir='ltr'><strong>fundus</strong></span> 
     </span>
     <span class='ocr_line' id='line_1_15' title="bbox 72 1552 1499 1628; baseline 0.004 -21"><span class='ocrx_word' id='word_1_178' title='bbox 72 1552 190 1622; x_wconf 73' lang='lat' dir='ltr'><strong>capietur</strong></span> <span class='ocrx_word' id='word_1_179' title='bbox 206 1562 234 1612; x_wconf 86' lang='lat' dir='ltr'><strong>ct</strong></span> <span class='ocrx_word' id='word_1_180' title='bbox 250 1557 298 1612; x_wconf 91' lang='lat' dir='ltr'><strong>uia</strong></span> <span class='ocrx_word' id='word_1_181' title='bbox 314 1557 395 1628; x_wconf 80' lang='lat' dir='ltr'><strong>perit.</strong></span> <span class='ocrx_word' id='word_1_182' title='bbox 421 1557 472 1612; x_wconf 87' lang='lat' dir='ltr'><strong>sed</strong></span> <span class='ocrx_word' id='word_1_183' title='bbox 490 1558 514 1613; x_wconf 87' lang='lat' dir='ltr'><strong>ei</strong></span> <span class='ocrx_word' id='word_1_184' title='bbox 531 1558 578 1614; x_wconf 91' lang='lat' dir='ltr'><strong>uia</strong></span> <span class='ocrx_word' id='word_1_185' title='bbox 595 1559 701 1628; x_wconf 85' lang='lat' dir='ltr'><strong>legetur</strong></span> <span class='ocrx_word' id='word_1_186' title='bbox 716 1573 767 1614; x_wconf 88' lang='lat' dir='ltr'><strong>nee</strong></span> <span class='ocrx_word' id='word_1_187' title='bbox 785 1558 917 1615; x_wconf 87' lang='lat' dir='ltr'><strong>soluendo</strong></span> <span class='ocrx_word' id='word_1_188' title='bbox 937 1559 973 1614; x_wconf 89' lang='lat' dir='ltr'><strong>sit</strong></span> <span class='ocrx_word' id='word_1_189' title='bbox 989 1559 1135 1628; x_wconf 87' lang='lat' dir='ltr'><strong>hereditas,</strong></span> <span class='ocrx_word' id='word_1_190' title='bbox 1154 1574 1208 1614; x_wconf 88' lang='lat' dir='ltr'><strong>non</strong></span> <span class='ocrx_word' id='word_1_191' title='bbox 1227 1558 1386 1628; x_wconf 76' lang='lat' dir='ltr'><strong>debebitur.</strong></span> <span class='ocrx_word' id='word_1_192' title='bbox 1405 1557 1499 1614; x_wconf 93' lang='lat' dir='ltr'><strong>uiden·</strong></span> 
     </span>
     <span class='ocr_line' id='line_1_16' title="bbox 71 1639 1547 1718; baseline 0.005 -22"><span class='ocrx_word' id='word_1_193' title='bbox 71 1639 123 1696; x_wconf 91' lang='lat' dir='ltr'><strong>dum</strong></span> <span class='ocrx_word' id='word_1_194' title='bbox 154 1647 249 1715; x_wconf 78' lang='lat' dir='ltr'><strong>edam,</strong></span> <span class='ocrx_word' id='word_1_195' title='bbox 273 1646 297 1702; x_wconf 88' lang='lat' dir='ltr'><strong>ai</strong></span> <span class='ocrx_word' id='word_1_196' title='bbox 320 1644 405 1700; x_wconf 85' lang='lat' dir='ltr'><strong>lundo</strong></span> <span class='ocrx_word' id='word_1_197' title='bbox 428 1652 457 1702; x_wconf 89' lang='lat' dir='ltr'><strong>et</strong></span> <span class='ocrx_word' id='word_1_198' title='bbox 479 1647 527 1702; x_wconf 86' lang='lat' dir='ltr'><strong>uia</strong></span> <span class='ocrx_word' id='word_1_199' title='bbox 549 1647 641 1717; x_wconf 81' lang='lat' dir='ltr'><strong>legato</strong></span> <span class='ocrx_word' id='word_1_200' title='bbox 664 1648 754 1704; x_wconf 88' lang='lat' dir='ltr'><strong>minus</strong></span> <span class='ocrx_word' id='word_1_201' title='bbox 778 1663 812 1702; x_wconf 86' lang='lat' dir='ltr'><strong>ex</strong></span> <span class='ocrx_word' id='word_1_202' title='bbox 834 1652 964 1718; x_wconf 88' lang='lat' dir='ltr'><strong>utroque¹</strong></span> <span class='ocrx_word' id='word_1_203' title='bbox 984 1647 1122 1704; x_wconf 87' lang='lat' dir='ltr'><strong>desideret</strong></span> <span class='ocrx_word' id='word_1_204' title='bbox 1140 1663 1221 1716; x_wconf 88' lang='lat' dir='ltr'><strong>quam</strong></span> <span class='ocrx_word' id='word_1_205' title='bbox 1241 1649 1277 1702; x_wconf 89' lang='lat' dir='ltr'><strong>sit</strong></span> <span class='ocrx_word' id='word_1_206' title='bbox 1294 1648 1356 1704; x_wconf 89' lang='lat' dir='ltr'><strong>uiae</strong></span> <span class='ocrx_word' id='word_1_207' title='bbox 1374 1648 1499 1718; x_wconf 88' lang='lat' dir='ltr'><strong>pretium.</strong></span> <span class='ocrx_word' id='word_1_208' title='bbox 1520 1655 1547 1696; x_wconf 82' lang='lat'><strong>¹⁶</strong></span> 
     </span>
     <span class='ocr_line' id='line_1_17' title="bbox 70 1733 1500 1807; baseline 0.002 -17"><span class='ocrx_word' id='word_1_209' title='bbox 70 1733 160 1797; x_wconf 69' lang='lat' dir='ltr'><strong>potest</strong></span> <span class='ocrx_word' id='word_1_210' title='bbox 181 1739 276 1790; x_wconf 82' lang='lat' dir='ltr'><strong>coacta</strong></span> <span class='ocrx_word' id='word_1_211' title='bbox 292 1735 398 1798; x_wconf 79' lang='lat' dir='ltr'><strong>radone</strong></span> <span class='ocrx_word' id='word_1_212' title='bbox 416 1734 471 1792; x_wconf 89' lang='lat' dir='ltr'><strong>dici</strong></span> <span class='ocrx_word' id='word_1_213' title='bbox 488 1751 543 1792; x_wconf 89' lang='lat' dir='ltr'><strong>non</strong></span> <span class='ocrx_word' id='word_1_214' title='bbox 561 1743 667 1792; x_wconf 85' lang='lat' dir='ltr'><strong>tantum</strong></span> <span class='ocrx_word' id='word_1_215' title='bbox 686 1734 801 1792; x_wconf 81' lang='lat' dir='ltr'><strong>fundum</strong></span> <span class='ocrx_word' id='word_1_216' title='bbox 819 1737 935 1792; x_wconf 90' lang='lat' dir='ltr'><strong>solidum</strong></span> <span class='ocrx_word' id='word_1_217' title='bbox 955 1737 1029 1807; x_wconf 92' lang='lat' dir='ltr'><strong>capi,</strong></span> <span class='ocrx_word' id='word_1_218' title='bbox 1054 1738 1103 1792; x_wconf 89' lang='lat' dir='ltr'><strong>sed</strong></span> <span class='ocrx_word' id='word_1_219' title='bbox 1122 1738 1204 1794; x_wconf 90' lang='lat' dir='ltr'><strong>etium</strong></span> <span class='ocrx_word' id='word_1_220' title='bbox 1212 1739 1231 1806; x_wconf 85' lang='lat'><strong>²,</strong></span> <span class='ocrx_word' id='word_1_221' title='bbox 1255 1743 1285 1792; x_wconf 92' lang='lat' dir='ltr'><strong>ut</strong></span> <span class='ocrx_word' id='word_1_222' title='bbox 1303 1735 1358 1792; x_wconf 93' lang='lat' dir='ltr'><strong>doli</strong></span> <span class='ocrx_word' id='word_1_223' title='bbox 1375 1737 1500 1807; x_wconf 84' lang='lat' dir='ltr'><strong>exceptio</strong></span> 
     </span>
     <span class='ocr_line' id='line_1_18' title="bbox 70 1823 1497 1896; baseline 0.003 -18"><span class='ocrx_word' id='word_1_224' title='bbox 70 1823 173 1878; x_wconf 80' lang='lat' dir='ltr'><strong>lantum</strong></span> <span class='ocrx_word' id='word_1_225' title='bbox 190 1823 302 1894; x_wconf 81' lang='lat' dir='ltr'><strong>sarciat,</strong></span> <span class='ocrx_word' id='word_1_226' title='bbox 320 1829 453 1894; x_wconf 89' lang='lat' dir='ltr'><strong>qnantum</strong></span> <span class='ocrx_word' id='word_1_227' title='bbox 471 1825 564 1896; x_wconf 89' lang='lat' dir='ltr'><strong>deest,</strong></span> <span class='ocrx_word' id='word_1_228' title='bbox 583 1826 636 1880; x_wconf 83' lang='lat' dir='ltr'><strong>nc³</strong></span> <span class='ocrx_word' id='word_1_229' title='bbox 653 1826 716 1896; x_wconf 88' lang='lat' dir='ltr'><strong>plus</strong></span> <span class='ocrx_word' id='word_1_230' title='bbox 734 1824 841 1895; x_wconf 86' lang='lat' dir='ltr'><strong>habeat,</strong></span> <span class='ocrx_word' id='word_1_231' title='bbox 863 1841 946 1894; x_wconf 91' lang='lat' dir='ltr'><strong>quarn</strong></span> <span class='ocrx_word' id='word_1_232' title='bbox 962 1827 1085 1882; x_wconf 87' lang='lat' dir='ltr'><strong>Falcidia</strong></span> <span class='ocrx_word' id='word_1_233' title='bbox 1103 1825 1253 1882; x_wconf 87' lang='lat' dir='ltr'><strong>desiderat:</strong></span> <span class='ocrx_word' id='word_1_234' title='bbox 1278 1832 1310 1882; x_wconf 91' lang='lat' dir='ltr'><strong>ut</strong></span> <span class='ocrx_word' id='word_1_235' title='bbox 1327 1832 1393 1882; x_wconf 88' lang='lat' dir='ltr'><strong>tuuc</strong></span> <span class='ocrx_word' id='word_1_236' title='bbox 1411 1827 1497 1882; x_wconf 89' lang='lat' dir='ltr'><strong>selum</strong></span> 
     </span>
     <span class='ocr_line' id='line_1_19' title="bbox 70 1906 1187 1986; baseline 0.002 -18"><span class='ocrx_word' id='word_1_237' title='bbox 70 1906 104 1962; x_wconf 75' lang='lat' dir='ltr'><strong>lit</strong></span> <span class='ocrx_word' id='word_1_238' title='bbox 120 1908 280 1982; x_wconf 72' lang='lat' dir='ltr'><strong>intercidat,</strong></span> <span class='ocrx_word' id='word_1_239' title='bbox 299 1914 427 1983; x_wconf 89' lang='lat' dir='ltr'><strong>quotiens</strong></span> <span class='ocrx_word' id='word_1_240' title='bbox 444 1914 506 1984; x_wconf 91' lang='lat' dir='ltr'><strong>plus</strong></span> <span class='ocrx_word' id='word_1_241' title='bbox 524 1914 645 1968; x_wconf 89' lang='lat' dir='ltr'><strong>Falcidia</strong></span> <span class='ocrx_word' id='word_1_242' title='bbox 662 1913 802 1970; x_wconf 89' lang='lat' dir='ltr'><strong>desiderat</strong></span> <span class='ocrx_word' id='word_1_243' title='bbox 818 1928 901 1984; x_wconf 88' lang='lat' dir='ltr'><strong>quam</strong></span> <span class='ocrx_word' id='word_1_244' title='bbox 919 1920 963 1970; x_wconf 90' lang='lat' dir='ltr'><strong>est</strong></span> <span class='ocrx_word' id='word_1_245' title='bbox 980 1916 1042 1972; x_wconf 90' lang='lat' dir='ltr'><strong>uiae</strong></span> <span class='ocrx_word' id='word_1_246' title='bbox 1060 1917 1187 1986; x_wconf 89' lang='lat' dir='ltr'><strong>pretium.</strong></span> 
     </span>
     <span class='ocr_line' id='line_1_20' title="bbox 31 1990 1545 2086; baseline 0.003 -30"><span class='ocrx_word' id='word_1_247' title='bbox 31 1990 58 2049; x_wconf 76' lang='lat'><strong>24</strong></span> <span class='ocrx_word' id='word_1_248' title='bbox 108 1996 235 2058; x_wconf 79' lang='lat' dir='ltr'><strong>Pactus</strong></span> <span class='ocrx_word' id='word_1_249' title='bbox 251 2001 322 2058; x_wconf 88' lang='lat' dir='ltr'><strong>libro</strong></span> <span class='ocrx_word' id='word_1_250' title='bbox 339 2002 557 2072; x_wconf 85' lang='lat' dir='ltr'><strong>quartodecimo</strong></span> <span class='ocrx_word' id='word_1_251' title='bbox 574 2017 772 2073; x_wconf 50' lang='lat' dir='ltr'><strong>responsorum,</strong></span> <span class='ocrx_word' id='word_1_252' title='bbox 782 2003 931 2074; x_wconf 88' lang='lat' dir='ltr'><strong>respondit.</strong></span> <span class='ocrx_word' id='word_1_253' title='bbox 959 2005 1096 2062; x_wconf 87' lang='lat' dir='ltr'><strong>Falcidiae</strong></span> <span class='ocrx_word' id='word_1_254' title='bbox 1108 2006 1178 2075; x_wconf 84' lang='lat' dir='ltr'><strong>legis</strong></span> <span class='ocrx_word' id='word_1_255' title='bbox 1190 2005 1322 2060; x_wconf 88' lang='lat' dir='ltr'><strong>rationem</strong></span> <span class='ocrx_word' id='word_1_256' title='bbox 1342 1999 1499 2086; x_wconf 43' lang='lat' dir='ltr'><strong>[laissa-{t</strong></span> <span class='ocrx_word' id='word_1_257' title='bbox 1518 2008 1545 2061; x_wconf 89' lang='lat' dir='ltr'><strong><em>P</em></strong></span> 
     </span>
     <span class='ocr_line' id='line_1_21' title="bbox 69 2081 1547 2164; baseline -0.003 -16"><span class='ocrx_word' id='word_1_258' title='bbox 69 2083 201 2148; x_wconf 77' lang='lat' dir='ltr'><strong>tihabcri</strong></span> <span class='ocrx_word' id='word_1_259' title='bbox 218 2097 340 2162; x_wconf 84' lang='lat' dir='ltr'><strong>oportet,</strong></span> <span class='ocrx_word' id='word_1_260' title='bbox 359 2093 400 2148; x_wconf 92' lang='lat' dir='ltr'><strong>ita</strong></span> <span class='ocrx_word' id='word_1_261' title='bbox 416 2091 585 2162; x_wconf 83' lang='lat' dir='ltr'><strong>habendum,</strong></span> <span class='ocrx_word' id='word_1_262' title='bbox 604 2108 637 2147; x_wconf 84' lang='lat' dir='ltr'><strong>ec</strong></span> <span class='ocrx_word' id='word_1_263' title='bbox 656 2093 679 2148; x_wconf 91' lang='lat' dir='ltr'><strong>si</strong></span> <span class='ocrx_word' id='word_1_264' title='bbox 697 2092 749 2148; x_wconf 84' lang='lat' dir='ltr'><strong>hue</strong></span> <span class='ocrx_word' id='word_1_265' title='bbox 767 2109 824 2162; x_wconf 90' lang='lat' dir='ltr'><strong>rea,</strong></span> <span class='ocrx_word' id='word_1_266' title='bbox 843 2108 914 2162; x_wconf 91' lang='lat' dir='ltr'><strong>quae</strong></span> <span class='ocrx_word' id='word_1_267' title='bbox 932 2092 967 2148; x_wconf 93' lang='lat' dir='ltr'><strong>ab</strong></span> <span class='ocrx_word' id='word_1_268' title='bbox 986 2093 1085 2150; x_wconf 87' lang='lat' dir='ltr'><strong>herode</strong></span> <span class='ocrx_word' id='word_1_269' title='bbox 1104 2083 1260 2150; x_wconf 79' lang='lat' dir='ltr'><strong>subtractae</strong></span> <span class='ocrx_word' id='word_1_270' title='bbox 1279 2081 1499 2164; x_wconf 60' lang='lat' dir='ltr'><strong>suntsin‘i&#39;rere·</strong></span> <span class='ocrx_word' id='word_1_271' title='bbox 1518 2103 1547 2144; x_wconf 86' lang='lat' dir='ltr'><strong>ao</strong></span> 
     </span>
     <span class='ocr_line' id='line_1_22' title="bbox 47 2169 1499 2252; baseline 0.003 -18"><span class='ocrx_word' id='word_1_272' title='bbox 47 2170 152 2234; x_wconf 58' lang='lat' dir='ltr'><strong>Milite</strong></span> <span class='ocrx_word' id='word_1_273' title='bbox 174 2182 283 2238; x_wconf 87' lang='lat' dir='ltr'><strong>relictae</strong></span> <span class='ocrx_word' id='word_1_274' title='bbox 305 2182 377 2236; x_wconf 78' lang='lat' dir='ltr'><strong>non⁴</strong></span> <span class='ocrx_word' id='word_1_275' title='bbox 396 2179 520 2236; x_wconf 80' lang='lat' dir='ltr'><strong>luissent.</strong></span> <span class='ocrx_word' id='word_1_276' title='bbox 555 2182 632 2238; x_wconf 89' lang='lat' dir='ltr'><strong>Idem</strong></span> <span class='ocrx_word' id='word_1_277' title='bbox 656 2182 798 2252; x_wconf 86' lang='lat' dir='ltr'><strong>respondit</strong></span> <span class='ocrx_word' id='word_1_278' title='bbox 821 2169 917 2252; x_wconf 86' lang='lat' dir='ltr'><strong>partus</strong></span> <span class='ocrx_word' id='word_1_279' title='bbox 939 2184 1097 2238; x_wconf 78' lang='lat' dir='ltr'><strong>ancillarum</strong></span> <span class='ocrx_word' id='word_1_280' title='bbox 1121 2183 1273 2238; x_wconf 78' lang='lat' dir='ltr'><strong>antediem</strong></span> <span class='ocrx_word' id='word_1_281' title='bbox 1296 2181 1499 2238; x_wconf 84' lang='lat' dir='ltr'><strong>fideicommissi</strong></span> 
     </span>
     <span class='ocr_line' id='line_1_23' title="bbox 69 2260 1499 2343; baseline 0.001 -19"><span class='ocrx_word' id='word_1_282' title='bbox 69 2260 156 2324; x_wconf 60' lang='lat' dir='ltr'><strong>editoe</strong></span> <span class='ocrx_word' id='word_1_283' title='bbox 178 2271 213 2328; x_wconf 84' lang='lat' dir='ltr'><strong>ad</strong></span> <span class='ocrx_word' id='word_1_284' title='bbox 234 2270 351 2328; x_wconf 85' lang='lat' dir='ltr'><strong>horcdce</strong></span> <span class='ocrx_word' id='word_1_285' title='bbox 373 2272 433 2327; x_wconf 86' lang='lat' dir='ltr'><strong>eius</strong></span> <span class='ocrx_word' id='word_1_286' title='bbox 455 2272 503 2340; x_wconf 91' lang='lat' dir='ltr'><strong>qui</strong></span> <span class='ocrx_word' id='word_1_287' title='bbox 524 2276 638 2340; x_wconf 79' lang='lat' dir='ltr'><strong>rogatur</strong></span> <span class='ocrx_word' id='word_1_288' title='bbox 660 2273 720 2328; x_wconf 81' lang='lat' dir='ltr'><strong>cat⁵</strong></span> <span class='ocrx_word' id='word_1_289' title='bbox 739 2272 875 2342; x_wconf 84' lang='lat' dir='ltr'><strong>pertinere</strong></span> <span class='ocrx_word' id='word_1_290' title='bbox 898 2287 1001 2343; x_wconf 84' lang='lat' dir='ltr'><strong>conque</strong></span> <span class='ocrx_word' id='word_1_291' title='bbox 1025 2274 1052 2328; x_wconf 92' lang='lat' dir='ltr'><strong>in</strong></span> <span class='ocrx_word' id='word_1_292' title='bbox 1074 2277 1198 2342; x_wconf 83' lang='lat' dir='ltr'><strong>quartum</strong></span> <span class='ocrx_word' id='word_1_293' title='bbox 1217 2278 1246 2326; x_wconf 91' lang='lat' dir='ltr'><strong>ct</strong></span> <span class='ocrx_word' id='word_1_294' title='bbox 1263 2276 1377 2342; x_wconf 89' lang='lat' dir='ltr'><strong>quartae</strong></span> <span class='ocrx_word' id='word_1_295' title='bbox 1394 2270 1499 2328; x_wconf 79' lang='lat' dir='ltr'><strong>tructus</strong></span> 
     </span>
     <span class='ocr_line' id='line_1_24' title="bbox 45 2351 1499 2432; baseline -0.001 -16"><span class='ocrx_word' id='word_1_296' title='bbox 45 2351 278 2429; x_wconf 70' lang='lat' dir='ltr'><strong>lenonesque,</strong></span> <span class='ocrx_word' id='word_1_297' title='bbox 300 2361 324 2416; x_wconf 91' lang='lat' dir='ltr'><strong>ai</strong></span> <span class='ocrx_word' id='word_1_298' title='bbox 348 2359 384 2414; x_wconf 93' lang='lat' dir='ltr'><strong>dc</strong></span> <span class='ocrx_word' id='word_1_299' title='bbox 401 2361 462 2429; x_wconf 87' lang='lat' dir='ltr'><strong>lege</strong></span> <span class='ocrx_word' id='word_1_300' title='bbox 480 2361 603 2416; x_wconf 87' lang='lat' dir='ltr'><strong>Falcidia</strong></span> <span class='ocrx_word' id='word_1_301' title='bbox 620 2361 745 2430; x_wconf 77' lang='lat' dir='ltr'><strong>quaestio</strong></span> <span class='ocrx_word' id='word_1_302' title='bbox 763 2362 923 2418; x_wconf 81' lang='lat' dir='ltr'><strong>intercedat.</strong></span> <span class='ocrx_word' id='word_1_303' title='bbox 960 2362 1036 2418; x_wconf 91' lang='lat' dir='ltr'><strong>ldem</strong></span> <span class='ocrx_word' id='word_1_304' title='bbox 1054 2361 1197 2432; x_wconf 88' lang='lat' dir='ltr'><strong>rospondit</strong></span> <span class='ocrx_word' id='word_1_305' title='bbox 1214 2359 1319 2416; x_wconf 81' lang='lat' dir='ltr'><strong>fructus</strong></span> <span class='ocrx_word' id='word_1_306' title='bbox 1337 2376 1372 2416; x_wconf 83' lang='lat' dir='ltr'><strong>ex</strong></span> <span class='ocrx_word' id='word_1_307' title='bbox 1389 2360 1499 2430; x_wconf 86' lang='lat' dir='ltr'><strong>propria</strong></span> 
     </span>
     <span class='ocr_line' id='line_1_25' title="bbox 67 2437 1498 2522; baseline 0 -18"><span class='ocrx_word' id='word_1_308' title='bbox 67 2450 89 2490; x_wconf 72' lang='lat' dir='ltr'><strong>ll</strong></span> <span class='ocrx_word' id='word_1_309' title='bbox 102 2437 227 2520; x_wconf 76' lang='lat' dir='ltr'><strong>hemon,</strong></span> <span class='ocrx_word' id='word_1_310' title='bbox 245 2465 317 2520; x_wconf 89' lang='lat' dir='ltr'><strong>qnae</strong></span> <span class='ocrx_word' id='word_1_311' title='bbox 335 2450 428 2519; x_wconf 87' lang='lat' dir='ltr'><strong>legata</strong></span> <span class='ocrx_word' id='word_1_312' title='bbox 445 2455 496 2519; x_wconf 88' lang='lat' dir='ltr'><strong>est,</strong></span> <span class='ocrx_word' id='word_1_313' title='bbox 518 2457 582 2520; x_wconf 90' lang='lat' dir='ltr'><strong>post</strong></span> <span class='ocrx_word' id='word_1_314' title='bbox 600 2451 672 2506; x_wconf 90' lang='lat' dir='ltr'><strong>diem</strong></span> <span class='ocrx_word' id='word_1_315' title='bbox 690 2449 892 2508; x_wconf 86' lang='lat' dir='ltr'><strong>fideicommissi</strong></span> <span class='ocrx_word' id='word_1_316' title='bbox 911 2451 1053 2507; x_wconf 86' lang='lat' dir='ltr'><strong>cedentem</strong></span> <span class='ocrx_word' id='word_1_317' title='bbox 1072 2456 1223 2522; x_wconf 86' lang='lat' dir='ltr'><strong>perceptos,</strong></span> <span class='ocrx_word' id='word_1_318' title='bbox 1243 2451 1295 2506; x_wconf 87' lang='lat' dir='ltr'><strong>etsi</strong></span> <span class='ocrx_word' id='word_1_319' title='bbox 1312 2465 1368 2506; x_wconf 92' lang='lat' dir='ltr'><strong>non</strong></span> <span class='ocrx_word' id='word_1_320' title='bbox 1385 2449 1441 2504; x_wconf 89' lang='lat' dir='ltr'><strong>sint</strong></span> <span class='ocrx_word' id='word_1_321' title='bbox 1458 2463 1498 2504; x_wconf 88' lang='lat' dir='ltr'><strong>re·</strong></span> 
     </span>
     <span class='ocr_line' id='line_1_26' title="bbox 67 2525 1569 2610; baseline 0.002 -16"><span class='ocrx_word' id='word_1_322' title='bbox 67 2525 195 2594; x_wconf 62' lang='lat' dir='ltr'><strong>&#39;fiiuendi</strong></span> <span class='ocrx_word' id='word_1_323' title='bbox 212 2537 473 2608; x_wconf 73' lang='lat' dir='ltr'><strong>fideicommissario,</strong></span> <span class='ocrx_word' id='word_1_324' title='bbox 492 2538 586 2595; x_wconf 87' lang='lat' dir='ltr'><strong>heredi</strong></span> <span class='ocrx_word' id='word_1_325' title='bbox 603 2541 633 2596; x_wconf 93' lang='lat' dir='ltr'><strong>in</strong></span> <span class='ocrx_word' id='word_1_326' title='bbox 651 2545 774 2610; x_wconf 84' lang='lat' dir='ltr'><strong>quartum</strong></span> <span class='ocrx_word' id='word_1_327' title='bbox 794 2541 922 2610; x_wconf 87' lang='lat' dir='ltr'><strong>imputari</strong></span> <span class='ocrx_word' id='word_1_328' title='bbox 942 2556 995 2596; x_wconf 92' lang='lat' dir='ltr'><strong>non</strong></span> <span class='ocrx_word' id='word_1_329' title='bbox 1014 2542 1109 2596; x_wconf 88' lang='lat' dir='ltr'><strong>solere.</strong></span> <span class='ocrx_word' id='word_1_330' title='bbox 1518 2549 1546 2588; x_wconf 75' lang='lat'><strong>²⁶</strong></span> <span class='ocrx_word' id='word_1_331' title='bbox 1566 2561 1569 2568; x_wconf 93' lang='lat'>·</span> 
     </span>
     <span class='ocr_line' id='line_1_27' title="bbox 27 2603 1558 2710; baseline 0.003 -30"><span class='ocrx_word' id='word_1_332' title='bbox 27 2603 54 2661; x_wconf 68' lang='lat'><strong>²⁵</strong></span> <span class='ocrx_word' id='word_1_333' title='bbox 106 2616 275 2686; x_wconf 61' lang='lat' dir='ltr'><strong>&amp;annona</strong></span> <span class='ocrx_word' id='word_1_334' title='bbox 296 2625 366 2684; x_wconf 91' lang='lat' dir='ltr'><strong>libro</strong></span> <span class='ocrx_word' id='word_1_335' title='bbox 384 2633 481 2698; x_wconf 86' lang='lat' dir='ltr'><strong>quarto</strong></span> <span class='ocrx_word' id='word_1_336' title='bbox 504 2643 706 2698; x_wconf 85' lang='lat' dir='ltr'><strong>responsorum.</strong></span> <span class='ocrx_word' id='word_1_337' title='bbox 742 2630 867 2684; x_wconf 84' lang='lat' dir='ltr'><strong>llaritnm</strong></span> <span class='ocrx_word' id='word_1_338' title='bbox 893 2646 972 2686; x_wconf 91' lang='lat' dir='ltr'><strong>suum</strong></span> <span class='ocrx_word' id='word_1_339' title='bbox 996 2628 1130 2686; x_wconf 88' lang='lat' dir='ltr'><strong>etlilium</strong></span> <span class='ocrx_word' id='word_1_340' title='bbox 1152 2643 1323 2685; x_wconf 86' lang='lat' dir='ltr'><strong>communem</strong></span> <span class='ocrx_word' id='word_1_341' title='bbox 1342 2621 1499 2710; x_wconf 55' lang='lat' dir='ltr'><strong>Qar—r}</strong></span> <span class='ocrx_word' id='word_1_342' title='bbox 1517 2633 1558 2684; x_wconf 81' lang='grc' dir='ltr'><strong>Ρ·</strong></span> 
     </span>
     <span class='ocr_line' id='line_1_28' title="bbox 65 2711 1497 2800; baseline 0.001 -30"><span class='ocrx_word' id='word_1_343' title='bbox 65 2711 162 2800; x_wconf 53' lang='lat' dir='ltr'><strong>&#39;fillis</strong></span> <span class='ocrx_word' id='word_1_344' title='bbox 176 2715 299 2786; x_wconf 80' lang='lat' dir='ltr'><strong>partibus</strong></span> <span class='ocrx_word' id='word_1_345' title='bbox 317 2715 434 2774; x_wconf 87' lang='lat' dir='ltr'><strong>heredes</strong></span> <span class='ocrx_word' id='word_1_346' title='bbox 450 2717 581 2774; x_wconf 84' lang='lat' dir='ltr'><strong>instituit:</strong></span> <span class='ocrx_word' id='word_1_347' title='bbox 599 2720 754 2788; x_wconf 88' lang='lat' dir='ltr'><strong>quaesitum</strong></span> <span class='ocrx_word' id='word_1_348' title='bbox 773 2724 824 2789; x_wconf 89' lang='lat' dir='ltr'><strong>est,</strong></span> <span class='ocrx_word' id='word_1_349' title='bbox 843 2735 878 2774; x_wconf 82' lang='lat' dir='ltr'><strong>an</strong></span> <span class='ocrx_word' id='word_1_350' title='bbox 896 2719 925 2774; x_wconf 93' lang='lat' dir='ltr'><strong>in</strong></span> <span class='ocrx_word' id='word_1_351' title='bbox 942 2719 1046 2776; x_wconf 87' lang='lat' dir='ltr'><strong>ratione</strong></span> <span class='ocrx_word' id='word_1_352' title='bbox 1064 2720 1134 2788; x_wconf 83' lang='lat' dir='ltr'><strong>legis</strong></span> <span class='ocrx_word' id='word_1_353' title='bbox 1151 2718 1289 2774; x_wconf 71' lang='lat' dir='ltr'><strong>Falcidiae</strong></span> <span class='ocrx_word' id='word_1_354' title='bbox 1307 2716 1497 2787; x_wconf 82' lang='lat' dir='ltr'><strong>imputandum</strong></span> 
     </span>
     <span class='ocr_line' id='line_1_29' title="bbox 64 2794 1497 2878; baseline 0.004 -22"><span class='ocrx_word' id='word_1_355' title='bbox 64 2794 90 2842; x_wconf 56' lang='grc' dir='ltr'><strong>Μ</strong></span> <span class='ocrx_word' id='word_1_356' title='bbox 106 2805 227 2874; x_wconf 82' lang='lat' dir='ltr'><strong>marito,</strong></span> <span class='ocrx_word' id='word_1_357' title='bbox 250 2805 325 2875; x_wconf 90' lang='lat' dir='ltr'><strong>quod</strong></span> <span class='ocrx_word' id='word_1_358' title='bbox 343 2805 380 2860; x_wconf 87' lang='lat' dir='ltr'><strong>ad</strong></span> <span class='ocrx_word' id='word_1_359' title='bbox 398 2821 460 2862; x_wconf 91' lang='lat' dir='ltr'><strong>enm</strong></span> <span class='ocrx_word' id='word_1_360' title='bbox 479 2821 515 2862; x_wconf 87' lang='lat' dir='ltr'><strong>cx</strong></span> <span class='ocrx_word' id='word_1_361' title='bbox 532 2806 629 2862; x_wconf 88' lang='lat' dir='ltr'><strong>eadem</strong></span> <span class='ocrx_word' id='word_1_362' title='bbox 648 2807 799 2864; x_wconf 89' lang='lat' dir='ltr'><strong>hereditate</strong></span> <span class='ocrx_word' id='word_1_363' title='bbox 817 2823 867 2878; x_wconf 88' lang='lat' dir='ltr'><strong>per</strong></span> <span class='ocrx_word' id='word_1_364' title='bbox 884 2806 967 2866; x_wconf 88' lang='lat' dir='ltr'><strong>fllium</strong></span> <span class='ocrx_word' id='word_1_365' title='bbox 986 2809 1119 2878; x_wconf 90' lang='lat' dir='ltr'><strong>peruenit.</strong></span> <span class='ocrx_word' id='word_1_366' title='bbox 1152 2807 1304 2878; x_wconf 88' lang='lat' dir='ltr'><strong>respondit,</strong></span> <span class='ocrx_word' id='word_1_367' title='bbox 1327 2808 1351 2864; x_wconf 88' lang='lat' dir='ltr'><strong>si</strong></span> <span class='ocrx_word' id='word_1_368' title='bbox 1369 2823 1404 2862; x_wconf 80' lang='lat' dir='ltr'><strong>er</strong></span> <span class='ocrx_word' id='word_1_369' title='bbox 1420 2807 1497 2862; x_wconf 89' lang='lat' dir='ltr'><strong>insti·</strong></span> 
     </span>
     <span class='ocr_line' id='line_1_30' title="bbox 63 2879 1497 2968; baseline 0.001 -19"><span class='ocrx_word' id='word_1_370' title='bbox 63 2879 171 2950; x_wconf 69' lang='lat' dir='ltr'><strong>tuti0¹¹0</strong></span> <span class='ocrx_word' id='word_1_371' title='bbox 188 2893 235 2950; x_wconf 86' lang='lat' dir='ltr'><strong>filii</strong></span> <span class='ocrx_word' id='word_1_372' title='bbox 258 2899 365 2950; x_wconf 80' lang='lat' dir='ltr'><strong>tontum</strong></span> <span class='ocrx_word' id='word_1_373' title='bbox 384 2895 514 2966; x_wconf 86' lang='lat' dir='ltr'><strong>retineat,</strong></span> <span class='ocrx_word' id='word_1_374' title='bbox 538 2901 670 2966; x_wconf 85' lang='lat' dir='ltr'><strong>quantum</strong></span> <span class='ocrx_word' id='word_1_375' title='bbox 688 2897 724 2952; x_wconf 91' lang='lat' dir='ltr'><strong>ad</strong></span> <span class='ocrx_word' id='word_1_376' title='bbox 742 2897 891 2954; x_wconf 86' lang='lat' dir='ltr'><strong>Falcidiam</strong></span> <span class='ocrx_word' id='word_1_377' title='bbox 910 2899 978 2952; x_wconf 89' lang='lat' dir='ltr'><strong>satis</strong></span> <span class='ocrx_word' id='word_1_378' title='bbox 996 2898 1046 2966; x_wconf 87' lang='lat' dir='ltr'><strong>sit,</strong></span> <span class='ocrx_word' id='word_1_379' title='bbox 1070 2897 1136 2952; x_wconf 90' lang='lat' dir='ltr'><strong>nihil</strong></span> <span class='ocrx_word' id='word_1_380' title='bbox 1153 2902 1267 2968; x_wconf 78' lang='lat' dir='ltr'><strong>quartae</strong></span> <span class='ocrx_word' id='word_1_381' title='bbox 1285 2897 1394 2952; x_wconf 90' lang='lat' dir='ltr'><strong>nomine</strong></span> <span class='ocrx_word' id='word_1_382' title='bbox 1412 2895 1497 2952; x_wconf 88' lang='lat' dir='ltr'><strong>dedu·</strong></span> 
     </span>
     <span class='ocr_line' id='line_1_31' title="bbox 42 2967 1544 3056; baseline -0.002 -18"><span class='ocrx_word' id='word_1_383' title='bbox 42 2967 189 3038; x_wconf 62' lang='lat' dir='ltr'><strong>lendum,</strong></span> <span class='ocrx_word' id='word_1_384' title='bbox 225 2982 251 3038; x_wconf 77' lang='grc' dir='ltr'><strong>Α</strong></span> <span class='ocrx_word' id='word_1_385' title='bbox 269 2983 376 3054; x_wconf 84' lang='lat' dir='ltr'><strong>liberto,</strong></span> <span class='ocrx_word' id='word_1_386' title='bbox 394 2984 439 3038; x_wconf 91' lang='lat' dir='ltr'><strong>cui</strong></span> <span class='ocrx_word' id='word_1_387' title='bbox 457 2982 571 3040; x_wconf 83' lang='lat' dir='ltr'><strong>fundum</strong></span> <span class='ocrx_word' id='word_1_388' title='bbox 588 2986 742 3056; x_wconf 86' lang='lat' dir='ltr'><strong>legaucrat‚</strong></span> <span class='ocrx_word' id='word_1_389' title='bbox 763 3002 812 3056; x_wconf 88' lang='lat' dir='ltr'><strong>per</strong></span> <span class='ocrx_word' id='word_1_390' title='bbox 829 2985 1069 3048; x_wconf 87' lang='lat' dir='ltr'><strong>fideicommissum</strong></span> <span class='ocrx_word' id='word_1_391' title='bbox 1087 2985 1167 3042; x_wconf 85' lang='lat' dir='ltr'><strong>Seiae</strong></span> <span class='ocrx_word' id='word_1_392' title='bbox 1186 3002 1277 3042; x_wconf 88' lang='lat' dir='ltr'><strong>annua</strong></span> <span class='ocrx_word' id='word_1_393' title='bbox 1294 2985 1389 3042; x_wconf 87' lang='lat' dir='ltr'><strong>decem</strong></span> <span class='ocrx_word' id='word_1_394' title='bbox 1408 2985 1496 3040; x_wconf 89' lang='lat' dir='ltr'><strong>dedit:</strong></span> <span class='ocrx_word' id='word_1_395' title='bbox 1517 2995 1544 3036; x_wconf 89' lang='lat' dir='ltr'><strong>ac</strong></span> 
     </span>
     <span class='ocr_line' id='line_1_32' title="bbox 64 3067 1496 3156; baseline 0.004 -34"><span class='ocrx_word' id='word_1_396' title='bbox 64 3067 216 3156; x_wconf 53' lang='lat' dir='ltr'><strong>limitum</strong></span> <span class='ocrx_word' id='word_1_397' title='bbox 234 3078 286 3143; x_wconf 87' lang='lat' dir='ltr'><strong>est,</strong></span> <span class='ocrx_word' id='word_1_398' title='bbox 305 3073 329 3128; x_wconf 92' lang='lat' dir='ltr'><strong>si</strong></span> <span class='ocrx_word' id='word_1_399' title='bbox 346 3073 392 3130; x_wconf 86' lang='lat' dir='ltr'><strong>lex</strong></span> <span class='ocrx_word' id='word_1_400' title='bbox 409 3073 531 3130; x_wconf 72' lang='lat' dir='ltr'><strong>Falcidia</strong></span> <span class='ocrx_word' id='word_1_401' title='bbox 548 3073 637 3132; x_wconf 87' lang='lat' dir='ltr'><strong>liberti</strong></span> <span class='ocrx_word' id='word_1_402' title='bbox 655 3077 774 3146; x_wconf 83' lang='lat' dir='ltr'><strong>legatum</strong></span> <span class='ocrx_word' id='word_1_403' title='bbox 794 3076 929 3146; x_wconf 82' lang='lat' dir='ltr'><strong>minuerit,</strong></span> <span class='ocrx_word' id='word_1_404' title='bbox 949 3093 983 3131; x_wconf 92' lang='lat' dir='ltr'><strong>an</strong></span> <span class='ocrx_word' id='word_1_405' title='bbox 997 3076 1077 3130; x_wconf 87' lang='lat' dir='ltr'><strong>Seiae</strong></span> <span class='ocrx_word' id='word_1_406' title='bbox 1095 3091 1203 3145; x_wconf 91' lang='lat' dir='ltr'><strong>quoque</strong></span> <span class='ocrx_word' id='word_1_407' title='bbox 1221 3090 1341 3130; x_wconf 85' lang='lat' dir='ltr'><strong>annuum</strong></span> <span class='ocrx_word' id='word_1_408' title='bbox 1360 3072 1496 3130; x_wconf 89' lang='lat' dir='ltr'><strong>fideicom-</strong></span> 
     </span>
     <span class='ocr_line' id='line_1_33' title="bbox 64 3157 1497 3235; baseline 0.001 -19"><span class='ocrx_word' id='word_1_409' title='bbox 64 3157 178 3216; x_wconf 57' lang='grc' dir='ltr'><strong>Μυκη</strong></span> <span class='ocrx_word' id='word_1_410' title='bbox 196 3161 329 3216; x_wconf 87' lang='lat' dir='ltr'><strong>minutum</strong></span> <span class='ocrx_word' id='word_1_411' title='bbox 349 3161 488 3232; x_wconf 87' lang='lat' dir='ltr'><strong>uideatur,</strong></span> <span class='ocrx_word' id='word_1_412' title='bbox 506 3178 568 3218; x_wconf 91' lang='lat' dir='ltr'><strong>cum</strong></span> <span class='ocrx_word' id='word_1_413' title='bbox 587 3163 691 3220; x_wconf 90' lang='lat' dir='ltr'><strong>reditus</strong></span> <span class='ocrx_word' id='word_1_414' title='bbox 709 3165 840 3234; x_wconf 89' lang='lat' dir='ltr'><strong>largiatur</strong></span> <span class='ocrx_word' id='word_1_415' title='bbox 859 3182 978 3222; x_wconf 90' lang='lat' dir='ltr'><strong>aunuanr</strong></span> <span class='ocrx_word' id='word_1_416' title='bbox 996 3165 1217 3235; x_wconf 88' lang='lat' dir='ltr'><strong>praestationem.</strong></span> <span class='ocrx_word' id='word_1_417' title='bbox 1244 3163 1385 3234; x_wconf 88' lang='lat' dir='ltr'><strong>respondit</strong></span> <span class='ocrx_word' id='word_1_418' title='bbox 1401 3178 1497 3220; x_wconf 89' lang='lat' dir='ltr'><strong>secun-</strong></span> 
     </span>
     <span class='ocr_line' id='line_1_34' title="bbox 64 3229 1394 3324; baseline 0.002 -20"><span class='ocrx_word' id='word_1_419' title='bbox 64 3229 127 3298; x_wconf 67' lang='lat' dir='ltr'><strong>dnm</strong></span> <span class='ocrx_word' id='word_1_420' title='bbox 150 3265 182 3304; x_wconf 88' lang='lat' dir='ltr'><strong>ea</strong></span> <span class='ocrx_word' id='word_1_421' title='bbox 198 3265 269 3320; x_wconf 78' lang='lat' dir='ltr'><strong>quea</strong></span> <span class='ocrx_word' id='word_1_422' title='bbox 286 3255 504 3322; x_wconf 88' lang='lat' dir='ltr'><strong>proponerentur</strong></span> <span class='ocrx_word' id='word_1_423' title='bbox 521 3267 575 3308; x_wconf 93' lang='lat' dir='ltr'><strong>non</strong></span> <span class='ocrx_word' id='word_1_424' title='bbox 593 3252 682 3308; x_wconf 89' lang='lat' dir='ltr'><strong>nideri</strong></span> <span class='ocrx_word' id='word_1_425' title='bbox 699 3255 842 3324; x_wconf 87' lang='lat' dir='ltr'><strong>minutum,</strong></span> <span class='ocrx_word' id='word_1_426' title='bbox 861 3254 914 3310; x_wconf 93' lang='lat' dir='ltr'><strong>nisi</strong></span> <span class='ocrx_word' id='word_1_427' title='bbox 932 3255 985 3310; x_wconf 85' lang='lat' dir='ltr'><strong>alia</strong></span> <span class='ocrx_word' id='word_1_428' title='bbox 1003 3269 1080 3310; x_wconf 89' lang='lat' dir='ltr'><strong>mens</strong></span> <span class='ocrx_word' id='word_1_429' title='bbox 1097 3254 1237 3310; x_wconf 77' lang='lat' dir='ltr'><strong>testatoris</strong></span> <span class='ocrx_word' id='word_1_430' title='bbox 1255 3253 1394 3324; x_wconf 89' lang='lat' dir='ltr'><strong>probetur.</strong></span> 
     </span>
     <span class='ocr_line' id='line_1_35' title="bbox 109 3330 1557 3425; baseline 0.004 -33"><span class='ocrx_word' id='word_1_431' title='bbox 109 3330 193 3394; x_wconf 75' lang='lat' dir='ltr'><strong>lnam</strong></span> <span class='ocrx_word' id='word_1_432' title='bbox 203 3339 272 3396; x_wconf 91' lang='lat' dir='ltr'><strong>lihro</strong></span> <span class='ocrx_word' id='word_1_433' title='bbox 281 3339 377 3408; x_wconf 85' lang='lat' dir='ltr'><strong>qnintc</strong></span> <span class='ocrx_word' id='word_1_434' title='bbox 389 3354 590 3410; x_wconf 88' lang='lat' dir='ltr'><strong>responsorum.</strong></span> <span class='ocrx_word' id='word_1_435' title='bbox 615 3342 728 3398; x_wconf 85' lang='lat' dir='ltr'><strong>Linesm</strong></span> <span class='ocrx_word' id='word_1_436' title='bbox 740 3343 949 3413; x_wconf 84' lang='lat' dir='ltr'><strong>margaritonum</strong></span> <span class='ocrx_word' id='word_1_437' title='bbox 962 3343 1074 3412; x_wconf 81' lang='lat' dir='ltr'><strong>triginta</strong></span> <span class='ocrx_word' id='word_1_438' title='bbox 1085 3343 1205 3412; x_wconf 91' lang='lat' dir='ltr'><strong>quinque</strong></span> <span class='ocrx_word' id='word_1_439' title='bbox 1216 3343 1328 3412; x_wconf 82' lang='lat' dir='ltr'><strong>legauit,</strong></span> <span class='ocrx_word' id='word_1_440' title='bbox 1341 3337 1497 3425; x_wconf 49' lang='lat' dir='ltr'><strong>[li—{Q</strong></span> <span class='ocrx_word' id='word_1_441' title='bbox 1515 3345 1557 3398; x_wconf 82' lang='lat' dir='ltr'><strong>P*</strong></span> 
     </span>
     <span class='ocr_line' id='line_1_36' title="bbox 65 3425 1544 3502; baseline 0.005 -22"><span class='ocrx_word' id='word_1_442' title='bbox 65 3425 136 3480; x_wconf 58' lang='lat' dir='ltr'><strong>llic</strong></span> <span class='ocrx_word' id='word_1_443' title='bbox 154 3429 225 3484; x_wconf 90' lang='lat' dir='ltr'><strong>linea</strong></span> <span class='ocrx_word' id='word_1_444' title='bbox 241 3428 315 3498; x_wconf 83' lang='lat' dir='ltr'><strong>apud</strong></span> <span class='ocrx_word' id='word_1_445' title='bbox 332 3429 495 3498; x_wconf 75' lang='lat' dir='ltr'><strong>legatarium</strong></span> <span class='ocrx_word' id='word_1_446' title='bbox 515 3429 605 3486; x_wconf 84' lang='lat' dir='ltr'><strong>luerat</strong></span> <span class='ocrx_word' id='word_1_447' title='bbox 622 3433 716 3488; x_wconf 89' lang='lat' dir='ltr'><strong>mortis</strong></span> <span class='ocrx_word' id='word_1_448' title='bbox 734 3437 869 3502; x_wconf 88' lang='lat' dir='ltr'><strong>tempore:</strong></span> <span class='ocrx_word' id='word_1_449' title='bbox 892 3447 1002 3502; x_wconf 88' lang='lat' dir='ltr'><strong>quaero,</strong></span> <span class='ocrx_word' id='word_1_450' title='bbox 1021 3447 1056 3488; x_wconf 90' lang='lat' dir='ltr'><strong>an</strong></span> <span class='ocrx_word' id='word_1_451' title='bbox 1074 3447 1108 3490; x_wconf 90' lang='lat' dir='ltr'><strong>ea</strong></span> <span class='ocrx_word' id='word_1_452' title='bbox 1125 3433 1197 3488; x_wconf 85' lang='lat' dir='ltr'><strong>linea</strong></span> <span class='ocrx_word' id='word_1_453' title='bbox 1214 3431 1307 3486; x_wconf 88' lang='lat' dir='ltr'><strong>heredi</strong></span> <span class='ocrx_word' id='word_1_454' title='bbox 1325 3432 1432 3486; x_wconf 88' lang='lat' dir='ltr'><strong>restitui</strong></span> <span class='ocrx_word' id='word_1_455' title='bbox 1450 3432 1496 3488; x_wconf 90' lang='lat' dir='ltr'><strong>dc·</strong></span> <span class='ocrx_word' id='word_1_456' title='bbox 1516 3439 1544 3480; x_wconf 65' lang='grc' dir='ltr'><strong>ιι</strong></span> 
     </span>
     <span class='ocr_line' id='line_1_37' title="bbox 66 3496 1497 3592; baseline 0.003 -22"><span class='ocrx_word' id='word_1_457' title='bbox 66 3496 146 3570; x_wconf 54' lang='lat' dir='ltr'><strong>tem</strong></span> <span class='ocrx_word' id='word_1_458' title='bbox 159 3523 267 3588; x_wconf 82' lang='lat' dir='ltr'><strong>propter</strong></span> <span class='ocrx_word' id='word_1_459' title='bbox 284 3518 374 3587; x_wconf 84' lang='lat' dir='ltr'><strong>legem</strong></span> <span class='ocrx_word' id='word_1_460' title='bbox 386 3519 544 3576; x_wconf 75' lang='lat' dir='ltr'><strong>Falcidiam.</strong></span> <span class='ocrx_word' id='word_1_461' title='bbox 575 3521 716 3590; x_wconf 89' lang='lat' dir='ltr'><strong>respondit</strong></span> <span class='ocrx_word' id='word_1_462' title='bbox 732 3537 814 3592; x_wconf 85' lang='lat' dir='ltr'><strong>posse</strong></span> <span class='ocrx_word' id='word_1_463' title='bbox 833 3522 959 3578; x_wconf 88' lang='lat' dir='ltr'><strong>heredem</strong></span> <span class='ocrx_word' id='word_1_464' title='bbox 979 3523 1118 3592; x_wconf 87' lang='lat' dir='ltr'><strong>consequi,</strong></span> <span class='ocrx_word' id='word_1_465' title='bbox 1136 3527 1168 3576; x_wconf 92' lang='lat' dir='ltr'><strong>ut</strong></span> <span class='ocrx_word' id='word_1_466' title='bbox 1185 3521 1210 3576; x_wconf 89' lang='lat' dir='ltr'><strong>ei</strong></span> <span class='ocrx_word' id='word_1_467' title='bbox 1227 3521 1394 3590; x_wconf 82' lang='lat' dir='ltr'><strong>restituatur,</strong></span> <span class='ocrx_word' id='word_1_468' title='bbox 1413 3537 1453 3591; x_wconf 89' lang='lat' dir='ltr'><strong>ac,</strong></span> <span class='ocrx_word' id='word_1_469' title='bbox 1473 3521 1497 3576; x_wconf 94' lang='lat' dir='ltr'><strong>si</strong></span> 
     </span>
     <span class='ocr_line' id='line_1_38' title="bbox 68 3595 1498 3682; baseline 0.003 -24"><span class='ocrx_word' id='word_1_470' title='bbox 68 3595 155 3674; x_wconf 61' lang='lat' dir='ltr'><strong>llstit,</strong></span> <span class='ocrx_word' id='word_1_471' title='bbox 176 3621 257 3676; x_wconf 86' lang='lat' dir='ltr'><strong>poseo</strong></span> <span class='ocrx_word' id='word_1_472' title='bbox 280 3605 422 3664; x_wconf 88' lang='lat' dir='ltr'><strong>uindicare</strong></span> <span class='ocrx_word' id='word_1_473' title='bbox 441 3614 548 3678; x_wconf 83' lang='lat' dir='ltr'><strong>partem</strong></span> <span class='ocrx_word' id='word_1_474' title='bbox 566 3609 595 3664; x_wconf 93' lang='lat' dir='ltr'><strong>in</strong></span> <span class='ocrx_word' id='word_1_475' title='bbox 612 3625 647 3664; x_wconf 80' lang='lat' dir='ltr'><strong>oa</strong></span> <span class='ocrx_word' id='word_1_476' title='bbox 663 3610 747 3681; x_wconf 85' lang='lat' dir='ltr'><strong>linea,</strong></span> <span class='ocrx_word' id='word_1_477' title='bbox 771 3626 842 3682; x_wconf 89' lang='lat' dir='ltr'><strong>quae</strong></span> <span class='ocrx_word' id='word_1_478' title='bbox 860 3615 971 3682; x_wconf 81' lang='lat' dir='ltr'><strong>propter</strong></span> <span class='ocrx_word' id='word_1_479' title='bbox 988 3611 1058 3680; x_wconf 86' lang='lat' dir='ltr'><strong>legis</strong></span> <span class='ocrx_word' id='word_1_480' title='bbox 1075 3610 1215 3666; x_wconf 86' lang='lat' dir='ltr'><strong>Falcidiae</strong></span> <span class='ocrx_word' id='word_1_481' title='bbox 1232 3611 1365 3666; x_wconf 89' lang='lat' dir='ltr'><strong>rationem</strong></span> <span class='ocrx_word' id='word_1_482' title='bbox 1384 3608 1498 3664; x_wconf 88' lang='lat' dir='ltr'><strong>deberet</strong></span> 
     </span>
     <span class='ocr_line' id='line_1_39' title="bbox 49 3681 1495 3770; baseline -0.001 -17"><span class='ocrx_word' id='word_1_483' title='bbox 49 3681 211 3752; x_wconf 65' lang='lat' dir='ltr'><strong>¹¹²manorc.</strong></span> <span class='ocrx_word' id='word_1_484' title='bbox 242 3696 401 3761; x_wconf 80' lang='lat' dir='ltr'><strong>Quaesitum</strong></span> <span class='ocrx_word' id='word_1_485' title='bbox 420 3701 472 3766; x_wconf 89' lang='lat' dir='ltr'><strong>cst,</strong></span> <span class='ocrx_word' id='word_1_486' title='bbox 490 3714 525 3752; x_wconf 93' lang='lat' dir='ltr'><strong>an</strong></span> <span class='ocrx_word' id='word_1_487' title='bbox 542 3698 659 3768; x_wconf 88' lang='lat' dir='ltr'><strong>pretium</strong></span> <span class='ocrx_word' id='word_1_488' title='bbox 678 3703 831 3756; x_wconf 88' lang='lat' dir='ltr'><strong>statuarum</strong></span> <span class='ocrx_word' id='word_1_489' title='bbox 849 3701 999 3756; x_wconf 83' lang='lat' dir='ltr'><strong>Falcidiam</strong></span> <span class='ocrx_word' id='word_1_490' title='bbox 1017 3701 1075 3770; x_wconf 87' lang='lat' dir='ltr'><strong>pati</strong></span> <span class='ocrx_word' id='word_1_491' title='bbox 1093 3699 1202 3756; x_wconf 87' lang='lat' dir='ltr'><strong>debeat.</strong></span> <span class='ocrx_word' id='word_1_492' title='bbox 1228 3700 1369 3768; x_wconf 87' lang='lat' dir='ltr'><strong>respondit</strong></span> <span class='ocrx_word' id='word_1_493' title='bbox 1386 3697 1495 3753; x_wconf 87' lang='lat' dir='ltr'><strong>debere.</strong></span> 
     </span>
     <span class='ocr_line' id='line_1_40' title="bbox 34 3757 1556 3872; baseline 0.005 -37"><span class='ocrx_word' id='word_1_494' title='bbox 34 3757 76 3868; x_wconf 42' lang='grc' dir='ltr'><strong>Ἦ,</strong></span> <span class='ocrx_word' id='word_1_495' title='bbox 116 3776 194 3839; x_wconf 79' lang='lat' dir='ltr'><strong>Innu</strong></span> <span class='ocrx_word' id='word_1_496' title='bbox 216 3783 285 3840; x_wconf 89' lang='lat' dir='ltr'><strong>libro</strong></span> <span class='ocrx_word' id='word_1_497' title='bbox 302 3789 383 3840; x_wconf 83' lang='lat' dir='ltr'><strong>sexto</strong></span> <span class='ocrx_word' id='word_1_498' title='bbox 400 3799 601 3856; x_wconf 84' lang='lat' dir='ltr'><strong>responsorum.</strong></span> <span class='ocrx_word' id='word_1_499' title='bbox 634 3786 722 3844; x_wconf 87' lang='lat' dir='ltr'><strong>‘Seius</strong></span> <span class='ocrx_word' id='word_1_500' title='bbox 739 3788 905 3860; x_wconf 75' lang='lat' dir='ltr'><strong>othgerius</strong></span> <span class='ocrx_word' id='word_1_501' title='bbox 923 3790 948 3844; x_wconf 92' lang='lat' dir='ltr'><strong>si</strong></span> <span class='ocrx_word' id='word_1_502' title='bbox 970 3790 1042 3844; x_wconf 87' lang='lat' dir='ltr'><strong>intra</strong></span> <span class='ocrx_word' id='word_1_503' title='bbox 1059 3789 1132 3844; x_wconf 91' lang='lat' dir='ltr'><strong>diem</strong></span> <span class='ocrx_word' id='word_1_504' title='bbox 1150 3790 1320 3858; x_wconf 85' lang='lat' dir='ltr'><strong>trigesimum</strong></span> <span class='ocrx_word' id='word_1_505' title='bbox 1340 3783 1496 3872; x_wconf 46' lang='lat' dir='ltr'><strong>[fis-¹}</strong></span> <span class='ocrx_word' id='word_1_506' title='bbox 1514 3789 1556 3842; x_wconf 77' lang='lat' dir='ltr'><strong>P*</strong></span> 
     </span>
     <span class='ocr_line' id='line_1_41' title="bbox 77 3871 1544 3946; baseline 0.005 -20"><span class='ocrx_word' id='word_1_507' title='bbox 77 3871 168 3926; x_wconf 65' lang='lat' dir='ltr'><strong>ll(tntis</strong></span> <span class='ocrx_word' id='word_1_508' title='bbox 189 3889 264 3930; x_wconf 87' lang='lat' dir='ltr'><strong>meae</strong></span> <span class='ocrx_word' id='word_1_509' title='bbox 288 3875 327 3928; x_wconf 90' lang='lat' dir='ltr'><strong>rei</strong></span> <span class='ocrx_word' id='word_1_510' title='bbox 347 3873 474 3946; x_wconf 87' lang='lat' dir='ltr'><strong>publicae</strong></span> <span class='ocrx_word' id='word_1_511' title='bbox 498 3879 607 3930; x_wconf 87' lang='lat' dir='ltr'><strong>nostrae</strong></span> <span class='ocrx_word' id='word_1_512' title='bbox 628 3878 752 3932; x_wconf 88' lang='lat' dir='ltr'><strong>cauerint</strong></span> <span class='ocrx_word' id='word_1_513' title='bbox 769 3885 913 3936; x_wconf 89' lang='lat' dir='ltr'><strong>contentos</strong></span> <span class='ocrx_word' id='word_1_514' title='bbox 930 3895 962 3934; x_wconf 91' lang='lat' dir='ltr'><strong>se</strong></span> <span class='ocrx_word' id='word_1_515' title='bbox 979 3877 1085 3941; x_wconf 79' lang='lat' dir='ltr'><strong>tuturos</strong></span> <span class='ocrx_word' id='word_1_516' title='bbox 1103 3883 1146 3936; x_wconf 90' lang='lat' dir='ltr'><strong>tot</strong></span> <span class='ocrx_word' id='word_1_517' title='bbox 1163 3879 1253 3936; x_wconf 88' lang='lat' dir='ltr'><strong>aurcis</strong></span> <span class='ocrx_word' id='word_1_518' title='bbox 1271 3877 1340 3946; x_wconf 84' lang='lat' dir='ltr'><strong>legis</strong></span> <span class='ocrx_word' id='word_1_519' title='bbox 1358 3877 1496 3934; x_wconf 87' lang='lat' dir='ltr'><strong>Falcidiae</strong></span> <span class='ocrx_word' id='word_1_520' title='bbox 1516 3884 1544 3923; x_wconf 87' lang='lat'><strong>⁴⁰</strong></span> 
     </span>
     <span class='ocr_line' id='line_1_42' title="bbox 73 3941 1496 4046; baseline 0.003 -30"><span class='ocrx_word' id='word_1_521' title='bbox 73 3941 202 4046; x_wconf 28' lang='lat' dir='ltr'><strong>&amp;deficio</strong></span> <span class='ocrx_word' id='word_1_522' title='bbox 220 3962 331 4032; x_wconf 84' lang='lat' dir='ltr'><strong>omisso,</strong></span> <span class='ocrx_word' id='word_1_523' title='bbox 349 3961 464 4020; x_wconf 89' lang='lat' dir='ltr'><strong>heredes</strong></span> <span class='ocrx_word' id='word_1_524' title='bbox 482 3964 548 4020; x_wconf 89' lang='lat' dir='ltr'><strong>mihi</strong></span> <span class='ocrx_word' id='word_1_525' title='bbox 565 3971 656 4020; x_wconf 93' lang='lat' dir='ltr'><strong>sunto.</strong></span> <span class='ocrx_word' id='word_1_526' title='bbox 684 3981 753 4036; x_wconf 86' lang='lat' dir='ltr'><strong>quoe</strong></span> <span class='ocrx_word' id='word_1_527' title='bbox 771 3968 888 4022; x_wconf 86' lang='lat' dir='ltr'><strong>inuicem</strong></span> <span class='ocrx_word' id='word_1_528' title='bbox 906 3967 1052 4026; x_wconf 87' lang='lat' dir='ltr'><strong>substituo.</strong></span> <span class='ocrx_word' id='word_1_529' title='bbox 1081 3967 1154 4038; x_wconf 91' lang='lat' dir='ltr'><strong>quod</strong></span> <span class='ocrx_word' id='word_1_530' title='bbox 1169 3968 1193 4022; x_wconf 88' lang='lat' dir='ltr'><strong>si</strong></span> <span class='ocrx_word' id='word_1_531' title='bbox 1205 3967 1339 4024; x_wconf 77' lang='lat' dir='ltr'><strong>uoluntati</strong></span> <span class='ocrx_word' id='word_1_532' title='bbox 1352 3981 1429 4022; x_wconf 91' lang='lat' dir='ltr'><strong>meae</strong></span> <span class='ocrx_word' id='word_1_533' title='bbox 1441 3982 1496 4022; x_wconf 87' lang='lat' dir='ltr'><strong>non</strong></span> 
     </span>
     <span class='ocr_line' id='line_1_43' title="bbox 80 4048 1495 4136; baseline 0.003 -30"><span class='ocrx_word' id='word_1_534' title='bbox 80 4048 265 4136; x_wconf 49' lang='lat' dir='ltr'><strong>Pbaemerint,</strong></span> <span class='ocrx_word' id='word_1_535' title='bbox 283 4051 435 4108; x_wconf 82' lang='lat' dir='ltr'><strong>exheredes</strong></span> <span class='ocrx_word' id='word_1_536' title='bbox 453 4053 550 4110; x_wconf 85' lang='lat' dir='ltr'><strong>sunlo&#39;.</strong></span> <span class='ocrx_word' id='word_1_537' title='bbox 580 4055 734 4124; x_wconf 84' lang='lat' dir='ltr'><strong>quaesitum</strong></span> <span class='ocrx_word' id='word_1_538' title='bbox 753 4061 803 4126; x_wconf 91' lang='lat' dir='ltr'><strong>est,</strong></span> <span class='ocrx_word' id='word_1_539' title='bbox 823 4073 858 4112; x_wconf 95' lang='lat' dir='ltr'><strong>an</strong></span> <span class='ocrx_word' id='word_1_540' title='bbox 875 4056 989 4112; x_wconf 87' lang='lat' dir='ltr'><strong>heredes</strong></span> <span class='ocrx_word' id='word_1_541' title='bbox 1007 4057 1124 4112; x_wconf 88' lang='lat' dir='ltr'><strong>instituti</strong></span> <span class='ocrx_word' id='word_1_542' title='bbox 1142 4055 1321 4112; x_wconf 85' lang='lat' dir='ltr'><strong>hereditatem</strong></span> <span class='ocrx_word' id='word_1_543' title='bbox 1340 4056 1415 4112; x_wconf 88' lang='lat' dir='ltr'><strong>adire</strong></span> <span class='ocrx_word' id='word_1_544' title='bbox 1433 4071 1495 4125; x_wconf 86' lang='lat' dir='ltr'><strong>pos·</strong></span> 
     </span>
     <span class='ocr_line' id='line_1_44' title="bbox 77 4135 1495 4214; baseline 0.004 -20"><span class='ocrx_word' id='word_1_545' title='bbox 77 4135 139 4206; x_wconf 71' lang='lat' dir='ltr'><strong>¹¹¹¹t,</strong></span> <span class='ocrx_word' id='word_1_546' title='bbox 159 4140 180 4194; x_wconf 88' lang='lat' dir='ltr'><strong>si</strong></span> <span class='ocrx_word' id='word_1_547' title='bbox 201 4139 355 4198; x_wconf 82' lang='lat' dir='ltr'><strong>condicioni</strong></span> <span class='ocrx_word' id='word_1_548' title='bbox 378 4157 475 4212; x_wconf 89' lang='lat' dir='ltr'><strong>parere</strong></span> <span class='ocrx_word' id='word_1_549' title='bbox 496 4144 604 4214; x_wconf 88' lang='lat' dir='ltr'><strong>nolunt,</strong></span> <span class='ocrx_word' id='word_1_550' title='bbox 628 4159 690 4200; x_wconf 90' lang='lat' dir='ltr'><strong>cum</strong></span> <span class='ocrx_word' id='word_1_551' title='bbox 708 4143 828 4200; x_wconf 85' lang='lat' dir='ltr'><strong>babeant</strong></span> <span class='ocrx_word' id='word_1_552' title='bbox 845 4145 1007 4202; x_wconf 84' lang='lat' dir='ltr'><strong>substitutos</strong></span> <span class='ocrx_word' id='word_1_553' title='bbox 1026 4146 1122 4202; x_wconf 89' lang='lat' dir='ltr'><strong>eadem</strong></span> <span class='ocrx_word' id='word_1_554' title='bbox 1141 4145 1301 4202; x_wconf 88' lang='lat' dir='ltr'><strong>condicione</strong></span> <span class='ocrx_word' id='word_1_555' title='bbox 1317 4145 1495 4214; x_wconf 81' lang='lat' dir='ltr'><strong>praescripta</strong></span> 
     </span>
     <span class='ocr_line' id='line_1_45' title="bbox 79 4225 1495 4306; baseline -0.001 -16"><span class='ocrx_word' id='word_1_556' title='bbox 79 4225 204 4290; x_wconf 63' lang='lat' dir='ltr'><strong>m‘ttondit</strong></span> <span class='ocrx_word' id='word_1_557' title='bbox 220 4229 314 4286; x_wconf 83' lang='lat' dir='ltr'><strong>Seium</strong></span> <span class='ocrx_word' id='word_1_558' title='bbox 337 4235 367 4286; x_wconf 93' lang='lat' dir='ltr'><strong>ct</strong></span> <span class='ocrx_word' id='word_1_559' title='bbox 384 4229 516 4300; x_wconf 81' lang='lat' dir='ltr'><strong>Agerium</strong></span> <span class='ocrx_word' id='word_1_560' title='bbox 534 4233 621 4302; x_wconf 84' lang='lat' dir='ltr'><strong>primo</strong></span> <span class='ocrx_word' id='word_1_561' title='bbox 639 4235 699 4290; x_wconf 91' lang='lat' dir='ltr'><strong>loco</strong></span> <span class='ocrx_word' id='word_1_562' title='bbox 718 4233 857 4290; x_wconf 87' lang='lat' dir='ltr'><strong>institutos</strong></span> <span class='ocrx_word' id='word_1_563' title='bbox 874 4235 987 4305; x_wconf 90' lang='lat' dir='ltr'><strong>perinde</strong></span> <span class='ocrx_word' id='word_1_564' title='bbox 1006 4235 1081 4292; x_wconf 78' lang='lat' dir='ltr'><strong>edire</strong></span> <span class='ocrx_word' id='word_1_565' title='bbox 1099 4250 1195 4306; x_wconf 89' lang='lat' dir='ltr'><strong>posse,</strong></span> <span class='ocrx_word' id='word_1_566' title='bbox 1218 4249 1251 4290; x_wconf 89' lang='lat' dir='ltr'><strong>ac</strong></span> <span class='ocrx_word' id='word_1_567' title='bbox 1269 4233 1293 4289; x_wconf 93' lang='lat' dir='ltr'><strong>si</strong></span> <span class='ocrx_word' id='word_1_568' title='bbox 1310 4248 1345 4290; x_wconf 92' lang='lat' dir='ltr'><strong>ea</strong></span> <span class='ocrx_word' id='word_1_569' title='bbox 1361 4232 1495 4303; x_wconf 89' lang='lat' dir='ltr'><strong>condicio,</strong></span> 
     </span>
     <span class='ocr_line' id='line_1_46' title="bbox 82 4313 1543 4392; baseline 0.012 -22"><span class='ocrx_word' id='word_1_570' title='bbox 82 4314 143 4370; x_wconf 61' lang='lat' dir='ltr'><strong>luae</strong></span> <span class='ocrx_word' id='word_1_571' title='bbox 158 4314 254 4376; x_wconf 80' lang='lat' dir='ltr'><strong>fraudis</strong></span> <span class='ocrx_word' id='word_1_572' title='bbox 272 4313 359 4376; x_wconf 74' lang='lat' dir='ltr'><strong>ceula</strong></span> <span class='ocrx_word' id='word_1_573' title='bbox 375 4319 515 4390; x_wconf 73' lang='lat' dir='ltr'><strong>adscripta</strong></span> <span class='ocrx_word' id='word_1_574' title='bbox 532 4327 583 4392; x_wconf 69' lang='lat' dir='ltr'><strong>est,</strong></span> <span class='ocrx_word' id='word_1_575' title='bbox 601 4322 741 4392; x_wconf 87' lang='lat' dir='ltr'><strong>adscripta</strong></span> <span class='ocrx_word' id='word_1_576' title='bbox 757 4339 813 4380; x_wconf 91' lang='lat' dir='ltr'><strong>nou</strong></span> <span class='ocrx_word' id='word_1_577' title='bbox 830 4329 912 4380; x_wconf 83' lang='lat' dir='ltr'><strong>esset.</strong></span> <span class='ocrx_word' id='word_1_578' title='bbox 1514 4331 1543 4373; x_wconf 78' lang='lat'><strong>⁴⁵</strong></span> 
     </span>
     <span class='ocr_line' id='line_1_47' title="bbox 84 4399 305 4487; baseline 0.018 -19"><span class='ocrx_word' id='word_1_579' title='bbox 84 4399 305 4487; x_wconf 69' lang='lat' dir='ltr'><strong>F(irrisores)</strong></span> 
     </span>
    </p>
   </div>
   <div class='ocr_carea' id='block_1_3' title="bbox 27 3311 54 3370">
    <p class='ocr_par' dir='ltr' id='par_1_3' title="bbox 27 3311 54 3370">
     <span class='ocr_line' id='line_1_48' title="bbox 27 3311 54 3370; baseline 0 0"><span class='ocrx_word' id='word_1_580' title='bbox 27 3311 54 3370; x_wconf 79' lang='lat' dir='ltr'><strong>li</strong></span> 
     </span>
    </p>
   </div>
   <div class='ocr_carea' id='block_1_4' title="bbox 89 4516 1494 4716">
    <p class='ocr_par' dir='ltr' id='par_1_4' title="bbox 89 4516 1494 4716">
     <span class='ocr_line' id='line_1_49' title="bbox 89 4516 1494 4617; baseline 0.005 -22"><span class='ocrx_word' id='word_1_581' title='bbox 89 4525 214 4596; x_wconf 68' lang='lat' dir='ltr'><strong>‘dulcitia</strong></span> <span class='ocrx_word' id='word_1_582' title='bbox 230 4551 278 4598; x_wconf 76' lang='lat' dir='ltr'><strong>tm.</strong></span> <span class='ocrx_word' id='word_1_583' title='bbox 354 4543 413 4598; x_wconf 78' lang='lat' dir='ltr'><strong>&#39;et</strong></span> <span class='ocrx_word' id='word_1_584' title='bbox 432 4544 505 4600; x_wconf 90' lang='lat' dir='ltr'><strong>uiarn</strong></span> <span class='ocrx_word' id='word_1_585' title='bbox 522 4545 667 4613; x_wconf 53' lang='lat' dir='ltr'><strong>(dectinet</strong></span> <span class='ocrx_word' id='word_1_586' title='bbox 711 4516 725 4520; x_wconf 35' lang='lat'>⁸</span> <span class='ocrx_word' id='word_1_587' title='bbox 743 4549 754 4582; x_wconf 79' lang='lat'>³</span> <span class='ocrx_word' id='word_1_588' title='bbox 772 4546 816 4616; x_wconf 90' lang='lat' dir='ltr'><strong>ne]</strong></span> <span class='ocrx_word' id='word_1_589' title='bbox 836 4563 925 4617; x_wconf 88' lang='lat' dir='ltr'><strong>neque</strong></span> <span class='ocrx_word' id='word_1_590' title='bbox 943 4546 1041 4604; x_wconf 81' lang='lat' dir='ltr'><strong>heres?</strong></span> <span class='ocrx_word' id='word_1_591' title='bbox 1112 4549 1197 4602; x_wconf 75' lang='lat' dir='ltr'><strong>⁴non</strong></span> <span class='ocrx_word' id='word_1_592' title='bbox 1215 4549 1262 4604; x_wconf 80' lang='lat' dir='ltr'><strong>del.</strong></span> <span class='ocrx_word' id='word_1_593' title='bbox 1280 4549 1315 4614; x_wconf 84' lang='lat' dir='ltr'><strong>(a.</strong></span> <span class='ocrx_word' id='word_1_594' title='bbox 1328 4549 1357 4613; x_wconf 84' lang='grc' dir='ltr'>ι’.)</span> <span class='ocrx_word' id='word_1_595' title='bbox 1428 4543 1494 4598; x_wconf 77' lang='lat' dir='ltr'><strong>lad</strong></span> 
     </span>
     <span class='ocr_line' id='line_1_50' title="bbox 89 4591 467 4684; baseline 0.016 -20"><span class='ocrx_word' id='word_1_596' title='bbox 89 4591 191 4668; x_wconf 65' lang='lat' dir='ltr'><strong>htredan</strong></span> <span class='ocrx_word' id='word_1_597' title='bbox 207 4615 254 4683; x_wconf 89' lang='lat' dir='ltr'><strong>qui</strong></span> <span class='ocrx_word' id='word_1_598' title='bbox 272 4619 387 4684; x_wconf 86' lang='lat' dir='ltr'><strong>rogatus</strong></span> <span class='ocrx_word' id='word_1_599' title='bbox 404 4615 467 4670; x_wconf 81' lang='lat' dir='ltr'><strong>est?</strong></span> 
     </span>
     <span class='ocr_line' id='line_1_51' title="bbox 91 4685 487 4716; baseline 0.013 -5"><span class='ocrx_word' id='word_1_600' title='bbox 91 4685 487 4716; x_wconf 35' lang='lat' dir='ltr'><strong>..N—*m*-</strong></span> 
     </span>
    </p>
   </div>
   <div class='ocr_carea' id='block_1_5' title="bbox 93 4723 1495 5106">
    <p class='ocr_par' dir='ltr' id='par_1_5' title="bbox 93 4723 1495 5106">
     <span class='ocr_line' id='line_1_52' title="bbox 93 4723 1494 4822; baseline 0.004 -26"><span class='ocrx_word' id='word_1_601' title='bbox 93 4723 306 4808; x_wconf 49' lang='lat' dir='ltr'><strong>Flllbttitntu&#39;s’m</strong></span> <span class='ocrx_word' id='word_1_602' title='bbox 319 4746 357 4802; x_wconf 68' lang='lat' dir='ltr'><strong>F*</strong></span> <span class='ocrx_word' id='word_1_603' title='bbox 409 4749 442 4804; x_wconf 85' lang='lat'><strong>19</strong></span> <span class='ocrx_word' id='word_1_604' title='bbox 460 4747 585 4804; x_wconf 80' lang='lat' dir='ltr'><strong>falcidiae</strong></span> <span class='ocrx_word' id='word_1_605' title='bbox 602 4748 672 4820; x_wconf 81' lang='lat' dir='ltr'><strong>legis</strong></span> <span class='ocrx_word' id='word_1_606' title='bbox 689 4750 750 4821; x_wconf 71' lang='lat' dir='ltr'><strong>aeq]</strong></span> <span class='ocrx_word' id='word_1_607' title='bbox 805 4751 875 4806; x_wconf 83' lang='lat' dir='ltr'><strong>dium</strong></span> <span class='ocrx_word' id='word_1_608' title='bbox 893 4753 986 4814; x_wconf 77' lang='lat' dir='ltr'><strong>colom,</strong></span> <span class='ocrx_word' id='word_1_609' title='bbox 1008 4770 1087 4822; x_wconf 84' lang='lat' dir='ltr'><strong>neque</strong></span> <span class='ocrx_word' id='word_1_610' title='bbox 1105 4757 1142 4806; x_wconf 85' lang='lat' dir='ltr'><strong>ilc</strong></span> <span class='ocrx_word' id='word_1_611' title='bbox 1161 4757 1304 4822; x_wconf 81' lang='lat' dir='ltr'><strong>computari</strong></span> <span class='ocrx_word' id='word_1_612' title='bbox 1321 4749 1494 4813; x_wconf 75' lang='lat' dir='ltr'><strong>hereditatem,</strong></span> 
     </span>
     <span class='ocr_line' id='line_1_53' title="bbox 95 4814 1494 4892; baseline 0.004 -23"><span class='ocrx_word' id='word_1_613' title='bbox 95 4814 261 4882; x_wconf 74' lang='lat' dir='ltr'><strong>‘’tluposoaoo</strong></span> <span class='ocrx_word' id='word_1_614' title='bbox 279 4819 319 4873; x_wconf 79' lang='grc' dir='ltr'><strong>ὡκ</strong></span> <span class='ocrx_word' id='word_1_615' title='bbox 338 4817 467 4884; x_wconf 77' lang='grc' dir='ltr'>Ῡιιὲκλεψε</span> <span class='ocrx_word' id='word_1_616' title='bbox 485 4820 640 4891; x_wconf 72' lang='lat' dir='ltr'><strong>npafuirrou</strong></span> <span class='ocrx_word' id='word_1_617' title='bbox 659 4819 750 4882; x_wconf 68' lang='lat' dir='ltr'><strong>cirra-</strong></span> <span class='ocrx_word' id='word_1_618' title='bbox 805 4831 880 4892; x_wconf 74' lang='lat' dir='ltr'><strong>quari</strong></span> <span class='ocrx_word' id='word_1_619' title='bbox 903 4841 944 4876; x_wconf 84' lang='lat' dir='ltr'><strong>ree</strong></span> <span class='ocrx_word' id='word_1_620' title='bbox 965 4821 1112 4880; x_wconf 79' lang='lat' dir='ltr'><strong>aubtractae</strong></span> <span class='ocrx_word' id='word_1_621' title='bbox 1134 4821 1170 4874; x_wconf 82' lang='lat' dir='ltr'><strong>od</strong></span> <span class='ocrx_word' id='word_1_622' title='bbox 1193 4841 1248 4876; x_wconf 82' lang='lat' dir='ltr'><strong>enm</strong></span> <span class='ocrx_word' id='word_1_623' title='bbox 1265 4841 1315 4874; x_wconf 80' lang='lat' dir='ltr'><strong>con</strong></span> <span class='ocrx_word' id='word_1_624' title='bbox 1331 4825 1494 4892; x_wconf 77' lang='lat' dir='ltr'><strong>pertinerent,</strong></span> 
     </span>
     <span class='ocr_line' id='line_1_54' title="bbox 95 4886 1495 4964; baseline 0.003 -24"><span class='ocrx_word' id='word_1_625' title='bbox 95 4886 184 4948; x_wconf 60' lang='lat' dir='ltr'><strong>luperci</strong></span> <span class='ocrx_word' id='word_1_626' title='bbox 195 4889 348 4946; x_wconf 68' lang='lat' dir='ltr'><strong>oculares:</strong></span> <span class='ocrx_word' id='word_1_627' title='bbox 366 4907 421 4946; x_wconf 86' lang='lat' dir='ltr'><strong>non</strong></span> <span class='ocrx_word' id='word_1_628' title='bbox 430 4891 531 4946; x_wconf 81' lang='lat' dir='ltr'><strong>uidetur</strong></span> <span class='ocrx_word' id='word_1_629' title='bbox 542 4893 680 4958; x_wconf 79' lang='lat' dir='ltr'><strong>delendum,</strong></span> <span class='ocrx_word' id='word_1_630' title='bbox 692 4912 752 4946; x_wconf 85' lang='lat' dir='ltr'><strong>acm</strong></span> <span class='ocrx_word' id='word_1_631' title='bbox 805 4912 860 4946; x_wconf 86' lang='lat' dir='ltr'><strong>cum</strong></span> <span class='ocrx_word' id='word_1_632' title='bbox 870 4899 1027 4947; x_wconf 84' lang='lat' dir='ltr'><strong>contrarium</strong></span> <span class='ocrx_word' id='word_1_633' title='bbox 1038 4893 1149 4947; x_wconf 80' lang='lat' dir='ltr'><strong>obtineat</strong></span> <span class='ocrx_word' id='word_1_634' title='bbox 1158 4894 1200 4964; x_wconf 58' lang='grc' dir='ltr'><strong>(ιβ</strong></span> <span class='ocrx_word' id='word_1_635' title='bbox 1208 4891 1244 4946; x_wconf 89' lang='lat' dir='ltr'><strong>D.</strong></span> <span class='ocrx_word' id='word_1_636' title='bbox 1252 4893 1294 4956; x_wconf 79' lang='lat'><strong>34,</strong></span> <span class='ocrx_word' id='word_1_637' title='bbox 1300 4893 1326 4955; x_wconf 81' lang='lat'><strong>9,</strong></span> <span class='ocrx_word' id='word_1_638' title='bbox 1332 4891 1360 4960; x_wconf 85' lang='lat'><strong>6)</strong></span> <span class='ocrx_word' id='word_1_639' title='bbox 1386 4892 1421 4945; x_wconf 83' lang='lat'><strong>24</strong></span> <span class='ocrx_word' id='word_1_640' title='bbox 1430 4892 1495 4960; x_wconf 78' lang='lat' dir='ltr'><strong>post</strong></span> 
     </span>
     <span class='ocr_line' id='line_1_55' title="bbox 95 4957 1495 5034; baseline -0.003 -15"><span class='ocrx_word' id='word_1_641' title='bbox 95 4957 150 5019; x_wconf 56' lang='lat' dir='ltr'><strong>”tlt</strong></span> <span class='ocrx_word' id='word_1_642' title='bbox 163 4957 206 5016; x_wconf 68' lang='lat' dir='ltr'><strong>doc</strong></span> <span class='ocrx_word' id='word_1_643' title='bbox 222 4961 276 5016; x_wconf 84' lang='lat' dir='ltr'><strong>dici</strong></span> <span class='ocrx_word' id='word_1_644' title='bbox 291 4969 375 5032; x_wconf 77' lang='lat' dir='ltr'><strong>potest</strong></span> <span class='ocrx_word' id='word_1_645' title='bbox 393 4982 436 5018; x_wconf 82' lang='lat' dir='ltr'><strong>rea</strong></span> <span class='ocrx_word' id='word_1_646' title='bbox 454 4970 492 5017; x_wconf 85' lang='lat' dir='ltr'><strong>ito</strong></span> <span class='ocrx_word' id='word_1_647' title='bbox 508 4963 652 5020; x_wconf 65' lang='lat' dir='ltr'><strong>subtractum</strong></span> <span class='ocrx_word' id='word_1_648' title='bbox 670 4972 751 5018; x_wconf 78' lang='lat' dir='ltr'><strong>omni·</strong></span> <span class='ocrx_word' id='word_1_649' title='bbox 805 4959 1495 5034; x_wconf 61' lang='lat' dir='ltr'><strong>diemfideioommieei]uerinpoxchpucrsBfflnon.)</strong></span> 
     </span>
     <span class='ocr_line' id='line_1_56' title="bbox 95 5022 752 5106; baseline 0.009 -22"><span class='ocrx_word' id='word_1_650' title='bbox 95 5022 148 5078; x_wconf 67' lang='lat' dir='ltr'><strong>*lde</strong></span> <span class='ocrx_word' id='word_1_651' title='bbox 161 5033 255 5104; x_wconf 70' lang='lat' dir='ltr'><strong>assari</strong></span> <span class='ocrx_word' id='word_1_652' title='bbox 272 5033 368 5100; x_wconf 66' lang='lat' dir='ltr'><strong>hardi,</strong></span> <span class='ocrx_word' id='word_1_653' title='bbox 385 5053 442 5090; x_wconf 85' lang='lat' dir='ltr'><strong>cum</strong></span> <span class='ocrx_word' id='word_1_654' title='bbox 460 5053 549 5090; x_wconf 81' lang='lat' dir='ltr'><strong>eurum</strong></span> <span class='ocrx_word' id='word_1_655' title='bbox 563 5037 657 5106; x_wconf 79' lang='lat' dir='ltr'><strong>perdet</strong></span> <span class='ocrx_word' id='word_1_656' title='bbox 668 5035 752 5090; x_wconf 80' lang='lat' dir='ltr'><strong>Falci·</strong></span> 
     </span>
    </p>
   </div>
   <div class='ocr_carea' id='block_1_6' title="bbox 0 0 1744 5460">
    <p class='ocr_par' dir='ltr' id='par_1_6' title="bbox 0 0 1744 5460">
     <span class='ocr_line' id='line_1_57' title="bbox 0 0 1744 5460; baseline 0 0"><span class='ocrx_word' id='word_1_657' title='bbox 0 0 1744 5460; x_wconf 95' lang='lat' dir='ltr'><strong> </strong></span> 
     </span>
    </p>
   </div>
  </div>
 </body>
</html>
