3464 5444
260 248 658 318 XXXXV1111021-24
691 283 696 288 -
933 205 1020 320 828
1136 265 1183 311 ors
1205 263 1298 314 cuca
1317 263 1491 352 connum
1513 265 1557 312 na
1578 267 1684 337 exig„

261 408 343 462 diuus
356 406 511 461 Hadrianus
529 405 679 460 constitnit.
707 404 731 458 is
744 403 899 472 adiungitur
913 407 943 458 et
956 402 980 456 is
993 411 1038 474 qui
1049 401 1165 457 iudicem
1184 403 1359 473 corrumpit².
1386 402 1438 458 sed
1456 398 1679 488 [las-,HQ

261 496 403 551 remissius
420 495 510 563 puniri
528 495 624 562 solent,
643 498 675 548 ut
693 493 728 548 ad
745 497 856 563 tempus
874 492 1027 560 relegentur
1045 503 1096 544 nec
1114 489 1187 546 buna
1204 492 1258 546 illis
1276 489 1444 547 auferantur.
1473 479 1674 506 *N

205 587 244 646 22
315 585 392 638 Inurr
410 582 479 638 libro
498 582 630 651 singulari
648 582 683 636 ad
702 587 814 636 senatus
833 581 988 636 consultum
1006 577 1196 634 Libonianum.
1225 579 1398 650 impuberem
1412 580 1506 636 inhcc
1525 577 1670 663 Q
1679 609 1698 662 p

263 672 382 728 edictum
407 672 529 727 incidere
552 671 697 725 dicendum
721 685 776 726 non
801 674 859 739 est,
884 667 1013 738 queniam
1032 666 1095 724 falsi
1113 668 1225 724 crimine
1242 670 1290 724 nix
1307 670 1396 738 possit
1412 670 1515 738 terreri,
1538 659 1667 738 cumffiffi

230 769 242 815 1
264 762 352 816 malus
370 761 398 815 in
417 775 477 814 eam
498 765 616 814 aetutem
634 773 690 815 non
708 758 791 813 cadit.
822 757 852 813 Si
870 758 896 811 ei
913 755 978 826 filio,
997 757 1044 826 qui
1062 757 1136 826 apud
1155 756 1249 812 hostes
1267 763 1318 826 est
1337 757 1515 827 adscripserit
1530 764 1601 830 pater
1612 765 1684 836 lega,

262 855 329 918 tum,
349 849 495 903 dicendum
513 853 557 903 est
575 862 686 903 reuerso
704 863 738 903 eo
756 846 877 902 incidere
895 846 923 901 in
941 861 1057 916 poenam
1077 829 1190 900 senatus
1208 847 1339 901 consulti:
1358 847 1434 916 quod
1452 848 1476 902 si
1494 846 1531 902 ibi
1542 847 1663 926 ducamur

230 947 245 992 a
263 938 393 993 innocens
416 942 496 1007 pater
517 938 698 992 existimatur.
735 933 791 990 Sed
809 940 839 990 et
856 935 880 990 sl
898 935 1070 1003 emancipato
1088 933 1144 989 filio
1162 933 1307 1006 adscribit,
1329 940 1405 991 recte
1423 936 1452 991 id
1470 935 1563 992 iaciat:
1582 938 1663 1000 itsuin

230 1037 245 1081 a
264 1026 439 1095 adoptionem
457 1026 531 1081 dato.
560 1027 629 1080 Item
648 1025 672 1080 οἱ
690 1038 779 1092 seruo,
798 1024 843 1079 eni
860 1038 965 1079 moram
983 1021 1049 1077 iacit
1066 1024 1094 1078 in
1111 1020 1365 1079 fideicommissaris
1382 1023 1509 1080 libertate
1525 1031 1661 1102 praaaundq

264 1115 453 1184 adscripserit,
478 1114 624 1170 dicendum
647 1119 691 1168 est
714 1117 793 1167 extra
815 1113 978 1167 sententium
1004 1117 1118 1166 senatus
1141 1111 1259 1166 consulti
1281 1127 1344 1168 eum
1363 1128 1439 1183 esse,
1465 1113 1584 1182 quonism
1598 1118 1661 1185 pire:

229 1211 246 1260 a
264 1217 357 1272 omne,
377 1203 450 1272 quod
469 1217 518 1272 per
535 1201 691 1257 huiusmodi
709 1215 819 1256 seruum
839 1201 1005 1270 adquisitum
1024 1205 1081 1268 est,
1099 1199 1207 1254 restitui
1224 1204 1352 1270 oportere
1370 1203 1546 1272 manumisso.
1574 1203 1602 1258 lu
1614 1206 1631 1260 si
1642 1209 1660 1263 ei
1671 1224 1688 1264 u

264 1307 354 1361 seruo,
372 1293 419 1360 qui
437 1289 582 1346 bonafide
601 1291 694 1358 seruit,
713 1289 816 1359 aliquid
835 1288 989 1357 adscribsit,
1007 1288 1082 1358 quod
1100 1288 1135 1343 ad
1151 1289 1344 1357 cogitationem
1358 1290 1552 1346 animinoccns
1563 1297 1603 1360 est,
1616 1296 1660 1362 qrir

264 1382 291 1436 ei
315 1381 459 1448 adscribit,
482 1394 563 1448 quern
587 1393 666 1433 suurn
685 1383 779 1447 putat:
803 1377 1000 1448 sedquoniam
1018 1391 1108 1446 neque
1125 1377 1247 1446 legatum
1266 1393 1356 1446 neque
1375 1377 1513 1432 hereditas
1529 1377 1604 1435 bonae
1616 1381 1659 1438 idel

231 1469 417 1540 opossessori
443 1467 609 1538 adquiritur,
637 1467 778 1522 dicamns¹
802 1481 865 1522 eun:
888 1479 995 1536 poenae
1019 1465 1192 1520 eximendum
1216 1480 1286 1520 asse.
1323 1465 1353 1521 si
1375 1466 1504 1522 dominns
1526 1467 1659 1539 sdacnpssril

264 1573 346 1614 seruo
368 1560 503 1628 legatum,
529 1571 591 1611 eum
615 1553 683 1610 liber
706 1556 771 1626 erit,
796 1555 913 1610 dicimus
937 1559 1050 1609 senatus
1073 1555 1199 1610 consulto
1217 1554 1357 1610 dominnm
1376 1561 1536 1610 excusatum
1553 1561 1659 1629 usu,qui

264 1646 426 1717 compendio
445 1659 495 1700 suo
514 1646 588 1700 nullo
606 1643 688 1699 ruodo
706 1645 885 1714 prospexerit.
917 1643 1013 1698 eadem
1032 1647 1060 1698 et
1077 1642 1113 1698 de
1131 1641 1187 1699 lilio
1204 1648 1302 1713 postea
1319 1645 1493 1714 emancipato
1510 1644 1561 1700 dici
1575 1649 1658 1714 prosu.
1669 1663 1686 1704 u

199 1805 202 1812 .
230 1743 245 1790 u
265 1735 317 1802 Qui
339 1733 479 1790 codicillos
497 1737 561 1788 ante
578 1737 774 1788 testamentum
793 1731 895 1801 iactos,
919 1733 946 1788 in
965 1731 1064 1802 quibus
1083 1732 1203 1801 legatum
1222 1732 1248 1786 ei
1266 1731 1437 1802 adscriptum
1455 1735 1525 1802 erat,
1547 1733 1658 1807 condrust,

231 1831 245 1878 l
264 1825 292 1879 in
310 1827 423 1878 senatus
441 1822 595 1877 consultum
613 1821 722 1876 incidit:
741 1821 814 1891 quod
833 1825 862 1876 ct
879 1821 1001 1876 lulianus
1019 1820 1121 1876 scribit
1150 1820 1305 1876 Adimendo
1323 1835 1435 1890 qnoque
1449 1822 1657 1892 aliquidlircidue

264 1913 292 1967 in
310 1926 427 1982 poenum
445 1909 541 1979 debet,
559 1911 639 1979 quasi
656 1909 709 1965 οἱδὶ
728 1909 830 1980 aliquid
848 1910 969 1965 dederit:
994 1910 1080 1965 ueluti
1099 1909 1122 1964 si
1141 1923 1221 1963 seruo
1239 1909 1331 1979 legato
1349 1909 1401 1964 sibi
1419 1909 1580 1980 eodemque*
1593 1927 1657 1968 manu·

264 2001 349 2056 misso
372 1999 525 2054 libertatem
550 2015 601 2054 sua
623 2015 706 2054 manu
731 1999 865 2054 ademerit
887 1999 951 2064 (hoc
974 1998 1026 2068 ita,
1049 1999 1073 2054 οἱ
1097 1997 1239 2052 uoluntate
1263 1999 1405 2054 testatoris
1426 1997 1566 2054 ademerit:
1584 2001 1656 2055 nansi

264 2089 408 2158 ignorante
420 2103 462 2158 eu,
481 2087 594 2142 libertas
608 2089 708 2153 naletlt
727 2087 793 2142 item
812 2089 844 2157 si,
863 2091 976 2156 rogatus
994 2088 1139 2142 restituere
1156 2087 1277 2156 legatum
1296 2086 1348 2142 οἱδὶ
1367 2087 1542 2158 adscriptum,
1557 2086 1684 2143 bdeiuuu

232 2186 246 2233 u
264 2179 378 2232 missurn
397 2176 539 2231 ademerit.
566 2176 635 2242 Qui⁸
652 2176 742 2232 liberti
754 2176 973 2246 adsignationeru
987 2191 1038 2231 sua
1050 2192 1132 2232 manu
1146 2175 1299 2246 adscripsit,
1318 2189 1373 2232 uon
1385 2175 1486 2245 uerbis,
1502 2176 1549 2230 sed
1560 2177 1656 2230 serunt:

231 2273 246 2321 t
264 2269 377 2321 senatus
401 2265 518 2320 consulti
540 2269 657 2320 tenetur.
693 2265 762 2319 lien:
781 2279 835 2319 nou
854 2265 1009 2320 continetur
1026 2265 1118 2320 uerbis
1136 2279 1246 2334 seruus,
1268 2265 1316 2335 qni
1334 2265 1425 2320 alieno
1442 2269 1595 2320 testamento
1607 2263 1655 2319 idci-

264 2355 437 2410 commissam
462 2352 616 2408 libertatem
640 2353 692 2408 sibi
715 2353 870 2423 adscripsit.
903 2353 953 2408 sed
976 2353 1011 2408 de
1034 2353 1102 2409 hooi
1120 2359 1215 2423 potest
1231 2353 1376 2424 haesitari,
1400 2353 1541 2423 quoniam,
1562 2357 1655 2423 utsupra

264 2444 397 2512 diximus,
423 2447 535 2496 senatus
553 2442 592 2496 ita
610 2441 720 2496 demum
739 2443 777 2511 ai,
799 2443 846 2512 qui
865 2441 917 2497 sibi
935 2441 1089 2497 libertatem
1108 2440 1349 2497 fideicommissum
1367 2443 1396 2497 in
1414 2446 1572 2498 testamento
1586 2441 1655 2496 domini

264 2531 417 2601 adscripsit,
435 2545 553 2601 poenam
571 2531 683 2600 remisit,
701 2531 725 2586 si
743 2529 870 2586 domiuus
888 2530 1059 2601 subscripsit
1087 2531 1171 2586 immo
1189 2531 1277 2601 magis
1294 2531 1442 2586 dicendum
1460 2536 1504 2586 est
1519 2530 1583 2585 hunc
1592 2533 1682 2585 untsu

264 2625 378 2676 senatus
401 2619 555 2675 consultum
576 2617 680 2688 iacere,
704 2633 786 2688 quam
806 2633 868 2674 eum
887 2621 934 2690 qui
951 2621 1073 2690 legatum
1092 2619 1144 2674 sibi
1162 2619 1307 2689 adscribit,
1331 2635 1395 2675 cum
1412 2619 1524 2676 libertos
1539 2617 1654 2676 onninulu

217 2717 247 2765 10
264 2709 317 2779 ipsi
339 2709 521 2778 competitura
543 2708 592 2776 sit,
616 2709 737 2777 legatum
761 2713 852 2763 autem
874 2708 985 2764 domino
1004 2708 1111 2778 adquiri
1129 2707 1225 2778 possit
1261 2707 1291 2763 Si
1308 2709 1531 2764 testamentarius
1546 2722 1611 2764 semo
1623 2721 1654 2762 su

264 2796 504 2853 fideicommissum
522 2795 676 2852 libertatem
695 2796 810 2866 dederit,
828 2797 981 2868 uideamus,
999 2812 1034 2852 ne
1053 2801 1132 2852 extra
1149 2811 1266 2866 poenam
1284 2797 1329 2867 sit,
1348 2797 1478 2866 qnoniam
1495 2796 1655 2866 nnllnmipsiu

265 2885 437 2942 commodum
456 2889 512 2939 est:
535 2885 588 2940 nisi
606 2885 668 2940 ideo
686 2885 875 2956 adscripserit,
899 2891 931 2942 ut
948 2901 1046 2941 seruus
1064 2899 1165 2956 magno
1181 2885 1271 2955 pretio
1288 2885 1439 2942 redimatur
1455 2885 1491 2942 ab
1508 2901 1539 2942 eo
1555 2891 1580 2941 et
1594 2899 1654 2940 umr-

217 2983 245 3031 ιι
265 2975 397 3030 mittatur.
435 2972 490 3029 Sed
509 2978 538 3028 et
554 2974 608 3042 ille,
626 2973 682 3043 qni,
701 2989 763 3028 curu
782 2975 856 3030 Titio
873 2973 976 3030 iundus
993 2975 1138 3044 legaretur,
1159 2973 1261 3029 adiecit
1277 2989 1328 3029 sna
1346 2991 1430 3030 manu
1447 2975 1614 3031 condicionem
1626 2985 1681 3042 peu

217 3075 247 3120 ιο
265 3065 362 3119 cuniae
380 3062 432 3118 sibi
451 3061 566 3132 dandae,
585 3061 613 3116 in
632 3063 799 3117 uoluntatem
819 3069 931 3118 senatus
950 3063 1066 3119 consulti
1083 3063 1187 3119 incidit.
1214 3063 1266 3130 Qui
1285 3069 1378 3118 autem
1394 3059 1707 3134 uoluntstalpsuhutol

265 3151 415 3207 exheredat
432 3153 477 3207 uel
494 3153 617 3220 legatum
635 3151 688 3206 sibi
702 3151 806 3222 adimit,
825 3167 914 3222 neque
926 3152 1018 3216 uerbis
1032 3157 1144 3207 senatus
1156 3153 1274 3207 consulti
1286 3167 1376 3222 neque
1388 3154 1524 3208 sententia
1534 3153 1655 3208 continetur.

208 3239 247 3300 23
319 3241 395 3296 lusu
413 3239 482 3295 libro
501 3240 632 3310 singulari
650 3239 685 3294 de
702 3241 799 3310 poenis
816 3255 995 3310 paganorum.
1033 3241 1104 3307 Quid
1122 3241 1159 3295 sit
1176 3237 1288 3309 laisum,
1307 3242 1461 3311 quaeritur:
1480 3247 1508 3298 et
1523 3231 1688 3324 [ΜΡ]

265 3329 375 3385 uidetur
393 3327 421 3383 id
439 3343 510 3397 essa,
529 3329 632 3398 siquis
650 3329 769 3385 alienum
788 3329 998 3400 chirographum
1015 3329 1138 3384 imitetur
1156 3333 1204 3384 aut
1221 3328 1340 3385 libellum
1360 3331 1405 3386 uel
1422 3331 1539 3386 rationes
1551 3325 1656 3385 iuterudal

264 3420 309 3474 uel
328 3416 474 3487 describat,
494 3432 547 3471 uon
566 3417 613 3486 qui
631 3417 699 3473 alias
717 3419 745 3474 in
763 3419 968 3489 computatione
985 3419 1030 3473 uel
1048 3419 1076 3472 in
1093 3419 1199 3473 ratione
1216 3419 1355 3474 mentitur.
1665 3422 1681 3464 ll

208 3506 247 3564 24
319 3505 478 3562 Sosauonu
496 3503 565 3560 libro
583 3505 733 3562 uicensimo
751 3506 872 3563 secundo
890 3507 1068 3577 digestorum.
1097 3505 1221 3561 Aithalcs
1239 3521 1345 3576 seruus,
1365 3508 1410 3563 cui
1423 3511 1507 3563 testa·
1524 3497 1679 3590 Qu

265 3601 357 3650 mento
377 3595 460 3650 Betiti
478 3593 601 3649 Callinici
621 3609 672 3664 per
689 3593 929 3651 fideicommissum
948 3595 1059 3652 libertas
1078 3601 1106 3650 et
1123 3594 1212 3666 portio
1229 3595 1389 3652 hereditatis
1406 3597 1502 3652 relicta
1517 3603 1571 3652 erat
1584 3595 1610 3650 ab
1622 3593 1654 3668 bis,

265 3685 312 3753 qui
330 3699 365 3738 ex
384 3682 510 3738 undecim
528 3682 699 3752 portionibus
717 3683 832 3740 heredes
850 3690 929 3739 erant
945 3685 1070 3754 instituti,
1088 3682 1229 3754 protessus
1241 3687 1285 3739 est
1296 3683 1426 3740 indicium
1439 3687 1512 3756 apud
1523 3683 1653 3742 hrundru

264 3770 348 3827 filiam
372 3771 512 3826 testatoris
530 3777 661 3842 exparte
679 3773 843 3828 duodecima
859 3771 988 3829 heredem
1006 3774 1150 3844 scriptam:
1170 3787 1200 3828 se
1218 3772 1427 3844 posseprobare
1439 3773 1534 3830 falsum
1548 3779 1653 3829 tubum·

264 3865 322 3915 tum
341 3861 424 3915 Betiti
444 3861 574 3914 Callinici.
607 3865 635 3916 et
658 3861 732 3931 apud
754 3863 932 3931 magistratus
949 3863 1134 3932 interrogatus
1152 3879 1169 3916 a
1187 3863 1335 3918 Maximilla
1352 3862 1494 3932 protessus
1510 3859 1678 3932 etpotamo

264 3963 333 4018 rum,
352 3948 582 4019 quemadmodum
601 3947 699 4004 falsum
719 3950 754 4004 sit
772 3949 875 4005 iactum
893 3955 1099 4007 testamentum.
1125 3957 1233 4006 etcum
1252 3951 1280 4005 in
1298 3951 1402 4007 crimen
1420 3950 1482 4008 t'alsi
1493 3945 1652 4020 subscripsisti

264 4035 412 4093 Maximilla
435 4037 462 4092 in
485 4039 644 4109 scriptorem
668 4040 827 4095 testamenti
850 4045 879 4094 et
901 4039 1047 4096 Proculum
1070 4038 1246 4109 coheredem,
1270 4044 1333 4094 acta
1356 4055 1442 4095 causa
1463 4037 1599 4112 praelectus
1612 4029 1650 4088 ubl

251 4141 457 4212 raiaco)

265 4291 436 4360 ¹corrupit?
501 4293 647 4348 ¹dicimus
665 4293 764 4358 (eddli
830 4293 977 4362 ⁸possunt
995 4295 1030 4360 (a.
1044 4293 1091 4361 ull
1155 4293 1354 4364 ⁴rliqnand0?
1419 4284 1649 4366 ‘eruannrledll

265 4363 347 4417 ⁸silli
366 4371 413 4417 ius.
486 4364 496 4398 ²
516 4365 582 4418 idem
603 4365 699 4422 Graeci
716 4363 791 4430 (ὶὶΛὶ
810 4364 916 4427 diuersi
934 4383 974 4420 ric
992 4366 1048 4436 napi
1068 4365 1172 4428 τοῨτωκ
1190 4364 1316 4437 inoprlcar
1337 4367 1410 4434 BS):
1428 4383 1483 4424 nou
1500 4377 1543 4421 iar.

267 4512 462 4566 leonatituit
484 4511 508 4566 is
533 4513 569 4564 F’
588 4515 593 4580 1
614 4513 820 4582 adiuniungitnr
843 4517 869 4568 F
882 4517 887 4582 1
908 4515 955 4584 qui
1008 4516 1153 4571 dicendum
1165 4515 1286 4572 h'estF*
1321 4505 1647 4588 diisitlestl'ilnulluul'¹

265 4583 305 4637 bia
323 4584 349 4635 F
395 4583 630 4652 hrelegauturF
673 4587 879 4641 'lexistimetur
899 4587 953 4656 ΡΙ
1008 4589 1044 4642 30
1062 4604 1146 4642 manu
1163 4589 1210 4642 *in*
1228 4587 1308 4643 cond.
1329 4589 1367 4642 F*
1427 4591 1462 4646 3³
1483 4575 1648 4659 quu‘err'turf'
1719 4600 1720 4609 ¹

265 4652 405 4708 adscribat
418 4654 455 4706 Ρ
509 4655 780 4711 11adscrib'sitF’:
798 4657 954 4728 npccrprioer
1008 4659 1044 4714 34
1062 4659 1235 4714 intercid'l'at
1254 4658 1289 4711 F*
1348 4660 1383 4714 ³5
1400 4661 1446 4716 uel
1463 4645 1645 4716 *ueamutdl

266 4724 314 4778 BS
370 4725 403 4778 15
426 4725 697 4795 emancipatollrdici
721 4731 822 4796 potest
847 4730 897 4782 Fi:
924 4729 956 4782 τὶ
1010 4730 1193 4785 meuti'un‘tur
1225 4731 1273 4784 Fi:
1303 4729 1327 4784 οἱ
1352 4749 1392 4785 rrc
1497 4732 1594 4796 ψεὶατο
1616 4719 1647 4776 ⁸⁸
1719 4766 1721 4769 -

481 4797 779 4924 ulcerea·
800 4799 956 4938 euru
1009 4801 1196 4927 uua:
1212 4789 1646 4942 fluunt..

266 4937 422 5006 adscripsit]
441 4935 456 4990 ὁ
474 4935 560 5006 turri:
575 4940 740 5010 nporspluac
755 4941 801 4994 BS
817 4944 822 5007 Ι
838 4941 956 4997 ma‘d'uu
1008 4943 1045 4999 40
1062 4943 1141 5000 uetiti
1159 4945 1185 4997 F
1231 4944 1267 4998 42
1285 4949 1389 5000 cauda*
1407 4945 1445 4999 Ρ

265 5007 303 5062 F*
351 5009 386 5064 23
404 5007 540 5066 haesitare
563 5011 599 5064 ΡΙ
647 5013 682 5068 ab
700 5010 881 5082 *subscripsit
900 5011 954 5085 ΡΙ
