<?xml version="1.0" encoding="UTF-8"?>
<!DOCTYPE html PUBLIC "-//W3C//DTD XHTML 1.0 Transitional//EN"
    "http://www.w3.org/TR/xhtml1/DTD/xhtml1-transitional.dtd">
<html xmlns="http://www.w3.org/1999/xhtml" xml:lang="en" lang="en">
 <head>
  <title>
</title>
<meta http-equiv="Content-Type" content="text/html;charset=utf-8" />
  <meta name='ocr-system' content='tesseract 3.04.00' />
  <meta name='ocr-capabilities' content='ocr_page ocr_carea ocr_par ocr_line ocrx_word'/>
</head>
<body>
  <div class='ocr_page' id='page_1' title='image "./digestaiustinia00kruegoog_0346.png"; bbox 0 0 3728 5452; ppageno 0'>
   <div class='ocr_carea' id='block_1_1' title="bbox 109 98 1561 182">
    <p class='ocr_par' dir='ltr' id='par_1_1' title="bbox 109 98 1561 182">
     <span class='ocr_line' id='line_1_1' title="bbox 109 98 1561 182; baseline -0.003 -8"><span class='ocrx_word' id='word_1_1' title='bbox 109 125 347 174; x_wconf 80' lang='lat' dir='ltr'><strong>nmsnronoru</strong></span> <span class='ocrx_word' id='word_1_2' title='bbox 796 98 879 182; x_wconf 86' lang='lat'><strong>331</strong></span> <span class='ocrx_word' id='word_1_3' title='bbox 1213 107 1377 176; x_wconf 85' lang='lat' dir='ltr'>XXXVIII</span> <span class='ocrx_word' id='word_1_4' title='bbox 1400 110 1421 176; x_wconf 78' lang='lat'>2</span> <span class='ocrx_word' id='word_1_5' title='bbox 1444 115 1561 172; x_wconf 80' lang='lat'>12-14</span> 
     </span>
    </p>
   </div>
   <div class='ocr_carea' id='block_1_2' title="bbox 60 262 1659 4242">
    <p class='ocr_par' dir='ltr' id='par_1_2' title="bbox 108 262 1584 512">
     <span class='ocr_line' id='line_1_2' title="bbox 108 262 1584 336; baseline 0.001 -16"><span class='ocrx_word' id='word_1_6' title='bbox 108 269 224 336; x_wconf 80' lang='lat' dir='ltr'><strong>tonum,</strong></span> <span class='ocrx_word' id='word_1_7' title='bbox 247 279 332 335; x_wconf 85' lang='lat' dir='ltr'><strong>quem</strong></span> <span class='ocrx_word' id='word_1_8' title='bbox 355 263 392 320; x_wconf 85' lang='lat' dir='ltr'><strong>nd</strong></span> <span class='ocrx_word' id='word_1_9' title='bbox 414 262 593 320; x_wconf 76' lang='lat' dir='ltr'><strong>hereditatem</strong></span> <span class='ocrx_word' id='word_1_10' title='bbox 617 277 696 318; x_wconf 86' lang='lat' dir='ltr'><strong>snam</strong></span> <span class='ocrx_word' id='word_1_11' title='bbox 717 263 834 331; x_wconf 90' lang='lat' dir='ltr'><strong>primum</strong></span> <span class='ocrx_word' id='word_1_12' title='bbox 853 264 1002 320; x_wconf 87' lang='lat' dir='ltr'><strong>uocauerit.</strong></span> <span class='ocrx_word' id='word_1_13' title='bbox 1029 280 1063 320; x_wconf 94' lang='lat' dir='ltr'><strong>ac</strong></span> <span class='ocrx_word' id='word_1_14' title='bbox 1085 279 1120 320; x_wconf 92' lang='lat' dir='ltr'><strong>ne</strong></span> <span class='ocrx_word' id='word_1_15' title='bbox 1138 280 1202 321; x_wconf 90' lang='lat' dir='ltr'><strong>eum</strong></span> <span class='ocrx_word' id='word_1_16' title='bbox 1220 265 1332 334; x_wconf 89' lang='lat' dir='ltr'><strong>quidem</strong></span> <span class='ocrx_word' id='word_1_17' title='bbox 1349 265 1559 322; x_wconf 80' lang='lat' dir='ltr'><strong>cxishmaudum</strong></span> <span class='ocrx_word' id='word_1_18' title='bbox 1581 283 1584 286; x_wconf 93' lang='lat'>·</span> 
     </span>
     <span class='ocr_line' id='line_1_3' title="bbox 108 351 1560 422; baseline 0 -12"><span class='ocrx_word' id='word_1_19' title='bbox 108 359 158 410; x_wconf 86' lang='lat' dir='ltr'><strong>est</strong></span> <span class='ocrx_word' id='word_1_20' title='bbox 178 353 351 410; x_wconf 88' lang='lat' dir='ltr'><strong>summoneri</strong></span> <span class='ocrx_word' id='word_1_21' title='bbox 369 352 483 408; x_wconf 87' lang='lat' dir='ltr'><strong>abonis</strong></span> <span class='ocrx_word' id='word_1_22' title='bbox 500 351 604 421; x_wconf 91' lang='lat' dir='ltr'><strong>liberti,</strong></span> <span class='ocrx_word' id='word_1_23' title='bbox 628 352 675 421; x_wconf 90' lang='lat' dir='ltr'><strong>qui</strong></span> <span class='ocrx_word' id='word_1_24' title='bbox 699 352 827 422; x_wconf 86' lang='lat' dir='ltr'><strong>aprime</strong></span> <span class='ocrx_word' id='word_1_25' title='bbox 851 352 939 421; x_wconf 85' lang='lat' dir='ltr'><strong>gradu</strong></span> <span class='ocrx_word' id='word_1_26' title='bbox 963 352 1147 410; x_wconf 74' lang='lat' dir='ltr'><strong>exheredatus</strong></span> <span class='ocrx_word' id='word_1_27' title='bbox 1170 359 1199 408; x_wconf 88' lang='lat' dir='ltr'><strong>ct</strong></span> <span class='ocrx_word' id='word_1_28' title='bbox 1222 353 1294 408; x_wconf 90' lang='lat' dir='ltr'><strong>idem</strong></span> <span class='ocrx_word' id='word_1_29' title='bbox 1317 352 1486 412; x_wconf 86' lang='lat' dir='ltr'><strong>substitutus</strong></span> <span class='ocrx_word' id='word_1_30' title='bbox 1509 359 1560 410; x_wconf 86' lang='lat' dir='ltr'><strong>est.</strong></span> 
     </span>
     <span class='ocr_line' id='line_1_4' title="bbox 110 440 1562 512; baseline -0.001 -13"><span class='ocrx_word' id='word_1_31' title='bbox 110 443 244 512; x_wconf 78' lang='lat' dir='ltr'><strong>orgeio,</strong></span> <span class='ocrx_word' id='word_1_32' title='bbox 269 443 317 512; x_wconf 87' lang='lat' dir='ltr'><strong>qui</strong></span> <span class='ocrx_word' id='word_1_33' title='bbox 334 442 477 498; x_wconf 75' lang='lat' dir='ltr'><strong>iosIItutus</strong></span> <span class='ocrx_word' id='word_1_34' title='bbox 496 441 533 495; x_wconf 87' lang='lat' dir='ltr'><strong>sit</strong></span> <span class='ocrx_word' id='word_1_35' title='bbox 549 440 629 496; x_wconf 87' lang='lat' dir='ltr'><strong>heres</strong></span> <span class='ocrx_word' id='word_1_36' title='bbox 651 441 695 495; x_wconf 92' lang='lat' dir='ltr'><strong>uel</strong></span> <span class='ocrx_word' id='word_1_37' title='bbox 718 441 807 510; x_wconf 90' lang='lat' dir='ltr'><strong>primo</strong></span> <span class='ocrx_word' id='word_1_38' title='bbox 830 440 919 508; x_wconf 81' lang='lat' dir='ltr'><strong>gradu</strong></span> <span class='ocrx_word' id='word_1_39' title='bbox 944 442 989 496; x_wconf 88' lang='lat' dir='ltr'><strong>uel</strong></span> <span class='ocrx_word' id='word_1_40' title='bbox 1013 443 1139 512; x_wconf 72' lang='lat' dir='ltr'><strong>sequenti</strong></span> <span class='ocrx_word' id='word_1_41' title='bbox 1156 443 1201 498; x_wconf 87' lang='lat' dir='ltr'><strong>uel</strong></span> <span class='ocrx_word' id='word_1_42' title='bbox 1219 442 1273 497; x_wconf 92' lang='lat' dir='ltr'><strong>alio</strong></span> <span class='ocrx_word' id='word_1_43' title='bbox 1297 457 1352 512; x_wconf 90' lang='lat' dir='ltr'><strong>quo</strong></span> <span class='ocrx_word' id='word_1_44' title='bbox 1370 443 1472 512; x_wconf 86' lang='lat' dir='ltr'><strong>gradu,</strong></span> <span class='ocrx_word' id='word_1_45' title='bbox 1497 445 1562 500; x_wconf 90' lang='lat' dir='ltr'><strong>licet</strong></span> 
     </span>
    </p>

    <p class='ocr_par' dir='ltr' id='par_1_3' title="bbox 74 529 1592 779">
     <span class='ocr_line' id='line_1_5' title="bbox 74 529 1561 601; baseline -0.001 -13"><span class='ocrx_word' id='word_1_46' title='bbox 74 542 92 588; x_wconf 76' lang='grc'>1</span> <span class='ocrx_word' id='word_1_47' title='bbox 112 531 237 586; x_wconf 83' lang='lat' dir='ltr'><strong>exheres</strong></span> <span class='ocrx_word' id='word_1_48' title='bbox 263 531 300 586; x_wconf 87' lang='lat' dir='ltr'><strong>sit</strong></span> <span class='ocrx_word' id='word_1_49' title='bbox 323 531 420 587; x_wconf 90' lang='lat' dir='ltr'><strong>eodem</strong></span> <span class='ocrx_word' id='word_1_50' title='bbox 443 535 625 598; x_wconf 87' lang='lat' dir='ltr'><strong>testamento,</strong></span> <span class='ocrx_word' id='word_1_51' title='bbox 650 543 705 584; x_wconf 90' lang='lat' dir='ltr'><strong>non</strong></span> <span class='ocrx_word' id='word_1_52' title='bbox 728 533 772 584; x_wconf 86' lang='lat' dir='ltr'><strong>cst</strong></span> <span class='ocrx_word' id='word_1_53' title='bbox 794 530 1010 584; x_wconf 84' lang='lat' dir='ltr'><strong>summouendus</strong></span> <span class='ocrx_word' id='word_1_54' title='bbox 1033 530 1162 586; x_wconf 86' lang='lat' dir='ltr'><strong>ailberti</strong></span> <span class='ocrx_word' id='word_1_55' title='bbox 1185 529 1273 586; x_wconf 88' lang='lat' dir='ltr'><strong>bonis.</strong></span> <span class='ocrx_word' id='word_1_56' title='bbox 1310 529 1340 586; x_wconf 83' lang='lat' dir='ltr'><strong>Si</strong></span> <span class='ocrx_word' id='word_1_57' title='bbox 1362 533 1471 601; x_wconf 84' lang='lat' dir='ltr'><strong>patroni</strong></span> <span class='ocrx_word' id='word_1_58' title='bbox 1488 530 1561 587; x_wconf 82' lang='lat' dir='ltr'><strong>filius</strong></span> 
     </span>
     <span class='ocr_line' id='line_1_6' title="bbox 112 617 1592 691; baseline -0.001 -15"><span class='ocrx_word' id='word_1_59' title='bbox 112 621 312 691; x_wconf 81' lang='lat' dir='ltr'><strong>emancipatus</strong></span> <span class='ocrx_word' id='word_1_60' title='bbox 330 620 447 676; x_wconf 89' lang='lat' dir='ltr'><strong>noluerit</strong></span> <span class='ocrx_word' id='word_1_61' title='bbox 465 618 541 674; x_wconf 87' lang='lat' dir='ltr'><strong>adire</strong></span> <span class='ocrx_word' id='word_1_62' title='bbox 560 617 738 674; x_wconf 78' lang='lat' dir='ltr'><strong>hereditatem</strong></span> <span class='ocrx_word' id='word_1_63' title='bbox 757 618 801 672; x_wconf 89' lang='lat' dir='ltr'><strong>uel</strong></span> <span class='ocrx_word' id='word_1_64' title='bbox 819 618 866 687; x_wconf 88' lang='lat' dir='ltr'><strong>qui</strong></span> <span class='ocrx_word' id='word_1_65' title='bbox 883 619 911 672; x_wconf 92' lang='lat' dir='ltr'><strong>in</strong></span> <span class='ocrx_word' id='word_1_66' title='bbox 924 623 1062 688; x_wconf 71' lang='lat' dir='ltr'><strong>potestate</strong></span> <span class='ocrx_word' id='word_1_67' title='bbox 1074 625 1118 674; x_wconf 87' lang='lat' dir='ltr'><strong>cst</strong></span> <span class='ocrx_word' id='word_1_68' title='bbox 1130 619 1256 689; x_wconf 86' lang='lat' dir='ltr'><strong>retinere,</strong></span> <span class='ocrx_word' id='word_1_69' title='bbox 1275 619 1358 676; x_wconf 90' lang='lat' dir='ltr'><strong>nihilo</strong></span> <span class='ocrx_word' id='word_1_70' title='bbox 1370 621 1459 676; x_wconf 89' lang='lat' dir='ltr'><strong>minus</strong></span> <span class='ocrx_word' id='word_1_71' title='bbox 1471 621 1560 678; x_wconf 87' lang='lat' dir='ltr'><strong>liberti</strong></span> <span class='ocrx_word' id='word_1_72' title='bbox 1578 633 1592 674; x_wconf 87' lang='grc' dir='ltr'><strong>ι</strong></span> 
     </span>
     <span class='ocr_line' id='line_1_7' title="bbox 114 697 782 779; baseline -0.009 -13"><span class='ocrx_word' id='word_1_73' title='bbox 114 709 256 766; x_wconf 88' lang='lat' dir='ltr'><strong>bonorum</strong></span> <span class='ocrx_word' id='word_1_74' title='bbox 274 697 477 779; x_wconf 84' lang='lat' dir='ltr'><strong>possessionem</strong></span> <span class='ocrx_word' id='word_1_75' title='bbox 495 706 616 762; x_wconf 85' lang='lat' dir='ltr'><strong>habebIt.</strong></span> <span class='ocrx_word' id='word_1_76' title='bbox 781 715 782 720; x_wconf 76' lang='grc'>’</span> 
     </span>
    </p>

    <p class='ocr_par' dir='ltr' id='par_1_4' title="bbox 62 793 1613 1400">
     <span class='ocr_line' id='line_1_8' title="bbox 62 793 1613 878; baseline 0.005 -28"><span class='ocrx_word' id='word_1_77' title='bbox 62 797 104 856; x_wconf 77' lang='grc'><strong>,3</strong></span> <span class='ocrx_word' id='word_1_78' title='bbox 169 799 319 854; x_wconf 75' lang='lat' dir='ltr'><strong>lemnus</strong></span> <span class='ocrx_word' id='word_1_79' title='bbox 346 797 416 853; x_wconf 91' lang='lat' dir='ltr'><strong>libro</strong></span> <span class='ocrx_word' id='word_1_80' title='bbox 440 797 592 852; x_wconf 88' lang='lat' dir='ltr'><strong>uicensimo</strong></span> <span class='ocrx_word' id='word_1_81' title='bbox 618 800 697 850; x_wconf 86' lang='lat' dir='ltr'><strong>sexto</strong></span> <span class='ocrx_word' id='word_1_82' title='bbox 724 795 902 864; x_wconf 84' lang='lat' dir='ltr'><strong>digestorum.</strong></span> <span class='ocrx_word' id='word_1_83' title='bbox 944 796 1030 852; x_wconf 82' lang='lat' dir='ltr'><strong>Fihus</strong></span> <span class='ocrx_word' id='word_1_84' title='bbox 1056 797 1166 866; x_wconf 90' lang='lat' dir='ltr'><strong>patroni</strong></span> <span class='ocrx_word' id='word_1_85' title='bbox 1192 796 1385 867; x_wconf 83' lang='lat' dir='ltr'><strong>exheredatus,</strong></span> <span class='ocrx_word' id='word_1_86' title='bbox 1404 793 1560 878; x_wconf 55' lang='grc' dir='ltr'><strong>[Μ</strong></span> <span class='ocrx_word' id='word_1_87' title='bbox 1579 804 1613 857; x_wconf 85' lang='lat' dir='ltr'><strong>S·</strong></span> 
     </span>
     <span class='ocr_line' id='line_1_9' title="bbox 118 877 1560 958; baseline 0.001 -15"><span class='ocrx_word' id='word_1_88' title='bbox 118 888 250 958; x_wconf 71' lang='lat' dir='ltr'><strong>cmmois</strong></span> <span class='ocrx_word' id='word_1_89' title='bbox 267 901 354 957; x_wconf 86' lang='lat' dir='ltr'><strong>nepos</strong></span> <span class='ocrx_word' id='word_1_90' title='bbox 372 902 407 942; x_wconf 82' lang='lat' dir='ltr'><strong>ex</strong></span> <span class='ocrx_word' id='word_1_91' title='bbox 425 885 556 942; x_wconf 89' lang='lat' dir='ltr'><strong>coheres</strong></span> <span class='ocrx_word' id='word_1_92' title='bbox 580 885 699 953; x_wconf 88' lang='lat' dir='ltr'><strong>scriptus</strong></span> <span class='ocrx_word' id='word_1_93' title='bbox 723 882 818 953; x_wconf 88' lang='lat' dir='ltr'><strong>luerit,</strong></span> <span class='ocrx_word' id='word_1_94' title='bbox 841 883 975 940; x_wconf 86' lang='lat' dir='ltr'><strong>honorum</strong></span> <span class='ocrx_word' id='word_1_95' title='bbox 997 886 1200 955; x_wconf 86' lang='lat' dir='ltr'><strong>possessionem</strong></span> <span class='ocrx_word' id='word_1_96' title='bbox 1223 891 1319 942; x_wconf 86' lang='lat' dir='ltr'><strong>contra</strong></span> <span class='ocrx_word' id='word_1_97' title='bbox 1341 886 1449 943; x_wconf 86' lang='lat' dir='ltr'><strong>tabulas</strong></span> <span class='ocrx_word' id='word_1_98' title='bbox 1470 877 1560 957; x_wconf 56' lang='lat' dir='ltr'><strong>patff</strong></span> 
     </span>
     <span class='ocr_line' id='line_1_10' title="bbox 119 973 1561 1047; baseline 0.001 -16"><span class='ocrx_word' id='word_1_99' title='bbox 119 991 218 1032; x_wconf 86' lang='lat' dir='ltr'><strong>uorum</strong></span> <span class='ocrx_word' id='word_1_100' title='bbox 236 973 395 1030; x_wconf 90' lang='lat' dir='ltr'><strong>libertorum</strong></span> <span class='ocrx_word' id='word_1_101' title='bbox 414 975 539 1043; x_wconf 86' lang='lat' dir='ltr'><strong>accipere</strong></span> <span class='ocrx_word' id='word_1_102' title='bbox 558 987 613 1028; x_wconf 91' lang='lat' dir='ltr'><strong>non</strong></span> <span class='ocrx_word' id='word_1_103' title='bbox 630 979 735 1042; x_wconf 85' lang='lat' dir='ltr'><strong>potest:</strong></span> <span class='ocrx_word' id='word_1_104' title='bbox 758 973 823 1028; x_wconf 88' lang='lat' dir='ltr'><strong>licet</strong></span> <span class='ocrx_word' id='word_1_105' title='bbox 846 973 918 1028; x_wconf 87' lang='lat' dir='ltr'><strong>enlm</strong></span> <span class='ocrx_word' id='word_1_106' title='bbox 941 974 1113 1028; x_wconf 78' lang='lat' dir='ltr'><strong>necessarius</strong></span> <span class='ocrx_word' id='word_1_107' title='bbox 1136 973 1238 1030; x_wconf 77' lang='lat' dir='ltr'><strong>eristm</strong></span> <span class='ocrx_word' id='word_1_108' title='bbox 1260 977 1332 1046; x_wconf 83' lang='lat' dir='ltr'><strong>petri</strong></span> <span class='ocrx_word' id='word_1_109' title='bbox 1350 992 1415 1045; x_wconf 87' lang='lat' dir='ltr'><strong>suo,</strong></span> <span class='ocrx_word' id='word_1_110' title='bbox 1439 992 1494 1033; x_wconf 90' lang='lat' dir='ltr'><strong>non</strong></span> <span class='ocrx_word' id='word_1_111' title='bbox 1511 993 1561 1047; x_wconf 88' lang='lat' dir='ltr'><strong>per</strong></span> 
     </span>
     <span class='ocr_line' id='line_1_11' title="bbox 120 1061 1608 1136; baseline -0.003 -16"><span class='ocrx_word' id='word_1_112' title='bbox 120 1065 316 1134; x_wconf 83' lang='lat' dir='ltr'><strong>semetipsum,</strong></span> <span class='ocrx_word' id='word_1_113' title='bbox 340 1063 390 1118; x_wconf 86' lang='lat' dir='ltr'><strong>sed</strong></span> <span class='ocrx_word' id='word_1_114' title='bbox 411 1078 462 1132; x_wconf 87' lang='lat' dir='ltr'><strong>per</strong></span> <span class='ocrx_word' id='word_1_115' title='bbox 484 1063 567 1118; x_wconf 88' lang='lat' dir='ltr'><strong>alium</strong></span> <span class='ocrx_word' id='word_1_116' title='bbox 586 1062 622 1116; x_wconf 90' lang='lat' dir='ltr'><strong>ad</strong></span> <span class='ocrx_word' id='word_1_117' title='bbox 640 1061 819 1117; x_wconf 78' lang='lat' dir='ltr'><strong>hereditatem</strong></span> <span class='ocrx_word' id='word_1_118' title='bbox 838 1061 1000 1116; x_wconf 88' lang='lat' dir='ltr'><strong>admittitur.</strong></span> <span class='ocrx_word' id='word_1_119' title='bbox 1027 1067 1056 1117; x_wconf 88' lang='lat' dir='ltr'><strong>et</strong></span> <span class='ocrx_word' id='word_1_120' title='bbox 1079 1067 1154 1118; x_wconf 88' lang='lat' dir='ltr'><strong>certe</strong></span> <span class='ocrx_word' id='word_1_121' title='bbox 1178 1067 1300 1118; x_wconf 87' lang='lat' dir='ltr'><strong>constat:</strong></span> <span class='ocrx_word' id='word_1_122' title='bbox 1324 1065 1348 1120; x_wconf 90' lang='lat' dir='ltr'><strong>si</strong></span> <span class='ocrx_word' id='word_1_123' title='bbox 1372 1065 1560 1136; x_wconf 85' lang='lat' dir='ltr'><strong>emancipatus</strong></span> <span class='ocrx_word' id='word_1_124' title='bbox 1580 1076 1608 1116; x_wconf 90' lang='grc' dir='ltr'><strong>ιο</strong></span> 
     </span>
     <span class='ocr_line' id='line_1_12' title="bbox 120 1149 1560 1219; baseline 0.002 -11"><span class='ocrx_word' id='word_1_125' title='bbox 120 1151 191 1208; x_wconf 87' lang='lat' dir='ltr'><strong>hlius</strong></span> <span class='ocrx_word' id='word_1_126' title='bbox 210 1151 396 1208; x_wconf 85' lang='lat' dir='ltr'><strong>exheredatus</strong></span> <span class='ocrx_word' id='word_1_127' title='bbox 413 1149 497 1206; x_wconf 86' lang='lat' dir='ltr'><strong>inerit</strong></span> <span class='ocrx_word' id='word_1_128' title='bbox 513 1156 543 1206; x_wconf 90' lang='lat' dir='ltr'><strong>ct</strong></span> <span class='ocrx_word' id='word_1_129' title='bbox 560 1167 657 1206; x_wconf 88' lang='lat' dir='ltr'><strong>seruus</strong></span> <span class='ocrx_word' id='word_1_130' title='bbox 675 1151 735 1206; x_wconf 86' lang='lat' dir='ltr'><strong>eius</strong></span> <span class='ocrx_word' id='word_1_131' title='bbox 753 1149 832 1204; x_wconf 89' lang='lat' dir='ltr'><strong>heres</strong></span> <span class='ocrx_word' id='word_1_132' title='bbox 850 1151 977 1219; x_wconf 89' lang='lat' dir='ltr'><strong>scriptus,</strong></span> <span class='ocrx_word' id='word_1_133' title='bbox 996 1151 1049 1206; x_wconf 86' lang='lat' dir='ltr'><strong>etsi</strong></span> <span class='ocrx_word' id='word_1_134' title='bbox 1066 1151 1177 1206; x_wconf 90' lang='lat' dir='ltr'><strong>iusserit</strong></span> <span class='ocrx_word' id='word_1_135' title='bbox 1193 1167 1274 1208; x_wconf 88' lang='lat' dir='ltr'><strong>seruo</strong></span> <span class='ocrx_word' id='word_1_136' title='bbox 1292 1152 1472 1210; x_wconf 86' lang='lat' dir='ltr'><strong>hereditatam</strong></span> <span class='ocrx_word' id='word_1_137' title='bbox 1484 1155 1560 1210; x_wconf 90' lang='lat' dir='ltr'><strong>adire</strong></span> 
     </span>
     <span class='ocr_line' id='line_1_13' title="bbox 121 1237 1559 1311; baseline 0.002 -14"><span class='ocrx_word' id='word_1_138' title='bbox 121 1243 206 1298; x_wconf 84' lang='lat' dir='ltr'><strong>etita</strong></span> <span class='ocrx_word' id='word_1_139' title='bbox 223 1241 298 1311; x_wconf 76' lang='lat' dir='ltr'><strong>patri</strong></span> <span class='ocrx_word' id='word_1_140' title='bbox 315 1257 366 1296; x_wconf 90' lang='lat' dir='ltr'><strong>suo</strong></span> <span class='ocrx_word' id='word_1_141' title='bbox 384 1239 463 1295; x_wconf 86' lang='lat' dir='ltr'><strong>heres</strong></span> <span class='ocrx_word' id='word_1_142' title='bbox 481 1240 612 1310; x_wconf 85' lang='lat' dir='ltr'><strong>extiterit,</strong></span> <span class='ocrx_word' id='word_1_143' title='bbox 630 1255 685 1296; x_wconf 92' lang='lat' dir='ltr'><strong>non</strong></span> <span class='ocrx_word' id='word_1_144' title='bbox 703 1237 816 1294; x_wconf 86' lang='lat' dir='ltr'><strong>hahebIt</strong></span> <span class='ocrx_word' id='word_1_145' title='bbox 833 1243 930 1294; x_wconf 88' lang='lat' dir='ltr'><strong>contra</strong></span> <span class='ocrx_word' id='word_1_146' title='bbox 947 1237 1057 1294; x_wconf 86' lang='lat' dir='ltr'><strong>tabulas</strong></span> <span class='ocrx_word' id='word_1_147' title='bbox 1068 1245 1243 1309; x_wconf 84' lang='lat' dir='ltr'><strong>paternorum</strong></span> <span class='ocrx_word' id='word_1_148' title='bbox 1255 1240 1414 1298; x_wconf 88' lang='lat' dir='ltr'><strong>libertorum</strong></span> <span class='ocrx_word' id='word_1_149' title='bbox 1426 1242 1559 1300; x_wconf 89' lang='lat' dir='ltr'><strong>bonorum</strong></span> 
     </span>
     <span class='ocr_line' id='line_1_14' title="bbox 120 1331 515 1400; baseline 0 -16"><span class='ocrx_word' id='word_1_150' title='bbox 120 1331 334 1400; x_wconf 84' lang='lat' dir='ltr'><strong>possessionem.</strong></span> <span class='ocrx_word' id='word_1_151' title='bbox 509 1341 515 1346; x_wconf 85' lang='lat'>·</span> 
     </span>
    </p>

    <p class='ocr_par' dir='ltr' id='par_1_5' title="bbox 62 1415 1608 1580">
     <span class='ocr_line' id='line_1_15' title="bbox 62 1415 1600 1502; baseline 0.006 -32"><span class='ocrx_word' id='word_1_152' title='bbox 62 1418 106 1474; x_wconf 74' lang='lat'><strong>,4</strong></span> <span class='ocrx_word' id='word_1_153' title='bbox 172 1417 328 1474; x_wconf 80' lang='lat' dir='ltr'><strong>Unrmuus</strong></span> <span class='ocrx_word' id='word_1_154' title='bbox 350 1417 419 1474; x_wconf 93' lang='lat' dir='ltr'><strong>libro</strong></span> <span class='ocrx_word' id='word_1_155' title='bbox 443 1416 673 1487; x_wconf 85' lang='lat' dir='ltr'><strong>quadragensimo</strong></span> <span class='ocrx_word' id='word_1_156' title='bbox 697 1416 792 1485; x_wconf 88' lang='lat' dir='ltr'><strong>quinto</strong></span> <span class='ocrx_word' id='word_1_157' title='bbox 816 1415 852 1472; x_wconf 85' lang='lat' dir='ltr'><strong>ad</strong></span> <span class='ocrx_word' id='word_1_158' title='bbox 874 1416 1006 1472; x_wconf 83' lang='lat' dir='ltr'><strong>edictum.</strong></span> <span class='ocrx_word' id='word_1_159' title='bbox 1043 1415 1109 1485; x_wconf 84' lang='lat' dir='ltr'><strong>Qui,</strong></span> <span class='ocrx_word' id='word_1_160' title='bbox 1133 1431 1196 1472; x_wconf 91' lang='lat' dir='ltr'><strong>cum</strong></span> <span class='ocrx_word' id='word_1_161' title='bbox 1215 1417 1302 1474; x_wconf 92' lang='lat' dir='ltr'><strong>maior</strong></span> <span class='ocrx_word' id='word_1_162' title='bbox 1318 1422 1386 1474; x_wconf 88' lang='lat' dir='ltr'><strong>natu</strong></span> <span class='ocrx_word' id='word_1_163' title='bbox 1404 1416 1600 1502; x_wconf 53' lang='lat' dir='ltr'><strong>[effac-118</strong></span> 
     </span>
     <span class='ocr_line' id='line_1_16' title="bbox 120 1497 1608 1580; baseline 0.003 -18"><span class='ocrx_word' id='word_1_164' title='bbox 120 1511 195 1562; x_wconf 84' lang='lat' dir='ltr'><strong>esset</strong></span> <span class='ocrx_word' id='word_1_165' title='bbox 213 1521 298 1576; x_wconf 78' lang='lat' dir='ltr'><strong>quum</strong></span> <span class='ocrx_word' id='word_1_166' title='bbox 315 1507 415 1576; x_wconf 80' lang='lat' dir='ltr'><strong>uiginti</strong></span> <span class='ocrx_word' id='word_1_167' title='bbox 433 1507 553 1576; x_wconf 85' lang='lat' dir='ltr'><strong>quinque</strong></span> <span class='ocrx_word' id='word_1_168' title='bbox 572 1506 663 1574; x_wconf 84' lang='lat' dir='ltr'><strong>cuuis,</strong></span> <span class='ocrx_word' id='word_1_169' title='bbox 681 1504 825 1560; x_wconf 85' lang='lat' dir='ltr'><strong>libertum¹</strong></span> <span class='ocrx_word' id='word_1_170' title='bbox 845 1506 944 1575; x_wconf 87' lang='lat' dir='ltr'><strong>capitis</strong></span> <span class='ocrx_word' id='word_1_171' title='bbox 962 1506 1135 1560; x_wconf 87' lang='lat' dir='ltr'><strong>accusauerit</strong></span> <span class='ocrx_word' id='word_1_172' title='bbox 1151 1511 1202 1562; x_wconf 89' lang='lat' dir='ltr'><strong>aut</strong></span> <span class='ocrx_word' id='word_1_173' title='bbox 1218 1506 1246 1562; x_wconf 90' lang='lat' dir='ltr'><strong>in</strong></span> <span class='ocrx_word' id='word_1_174' title='bbox 1264 1497 1560 1580; x_wconf 59' lang='lat' dir='ltr'><strong>seruitutenpcucr‘it‘,</strong></span> <span class='ocrx_word' id='word_1_175' title='bbox 1580 1518 1608 1559; x_wconf 74' lang='grc' dir='ltr'><strong>ιι</strong></span> 
     </span>
    </p>

    <p class='ocr_par' dir='ltr' id='par_1_6' title="bbox 91 1593 1560 1666">
     <span class='ocr_line' id='line_1_17' title="bbox 91 1593 1560 1666; baseline 0.005 -20"><span class='ocrx_word' id='word_1_176' title='bbox 91 1601 281 1652; x_wconf 81' lang='lat' dir='ltr'><strong>uremcuetcr</strong></span> <span class='ocrx_word' id='word_1_177' title='bbox 298 1611 315 1652; x_wconf 87' lang='lat' dir='ltr'><strong>a</strong></span> <span class='ocrx_word' id='word_1_178' title='bbox 332 1599 429 1651; x_wconf 88' lang='lat' dir='ltr'><strong>eontra</strong></span> <span class='ocrx_word' id='word_1_179' title='bbox 451 1594 560 1650; x_wconf 89' lang='lat' dir='ltr'><strong>tabulas</strong></span> <span class='ocrx_word' id='word_1_180' title='bbox 583 1594 716 1649; x_wconf 86' lang='lat' dir='ltr'><strong>honorum</strong></span> <span class='ocrx_word' id='word_1_181' title='bbox 739 1595 923 1664; x_wconf 82' lang='lat' dir='ltr'><strong>possessione.</strong></span> <span class='ocrx_word' id='word_1_182' title='bbox 961 1593 991 1649; x_wconf 87' lang='lat' dir='ltr'><strong>si</strong></span> <span class='ocrx_word' id='word_1_183' title='bbox 1013 1607 1080 1650; x_wconf 90' lang='lat' dir='ltr'><strong>uero</strong></span> <span class='ocrx_word' id='word_1_184' title='bbox 1102 1596 1275 1650; x_wconf 86' lang='lat' dir='ltr'><strong>aocusaucrit</strong></span> <span class='ocrx_word' id='word_1_185' title='bbox 1292 1597 1392 1666; x_wconf 91' lang='lat' dir='ltr'><strong>minor,</strong></span> <span class='ocrx_word' id='word_1_186' title='bbox 1414 1598 1560 1654; x_wconf 90' lang='lat' dir='ltr'><strong>dicendum</strong></span> 
     </span>
    </p>

    <p class='ocr_par' dir='ltr' id='par_1_7' title="bbox 87 1683 1659 2200">
     <span class='ocr_line' id='line_1_18' title="bbox 87 1683 1561 1752; baseline 0.005 -18"><span class='ocrx_word' id='word_1_187' title='bbox 87 1689 164 1740; x_wconf 74' lang='lat' dir='ltr'><strong>uest</strong></span> <span class='ocrx_word' id='word_1_188' title='bbox 180 1684 257 1740; x_wconf 90' lang='lat' dir='ltr'><strong>hunc</strong></span> <span class='ocrx_word' id='word_1_189' title='bbox 274 1699 330 1740; x_wconf 92' lang='lat' dir='ltr'><strong>non</strong></span> <span class='ocrx_word' id='word_1_190' title='bbox 347 1684 469 1752; x_wconf 75' lang='lat' dir='ltr'><strong>excludi,</strong></span> <span class='ocrx_word' id='word_1_191' title='bbox 494 1684 554 1738; x_wconf 86' lang='lat' dir='ltr'><strong>elue</strong></span> <span class='ocrx_word' id='word_1_192' title='bbox 578 1683 638 1752; x_wconf 87' lang='lat' dir='ltr'><strong>ipse</strong></span> <span class='ocrx_word' id='word_1_193' title='bbox 660 1683 720 1738; x_wconf 88' lang='lat' dir='ltr'><strong>siue</strong></span> <span class='ocrx_word' id='word_1_194' title='bbox 743 1686 819 1738; x_wconf 89' lang='lat' dir='ltr'><strong>tutor</strong></span> <span class='ocrx_word' id='word_1_195' title='bbox 842 1683 901 1737; x_wconf 87' lang='lat' dir='ltr'><strong>cius</strong></span> <span class='ocrx_word' id='word_1_196' title='bbox 924 1683 969 1738; x_wconf 91' lang='lat' dir='ltr'><strong>uel</strong></span> <span class='ocrx_word' id='word_1_197' title='bbox 993 1688 1104 1738; x_wconf 77' lang='lat' dir='ltr'><strong>curratur</strong></span> <span class='ocrx_word' id='word_1_198' title='bbox 1122 1685 1302 1740; x_wconf 83' lang='lat' dir='ltr'><strong>accusauerit.</strong></span> <span class='ocrx_word' id='word_1_199' title='bbox 1339 1685 1413 1742; x_wconf 80' lang='lat' dir='ltr'><strong>Sed²</strong></span> <span class='ocrx_word' id='word_1_200' title='bbox 1431 1688 1454 1742; x_wconf 88' lang='lat' dir='ltr'><strong>si</strong></span> <span class='ocrx_word' id='word_1_201' title='bbox 1473 1689 1561 1744; x_wconf 90' lang='lat' dir='ltr'><strong>minor</strong></span> 
     </span>
     <span class='ocr_line' id='line_1_19' title="bbox 121 1769 1561 1845; baseline 0.003 -17"><span class='ocrx_word' id='word_1_202' title='bbox 121 1773 233 1842; x_wconf 86' lang='lat' dir='ltr'><strong>quidem</strong></span> <span class='ocrx_word' id='word_1_203' title='bbox 256 1773 406 1828; x_wconf 88' lang='lat' dir='ltr'><strong>instituerit</strong></span> <span class='ocrx_word' id='word_1_204' title='bbox 428 1772 645 1840; x_wconf 84' lang='lat' dir='ltr'><strong>accusationem,</strong></span> <span class='ocrx_word' id='word_1_205' title='bbox 669 1771 755 1826; x_wconf 85' lang='lat' dir='ltr'><strong>maior</strong></span> <span class='ocrx_word' id='word_1_206' title='bbox 777 1777 870 1826; x_wconf 86' lang='lat' dir='ltr'><strong>sutem</strong></span> <span class='ocrx_word' id='word_1_207' title='bbox 895 1769 985 1826; x_wconf 88' lang='lat' dir='ltr'><strong>iactus</strong></span> <span class='ocrx_word' id='word_1_208' title='bbox 1007 1773 1171 1828; x_wconf 84' lang='lat' dir='ltr'><strong>sententium</strong></span> <span class='ocrx_word' id='word_1_209' title='bbox 1195 1775 1346 1844; x_wconf 84' lang='lat' dir='ltr'><strong>acceperit,</strong></span> <span class='ocrx_word' id='word_1_210' title='bbox 1367 1775 1486 1845; x_wconf 73' lang='lat' dir='ltr'><strong>benigne</strong></span> <span class='ocrx_word' id='word_1_211' title='bbox 1509 1778 1561 1832; x_wconf 86' lang='lat' dir='ltr'><strong>erit</strong></span> 
     </span>
     <span class='ocr_line' id='line_1_20' title="bbox 120 1859 1659 1936; baseline -0.001 -20"><span class='ocrx_word' id='word_1_212' title='bbox 120 1861 270 1916; x_wconf 76' lang='lat' dir='ltr'><strong>decadum</strong></span> <span class='ocrx_word' id='word_1_213' title='bbox 288 1862 394 1931; x_wconf 76' lang='lat' dir='ltr'><strong>ignosci</strong></span> <span class='ocrx_word' id='word_1_214' title='bbox 412 1862 438 1916; x_wconf 88' lang='lat' dir='ltr'><strong>ci</strong></span> <span class='ocrx_word' id='word_1_215' title='bbox 456 1860 570 1929; x_wconf 87' lang='lat' dir='ltr'><strong>dehere,</strong></span> <span class='ocrx_word' id='word_1_216' title='bbox 593 1861 659 1929; x_wconf 83' lang='lat' dir='ltr'><strong>quia</strong></span> <span class='ocrx_word' id='word_1_217' title='bbox 675 1860 764 1914; x_wconf 93' lang='lat' dir='ltr'><strong>minor</strong></span> <span class='ocrx_word' id='word_1_218' title='bbox 781 1859 880 1929; x_wconf 86' lang='lat' dir='ltr'><strong>eoepit.</strong></span> <span class='ocrx_word' id='word_1_219' title='bbox 907 1875 997 1930; x_wconf 87' lang='lat' dir='ltr'><strong>neque</strong></span> <span class='ocrx_word' id='word_1_220' title='bbox 1015 1861 1087 1916; x_wconf 91' lang='lat' dir='ltr'><strong>enim</strong></span> <span class='ocrx_word' id='word_1_221' title='bbox 1107 1863 1117 1932; x_wconf 77' lang='lat' dir='ltr'><strong>ll</strong></span> <span class='ocrx_word' id='word_1_222' title='bbox 1136 1861 1272 1931; x_wconf 86' lang='lat' dir='ltr'><strong>imputare</strong></span> <span class='ocrx_word' id='word_1_223' title='bbox 1290 1864 1316 1918; x_wconf 90' lang='lat' dir='ltr'><strong>ci</strong></span> <span class='ocrx_word' id='word_1_224' title='bbox 1333 1880 1493 1936; x_wconf 87' lang='lat' dir='ltr'><strong>possumus,</strong></span> <span class='ocrx_word' id='word_1_225' title='bbox 1512 1881 1561 1921; x_wconf 94' lang='lat' dir='ltr'><strong>cur</strong></span> <span class='ocrx_word' id='word_1_226' title='bbox 1578 1869 1595 1916; x_wconf 85' lang='lat' dir='ltr'><strong>l.</strong></span> <span class='ocrx_word' id='word_1_227' title='bbox 1606 1864 1659 1916; x_wconf 69' lang='grc' dir='ltr'><strong>ιιι</strong></span> 
     </span>
     <span class='ocr_line' id='line_1_21' title="bbox 120 1947 1607 2023; baseline -0.001 -17"><span class='ocrx_word' id='word_1_228' title='bbox 120 1965 176 2006; x_wconf 90' lang='lat' dir='ltr'><strong>non</strong></span> <span class='ocrx_word' id='word_1_229' title='bbox 194 1951 318 2005; x_wconf 86' lang='lat' dir='ltr'><strong>desernit</strong></span> <span class='ocrx_word' id='word_1_230' title='bbox 335 1950 539 2006; x_wconf 85' lang='lat' dir='ltr'><strong>accusationem</strong></span> <span class='ocrx_word' id='word_1_231' title='bbox 558 1949 602 2004; x_wconf 89' lang='lat' dir='ltr'><strong>uel</strong></span> <span class='ocrx_word' id='word_1_232' title='bbox 620 1963 669 2004; x_wconf 90' lang='lat' dir='ltr'><strong>our</strong></span> <span class='ocrx_word' id='word_1_233' title='bbox 687 1947 862 2004; x_wconf 86' lang='lat' dir='ltr'><strong>abolitionem</strong></span> <span class='ocrx_word' id='word_1_234' title='bbox 881 1963 936 2004; x_wconf 93' lang='lat' dir='ltr'><strong>non</strong></span> <span class='ocrx_word' id='word_1_235' title='bbox 954 1951 1077 2020; x_wconf 89' lang='lat' dir='ltr'><strong>petierit,</strong></span> <span class='ocrx_word' id='word_1_236' title='bbox 1101 1965 1178 2018; x_wconf 90' lang='lat' dir='ltr'><strong>cum,</strong></span> <span class='ocrx_word' id='word_1_237' title='bbox 1201 1951 1317 2008; x_wconf 88' lang='lat' dir='ltr'><strong>alterum</strong></span> <span class='ocrx_word' id='word_1_238' title='bbox 1341 1954 1366 2008; x_wconf 90' lang='lat' dir='ltr'><strong>si</strong></span> <span class='ocrx_word' id='word_1_239' title='bbox 1383 1952 1508 2023; x_wconf 76' lang='lat' dir='ltr'><strong>intimet,</strong></span> <span class='ocrx_word' id='word_1_240' title='bbox 1531 1956 1560 2010; x_wconf 89' lang='lat' dir='ltr'><strong>in</strong></span> <span class='ocrx_word' id='word_1_241' title='bbox 1578 1963 1607 2004; x_wconf 83' lang='lat' dir='ltr'><strong>ao</strong></span> 
     </span>
     <span class='ocr_line' id='line_1_22' title="bbox 122 2036 1560 2111; baseline 0.004 -17"><span class='ocrx_word' id='word_1_242' title='bbox 122 2039 321 2109; x_wconf 83' lang='lat' dir='ltr'><strong>Turpillianum</strong></span> <span class='ocrx_word' id='word_1_243' title='bbox 339 2039 487 2107; x_wconf 88' lang='lat' dir='ltr'><strong>incideret,</strong></span> <span class='ocrx_word' id='word_1_244' title='bbox 505 2038 621 2094; x_wconf 87' lang='lat' dir='ltr'><strong>alterum</strong></span> <span class='ocrx_word' id='word_1_245' title='bbox 640 2051 695 2092; x_wconf 89' lang='lat' dir='ltr'><strong>non</strong></span> <span class='ocrx_word' id='word_1_246' title='bbox 713 2036 793 2092; x_wconf 84' lang='lat' dir='ltr'><strong>facile</strong></span> <span class='ocrx_word' id='word_1_247' title='bbox 811 2037 979 2106; x_wconf 86' lang='lat' dir='ltr'><strong>impetretur.</strong></span> <span class='ocrx_word' id='word_1_248' title='bbox 1006 2040 1081 2092; x_wconf 84' lang='lat' dir='ltr'><strong>certe</strong></span> <span class='ocrx_word' id='word_1_249' title='bbox 1101 2037 1125 2092; x_wconf 90' lang='lat' dir='ltr'><strong>si</strong></span> <span class='ocrx_word' id='word_1_250' title='bbox 1143 2038 1291 2096; x_wconf 90' lang='lat' dir='ltr'><strong>abolitione</strong></span> <span class='ocrx_word' id='word_1_251' title='bbox 1308 2042 1417 2111; x_wconf 91' lang='lat' dir='ltr'><strong>publice</strong></span> <span class='ocrx_word' id='word_1_252' title='bbox 1435 2042 1502 2099; x_wconf 89' lang='lat' dir='ltr'><strong>data</strong></span> <span class='ocrx_word' id='word_1_253' title='bbox 1519 2059 1560 2100; x_wconf 76' lang='lat' dir='ltr'><strong>re</strong></span> 
     </span>
     <span class='ocr_line' id='line_1_23' title="bbox 121 2125 1560 2200; baseline 0.004 -16"><span class='ocrx_word' id='word_1_254' title='bbox 121 2129 192 2198; x_wconf 80' lang='lat' dir='ltr'><strong>peut</strong></span> <span class='ocrx_word' id='word_1_255' title='bbox 209 2129 321 2184; x_wconf 89' lang='lat' dir='ltr'><strong>iamiam</strong></span> <span class='ocrx_word' id='word_1_256' title='bbox 339 2128 438 2196; x_wconf 87' lang='lat' dir='ltr'><strong>maior,</strong></span> <span class='ocrx_word' id='word_1_257' title='bbox 461 2126 608 2182; x_wconf 75' lang='lat' dir='ltr'><strong>fflcendum</strong></span> <span class='ocrx_word' id='word_1_258' title='bbox 626 2130 670 2182; x_wconf 88' lang='lat' dir='ltr'><strong>est</strong></span> <span class='ocrx_word' id='word_1_259' title='bbox 686 2125 759 2180; x_wconf 88' lang='lat' dir='ltr'><strong>hunc</strong></span> <span class='ocrx_word' id='word_1_260' title='bbox 776 2141 838 2182; x_wconf 85' lang='lat' dir='ltr'><strong>esse</strong></span> <span class='ocrx_word' id='word_1_261' title='bbox 856 2125 1066 2181; x_wconf 88' lang='lat' dir='ltr'><strong>romonendum:</strong></span> <span class='ocrx_word' id='word_1_262' title='bbox 1091 2128 1178 2192; x_wconf 86' lang='lat' dir='ltr'><strong>maior</strong></span> <span class='ocrx_word' id='word_1_263' title='bbox 1195 2129 1267 2183; x_wconf 90' lang='lat' dir='ltr'><strong>enim</strong></span> <span class='ocrx_word' id='word_1_264' title='bbox 1286 2127 1377 2185; x_wconf 81' lang='lat' dir='ltr'><strong>iectus</strong></span> <span class='ocrx_word' id='word_1_265' title='bbox 1393 2133 1560 2200; x_wconf 87' lang='lat' dir='ltr'><strong>potuitsine</strong></span> 
     </span>
    </p>

    <p class='ocr_par' dir='ltr' id='par_1_8' title="bbox 82 2213 1560 2379">
     <span class='ocr_line' id='line_1_24' title="bbox 82 2213 1559 2290; baseline 0.003 -19"><span class='ocrx_word' id='word_1_266' title='bbox 82 2227 107 2271; x_wconf 74' lang='lat'>3</span> <span class='ocrx_word' id='word_1_267' title='bbox 122 2218 220 2273; x_wconf 88' lang='lat' dir='ltr'><strong>timore</strong></span> <span class='ocrx_word' id='word_1_268' title='bbox 238 2216 367 2272; x_wconf 86' lang='lat' dir='ltr'><strong>descrere</strong></span> <span class='ocrx_word' id='word_1_269' title='bbox 385 2215 514 2272; x_wconf 82' lang='lat' dir='ltr'><strong>abolitam</strong></span> <span class='ocrx_word' id='word_1_270' title='bbox 533 2214 747 2270; x_wconf 85' lang='lat' dir='ltr'><strong>accusationem.</strong></span> <span class='ocrx_word' id='word_1_271' title='bbox 782 2215 810 2269; x_wconf 88' lang='lat' dir='ltr'><strong>Is</strong></span> <span class='ocrx_word' id='word_1_272' title='bbox 828 2213 939 2270; x_wconf 87' lang='lat' dir='ltr'><strong>demum</strong></span> <span class='ocrx_word' id='word_1_273' title='bbox 956 2215 1067 2270; x_wconf 86' lang='lat' dir='ltr'><strong>uidetur</strong></span> <span class='ocrx_word' id='word_1_274' title='bbox 1084 2216 1182 2286; x_wconf 84' lang='lat' dir='ltr'><strong>capitis</strong></span> <span class='ocrx_word' id='word_1_275' title='bbox 1205 2232 1365 2289; x_wconf 85' lang='lat' dir='ltr'><strong>accusasse,</strong></span> <span class='ocrx_word' id='word_1_276' title='bbox 1389 2222 1503 2290; x_wconf 78' lang='lat' dir='ltr'><strong>quitali</strong></span> <span class='ocrx_word' id='word_1_277' title='bbox 1519 2222 1559 2276; x_wconf 92' lang='lat' dir='ltr'><strong>in-</strong></span> 
     </span>
     <span class='ocr_line' id='line_1_25' title="bbox 121 2301 1560 2379; baseline 0.001 -15"><span class='ocrx_word' id='word_1_278' title='bbox 121 2307 194 2364; x_wconf 84' lang='lat' dir='ltr'><strong>dIoio</strong></span> <span class='ocrx_word' id='word_1_279' title='bbox 213 2307 333 2378; x_wconf 82' lang='lat' dir='ltr'><strong>appetit,</strong></span> <span class='ocrx_word' id='word_1_280' title='bbox 352 2306 431 2360; x_wconf 88' lang='lat' dir='ltr'><strong>cuius</strong></span> <span class='ocrx_word' id='word_1_281' title='bbox 447 2319 538 2375; x_wconf 89' lang='lat' dir='ltr'><strong>poena</strong></span> <span class='ocrx_word' id='word_1_282' title='bbox 556 2307 605 2358; x_wconf 85' lang='lat' dir='ltr'><strong>aut</strong></span> <span class='ocrx_word' id='word_1_283' title='bbox 621 2303 784 2372; x_wconf 86' lang='lat' dir='ltr'><strong>supplicium</strong></span> <span class='ocrx_word' id='word_1_284' title='bbox 802 2301 899 2358; x_wconf 90' lang='lat' dir='ltr'><strong>habuit</strong></span> <span class='ocrx_word' id='word_1_285' title='bbox 917 2310 966 2358; x_wconf 83' lang='lat' dir='ltr'><strong>aut</strong></span> <span class='ocrx_word' id='word_1_286' title='bbox 982 2304 1106 2374; x_wconf 87' lang='lat' dir='ltr'><strong>einIum,</strong></span> <span class='ocrx_word' id='word_1_287' title='bbox 1129 2305 1203 2374; x_wconf 87' lang='lat' dir='ltr'><strong>quod</strong></span> <span class='ocrx_word' id='word_1_288' title='bbox 1221 2307 1259 2361; x_wconf 91' lang='lat' dir='ltr'><strong>sit</strong></span> <span class='ocrx_word' id='word_1_289' title='bbox 1277 2307 1337 2362; x_wconf 88' lang='lat' dir='ltr'><strong>uice</strong></span> <span class='ocrx_word' id='word_1_290' title='bbox 1355 2308 1560 2379; x_wconf 86' lang='lat' dir='ltr'><strong>deportationis,</strong></span> 
     </span>
    </p>

    <p class='ocr_par' dir='ltr' id='par_1_9' title="bbox 74 2391 1608 2646">
     <span class='ocr_line' id='line_1_26' title="bbox 74 2391 1608 2466; baseline 0.003 -16"><span class='ocrx_word' id='word_1_291' title='bbox 74 2405 106 2450; x_wconf 72' lang='lat'>4</span> <span class='ocrx_word' id='word_1_292' title='bbox 122 2397 169 2453; x_wconf 94' lang='lat' dir='ltr'><strong>uhi</strong></span> <span class='ocrx_word' id='word_1_293' title='bbox 187 2397 288 2452; x_wconf 89' lang='lat' dir='ltr'><strong>ciuitas</strong></span> <span class='ocrx_word' id='word_1_294' title='bbox 307 2395 448 2450; x_wconf 87' lang='lat' dir='ltr'><strong>amittitur.</strong></span> <span class='ocrx_word' id='word_1_295' title='bbox 477 2392 507 2448; x_wconf 89' lang='lat' dir='ltr'><strong>Si</strong></span> <span class='ocrx_word' id='word_1_296' title='bbox 525 2397 618 2448; x_wconf 89' lang='lat' dir='ltr'><strong>tamen</strong></span> <span class='ocrx_word' id='word_1_297' title='bbox 636 2392 698 2461; x_wconf 87' lang='lat' dir='ltr'><strong>quis</strong></span> <span class='ocrx_word' id='word_1_298' title='bbox 716 2391 842 2448; x_wconf 89' lang='lat' dir='ltr'><strong>libertum</strong></span> <span class='ocrx_word' id='word_1_299' title='bbox 861 2407 894 2448; x_wconf 88' lang='lat' dir='ltr'><strong>co</strong></span> <span class='ocrx_word' id='word_1_300' title='bbox 912 2393 1025 2448; x_wconf 88' lang='lat' dir='ltr'><strong>erimine</strong></span> <span class='ocrx_word' id='word_1_301' title='bbox 1043 2395 1223 2464; x_wconf 74' lang='lat' dir='ltr'><strong>accusauerit</strong></span> <span class='ocrx_word' id='word_1_302' title='bbox 1242 2396 1320 2451; x_wconf 87' lang='lat' dir='ltr'><strong>cuius</strong></span> <span class='ocrx_word' id='word_1_303' title='bbox 1337 2411 1428 2466; x_wconf 87' lang='lat' dir='ltr'><strong>poena</strong></span> <span class='ocrx_word' id='word_1_304' title='bbox 1444 2413 1500 2454; x_wconf 91' lang='lat' dir='ltr'><strong>non</strong></span> <span class='ocrx_word' id='word_1_305' title='bbox 1517 2403 1561 2454; x_wconf 88' lang='lat' dir='ltr'><strong>est</strong></span> <span class='ocrx_word' id='word_1_306' title='bbox 1579 2407 1608 2448; x_wconf 77' lang='grc' dir='ltr'><strong>ιι</strong></span> 
     </span>
     <span class='ocr_line' id='line_1_27' title="bbox 122 2481 1559 2557; baseline 0 -15"><span class='ocrx_word' id='word_1_307' title='bbox 122 2487 234 2557; x_wconf 88' lang='lat' dir='ltr'><strong>capitis,</strong></span> <span class='ocrx_word' id='word_1_308' title='bbox 258 2489 448 2540; x_wconf 89' lang='lat' dir='ltr'><strong>ucrnmtamen</strong></span> <span class='ocrx_word' id='word_1_309' title='bbox 466 2481 597 2538; x_wconf 89' lang='lat' dir='ltr'><strong>iudicanti</strong></span> <span class='ocrx_word' id='word_1_310' title='bbox 614 2481 719 2552; x_wconf 87' lang='lat' dir='ltr'><strong>placuit</strong></span> <span class='ocrx_word' id='word_1_311' title='bbox 736 2496 838 2550; x_wconf 79' lang='lat' dir='ltr'><strong>augere</strong></span> <span class='ocrx_word' id='word_1_312' title='bbox 855 2495 987 2551; x_wconf 89' lang='lat' dir='ltr'><strong>poenam,</strong></span> <span class='ocrx_word' id='word_1_313' title='bbox 1010 2496 1065 2536; x_wconf 89' lang='lat' dir='ltr'><strong>non</strong></span> <span class='ocrx_word' id='word_1_314' title='bbox 1086 2481 1166 2538; x_wconf 87' lang='lat' dir='ltr'><strong>obest</strong></span> <span class='ocrx_word' id='word_1_315' title='bbox 1183 2483 1235 2538; x_wconf 92' lang='lat' dir='ltr'><strong>hoc</strong></span> <span class='ocrx_word' id='word_1_316' title='bbox 1253 2485 1361 2553; x_wconf 89' lang='lat' dir='ltr'><strong>patroni</strong></span> <span class='ocrx_word' id='word_1_317' title='bbox 1378 2484 1446 2540; x_wconf 87' lang='lat' dir='ltr'><strong>filio:</strong></span> <span class='ocrx_word' id='word_1_318' title='bbox 1471 2501 1559 2556; x_wconf 88' lang='lat' dir='ltr'><strong>neque</strong></span> 
     </span>
     <span class='ocr_line' id='line_1_28' title="bbox 122 2569 1559 2646; baseline 0 -15"><span class='ocrx_word' id='word_1_319' title='bbox 122 2577 194 2631; x_wconf 88' lang='lat' dir='ltr'><strong>enim</strong></span> <span class='ocrx_word' id='word_1_320' title='bbox 214 2574 353 2644; x_wconf 86' lang='lat' dir='ltr'><strong>imperitia</strong></span> <span class='ocrx_word' id='word_1_321' title='bbox 369 2576 418 2627; x_wconf 91' lang='lat' dir='ltr'><strong>aut</strong></span> <span class='ocrx_word' id='word_1_322' title='bbox 435 2571 569 2626; x_wconf 81' lang='lat' dir='ltr'><strong>seueritas</strong></span> <span class='ocrx_word' id='word_1_323' title='bbox 588 2570 734 2624; x_wconf 87' lang='lat' dir='ltr'><strong>iudicantis</strong></span> <span class='ocrx_word' id='word_1_324' title='bbox 753 2570 851 2626; x_wconf 86' lang='lat' dir='ltr'><strong>ohcssc</strong></span> <span class='ocrx_word' id='word_1_325' title='bbox 870 2569 954 2626; x_wconf 88' lang='lat' dir='ltr'><strong>debet</strong></span> <span class='ocrx_word' id='word_1_326' title='bbox 970 2570 1078 2639; x_wconf 87' lang='lat' dir='ltr'><strong>patroni</strong></span> <span class='ocrx_word' id='word_1_327' title='bbox 1096 2569 1160 2642; x_wconf 90' lang='lat' dir='ltr'><strong>lilio,</strong></span> <span class='ocrx_word' id='word_1_328' title='bbox 1178 2573 1226 2642; x_wconf 92' lang='lat' dir='ltr'><strong>qui</strong></span> <span class='ocrx_word' id='word_1_329' title='bbox 1244 2573 1346 2630; x_wconf 85' lang='lat' dir='ltr'><strong>crimen</strong></span> <span class='ocrx_word' id='word_1_330' title='bbox 1364 2575 1452 2630; x_wconf 89' lang='lat' dir='ltr'><strong>leuius</strong></span> <span class='ocrx_word' id='word_1_331' title='bbox 1469 2576 1559 2646; x_wconf 91' lang='lat' dir='ltr'><strong>inpor-</strong></span> 
     </span>
    </p>

    <p class='ocr_par' dir='ltr' id='par_1_10' title="bbox 74 2658 1559 2729">
     <span class='ocr_line' id='line_1_29' title="bbox 74 2658 1559 2729; baseline 0.002 -11"><span class='ocrx_word' id='word_1_332' title='bbox 74 2672 108 2718; x_wconf 67' lang='lat'><strong>5</strong></span> <span class='ocrx_word' id='word_1_333' title='bbox 123 2665 201 2720; x_wconf 85' lang='lat' dir='ltr'><strong>lauit.</strong></span> <span class='ocrx_word' id='word_1_334' title='bbox 233 2663 308 2720; x_wconf 85' lang='lat' dir='ltr'><strong>Scd⁸</strong></span> <span class='ocrx_word' id='word_1_335' title='bbox 320 2662 344 2716; x_wconf 90' lang='lat' dir='ltr'><strong>si</strong></span> <span class='ocrx_word' id='word_1_336' title='bbox 361 2675 417 2715; x_wconf 93' lang='lat' dir='ltr'><strong>non</strong></span> <span class='ocrx_word' id='word_1_337' title='bbox 431 2660 614 2728; x_wconf 69' lang='lat' dir='ltr'><strong>&#39;accusauerit</strong></span> <span class='ocrx_word' id='word_1_338' title='bbox 633 2659 684 2714; x_wconf 88' lang='lat' dir='ltr'><strong>sed</strong></span> <span class='ocrx_word' id='word_1_339' title='bbox 701 2660 887 2715; x_wconf 88' lang='lat' dir='ltr'><strong>testimonium</strong></span> <span class='ocrx_word' id='word_1_340' title='bbox 906 2661 936 2714; x_wconf 93' lang='lat' dir='ltr'><strong>in</strong></span> <span class='ocrx_word' id='word_1_341' title='bbox 953 2665 1037 2729; x_wconf 89' lang='lat' dir='ltr'><strong>caput</strong></span> <span class='ocrx_word' id='word_1_342' title='bbox 1054 2658 1144 2715; x_wconf 91' lang='lat' dir='ltr'><strong>liberti</strong></span> <span class='ocrx_word' id='word_1_343' title='bbox 1162 2661 1231 2716; x_wconf 85' lang='lat' dir='ltr'><strong>dixit</strong></span> <span class='ocrx_word' id='word_1_344' title='bbox 1247 2667 1297 2717; x_wconf 90' lang='lat' dir='ltr'><strong>aut</strong></span> <span class='ocrx_word' id='word_1_345' title='bbox 1313 2663 1431 2719; x_wconf 88' lang='lat' dir='ltr'><strong>subiecit</strong></span> <span class='ocrx_word' id='word_1_346' title='bbox 1447 2680 1559 2722; x_wconf 80' lang='lat' dir='ltr'><strong>accius·</strong></span> 
     </span>
    </p>

    <p class='ocr_par' dir='ltr' id='par_1_11' title="bbox 71 2747 1608 2999">
     <span class='ocr_line' id='line_1_30' title="bbox 71 2747 1561 2822; baseline 0.003 -16"><span class='ocrx_word' id='word_1_347' title='bbox 71 2761 107 2806; x_wconf 71' lang='grc'><strong>6</strong></span> <span class='ocrx_word' id='word_1_348' title='bbox 122 2759 218 2822; x_wconf 87' lang='lat' dir='ltr'><strong>torem,</strong></span> <span class='ocrx_word' id='word_1_349' title='bbox 237 2757 306 2822; x_wconf 87' lang='lat' dir='ltr'><strong>puto</strong></span> <span class='ocrx_word' id='word_1_350' title='bbox 324 2765 387 2805; x_wconf 92' lang='lat' dir='ltr'><strong>eum</strong></span> <span class='ocrx_word' id='word_1_351' title='bbox 407 2765 424 2804; x_wconf 87' lang='lat' dir='ltr'><strong>a</strong></span> <span class='ocrx_word' id='word_1_352' title='bbox 441 2754 537 2804; x_wconf 88' lang='lat' dir='ltr'><strong>contra</strong></span> <span class='ocrx_word' id='word_1_353' title='bbox 554 2748 663 2804; x_wconf 88' lang='lat' dir='ltr'><strong>tabulas</strong></span> <span class='ocrx_word' id='word_1_354' title='bbox 681 2749 825 2804; x_wconf 87' lang='lat' dir='ltr'><strong>remoueri.</strong></span> <span class='ocrx_word' id='word_1_355' title='bbox 854 2747 883 2802; x_wconf 89' lang='lat' dir='ltr'><strong>Si</strong></span> <span class='ocrx_word' id='word_1_356' title='bbox 898 2747 1013 2803; x_wconf 85' lang='lat' dir='ltr'><strong>libertus</strong></span> <span class='ocrx_word' id='word_1_357' title='bbox 1026 2749 1178 2804; x_wconf 84' lang='lat' dir='ltr'><strong>maiestatis</strong></span> <span class='ocrx_word' id='word_1_358' title='bbox 1190 2752 1298 2819; x_wconf 85' lang='lat' dir='ltr'><strong>patroni</strong></span> <span class='ocrx_word' id='word_1_359' title='bbox 1315 2749 1400 2809; x_wconf 88' lang='lat' dir='ltr'><strong>filium</strong></span> <span class='ocrx_word' id='word_1_360' title='bbox 1419 2755 1561 2810; x_wconf 86' lang='lat' dir='ltr'><strong>accusauit</strong></span> 
     </span>
     <span class='ocr_line' id='line_1_31' title="bbox 124 2837 1608 2912; baseline 0.002 -16"><span class='ocrx_word' id='word_1_361' title='bbox 124 2847 150 2896; x_wconf 89' lang='lat' dir='ltr'><strong>et</strong></span> <span class='ocrx_word' id='word_1_362' title='bbox 166 2840 277 2912; x_wconf 86' lang='lat' dir='ltr'><strong>patroni</strong></span> <span class='ocrx_word' id='word_1_363' title='bbox 295 2839 368 2894; x_wconf 85' lang='lat' dir='ltr'><strong>lilius</strong></span> <span class='ocrx_word' id='word_1_364' title='bbox 386 2837 538 2892; x_wconf 88' lang='lat' dir='ltr'><strong>calumniae</strong></span> <span class='ocrx_word' id='word_1_365' title='bbox 556 2851 618 2890; x_wconf 90' lang='lat' dir='ltr'><strong>eum</strong></span> <span class='ocrx_word' id='word_1_366' title='bbox 643 2839 741 2907; x_wconf 82' lang='lat' dir='ltr'><strong>capilio</strong></span> <span class='ocrx_word' id='word_1_367' title='bbox 764 2837 854 2908; x_wconf 90' lang='lat' dir='ltr'><strong>puniri</strong></span> <span class='ocrx_word' id='word_1_368' title='bbox 879 2837 1061 2906; x_wconf 88' lang='lat' dir='ltr'><strong>desiderauit,</strong></span> <span class='ocrx_word' id='word_1_369' title='bbox 1084 2852 1138 2893; x_wconf 91' lang='lat' dir='ltr'><strong>non</strong></span> <span class='ocrx_word' id='word_1_370' title='bbox 1162 2837 1246 2893; x_wconf 90' lang='lat' dir='ltr'><strong>dehet</strong></span> <span class='ocrx_word' id='word_1_371' title='bbox 1267 2841 1362 2910; x_wconf 88' lang='lat' dir='ltr'><strong>repelli</strong></span> <span class='ocrx_word' id='word_1_372' title='bbox 1384 2841 1437 2897; x_wconf 91' lang='lat' dir='ltr'><strong>hcc</strong></span> <span class='ocrx_word' id='word_1_373' title='bbox 1459 2844 1558 2900; x_wconf 86' lang='lat' dir='ltr'><strong>edicto.</strong></span> <span class='ocrx_word' id='word_1_374' title='bbox 1579 2851 1608 2893; x_wconf 78' lang='lat'><strong>8⁰</strong></span> 
     </span>
     <span class='ocr_line' id='line_1_32' title="bbox 123 2925 1561 2999; baseline 0.003 -15"><span class='ocrx_word' id='word_1_375' title='bbox 123 2929 195 2986; x_wconf 89' lang='lat' dir='ltr'><strong>idem</strong></span> <span class='ocrx_word' id='word_1_376' title='bbox 214 2933 283 2998; x_wconf 88' lang='lat' dir='ltr'><strong>puto</strong></span> <span class='ocrx_word' id='word_1_377' title='bbox 301 2933 331 2982; x_wconf 89' lang='lat' dir='ltr'><strong>et</strong></span> <span class='ocrx_word' id='word_1_378' title='bbox 348 2928 372 2982; x_wconf 87' lang='lat' dir='ltr'><strong>si</strong></span> <span class='ocrx_word' id='word_1_379' title='bbox 390 2925 426 2982; x_wconf 91' lang='lat' dir='ltr'><strong>ab</strong></span> <span class='ocrx_word' id='word_1_380' title='bbox 446 2941 479 2982; x_wconf 92' lang='lat' dir='ltr'><strong>eo</strong></span> <span class='ocrx_word' id='word_1_381' title='bbox 497 2926 600 2996; x_wconf 88' lang='lat' dir='ltr'><strong>petitus</strong></span> <span class='ocrx_word' id='word_1_382' title='bbox 619 2927 731 2982; x_wconf 80' lang='lat' dir='ltr'><strong>retorsit</strong></span> <span class='ocrx_word' id='word_1_383' title='bbox 747 2927 775 2981; x_wconf 92' lang='lat' dir='ltr'><strong>in</strong></span> <span class='ocrx_word' id='word_1_384' title='bbox 794 2941 858 2988; x_wconf 89' lang='lat' dir='ltr'><strong>enm</strong></span> <span class='ocrx_word' id='word_1_385' title='bbox 875 2926 1003 2980; x_wconf 88' lang='lat' dir='ltr'><strong>crimina:</strong></span> <span class='ocrx_word' id='word_1_386' title='bbox 1022 2926 1219 2994; x_wconf 82' lang='lat' dir='ltr'><strong>ignoscendum</strong></span> <span class='ocrx_word' id='word_1_387' title='bbox 1232 2927 1305 2982; x_wconf 88' lang='lat' dir='ltr'><strong>enim</strong></span> <span class='ocrx_word' id='word_1_388' title='bbox 1318 2933 1362 2984; x_wconf 89' lang='lat' dir='ltr'><strong>est</strong></span> <span class='ocrx_word' id='word_1_389' title='bbox 1378 2931 1412 2999; x_wconf 91' lang='lat' dir='ltr'><strong>ei,</strong></span> <span class='ocrx_word' id='word_1_390' title='bbox 1431 2932 1456 2986; x_wconf 86' lang='lat' dir='ltr'><strong>si</strong></span> <span class='ocrx_word' id='word_1_391' title='bbox 1473 2933 1561 2988; x_wconf 89' lang='lat' dir='ltr'><strong>noluit</strong></span> 
     </span>
    </p>

    <p class='ocr_par' dir='ltr' id='par_1_12' title="bbox 71 3013 1608 3352">
     <span class='ocr_line' id='line_1_33' title="bbox 71 3013 1560 3087; baseline 0.004 -17"><span class='ocrx_word' id='word_1_392' title='bbox 71 3023 108 3070; x_wconf 84' lang='grc'><strong>7</strong></span> <span class='ocrx_word' id='word_1_393' title='bbox 124 3033 152 3074; x_wconf 86' lang='lat' dir='ltr'><strong>se</strong></span> <span class='ocrx_word' id='word_1_394' title='bbox 170 3018 267 3073; x_wconf 86' lang='lat' dir='ltr'><strong>ulcisci</strong></span> <span class='ocrx_word' id='word_1_395' title='bbox 284 3019 460 3087; x_wconf 85' lang='lat' dir='ltr'><strong>prouocatus.</strong></span> <span class='ocrx_word' id='word_1_396' title='bbox 497 3013 526 3068; x_wconf 85' lang='lat' dir='ltr'><strong>Si</strong></span> <span class='ocrx_word' id='word_1_397' title='bbox 544 3015 630 3082; x_wconf 88' lang='lat' dir='ltr'><strong>patris</strong></span> <span class='ocrx_word' id='word_1_398' title='bbox 647 3019 763 3070; x_wconf 91' lang='lat' dir='ltr'><strong>mortem</strong></span> <span class='ocrx_word' id='word_1_399' title='bbox 781 3013 929 3070; x_wconf 81' lang='lat' dir='ltr'><strong>defendere</strong></span> <span class='ocrx_word' id='word_1_400' title='bbox 948 3029 1060 3070; x_wconf 86' lang='lat' dir='ltr'><strong>necesse</strong></span> <span class='ocrx_word' id='word_1_401' title='bbox 1078 3015 1216 3085; x_wconf 88' lang='lat' dir='ltr'><strong>hahuerit,</strong></span> <span class='ocrx_word' id='word_1_402' title='bbox 1241 3033 1277 3071; x_wconf 90' lang='lat' dir='ltr'><strong>an</strong></span> <span class='ocrx_word' id='word_1_403' title='bbox 1299 3017 1444 3074; x_wconf 80' lang='lat' dir='ltr'><strong>dicendum</strong></span> <span class='ocrx_word' id='word_1_404' title='bbox 1461 3021 1499 3076; x_wconf 90' lang='lat' dir='ltr'><strong>sit</strong></span> <span class='ocrx_word' id='word_1_405' title='bbox 1515 3020 1560 3076; x_wconf 92' lang='lat' dir='ltr'><strong>hic</strong></span> 
     </span>
     <span class='ocr_line' id='line_1_34' title="bbox 124 3102 1560 3178; baseline 0.002 -16"><span class='ocrx_word' id='word_1_406' title='bbox 124 3121 232 3176; x_wconf 86' lang='lat' dir='ltr'><strong>qnoque</strong></span> <span class='ocrx_word' id='word_1_407' title='bbox 251 3106 277 3160; x_wconf 90' lang='lat' dir='ltr'><strong>ei</strong></span> <span class='ocrx_word' id='word_1_408' title='bbox 295 3102 518 3172; x_wconf 87' lang='lat' dir='ltr'><strong>succurrendum,</strong></span> <span class='ocrx_word' id='word_1_409' title='bbox 537 3103 561 3157; x_wconf 90' lang='lat' dir='ltr'><strong>si</strong></span> <span class='ocrx_word' id='word_1_410' title='bbox 579 3103 706 3159; x_wconf 89' lang='lat' dir='ltr'><strong>libertum</strong></span> <span class='ocrx_word' id='word_1_411' title='bbox 723 3108 866 3174; x_wconf 89' lang='lat' dir='ltr'><strong>paternum</strong></span> <span class='ocrx_word' id='word_1_412' title='bbox 884 3109 997 3173; x_wconf 83' lang='lat' dir='ltr'><strong>propter</strong></span> <span class='ocrx_word' id='word_1_413' title='bbox 1009 3103 1061 3160; x_wconf 91' lang='lat' dir='ltr'><strong>hoc</strong></span> <span class='ocrx_word' id='word_1_414' title='bbox 1073 3106 1223 3174; x_wconf 84' lang='lat' dir='ltr'><strong>accusauit,</strong></span> <span class='ocrx_word' id='word_1_415' title='bbox 1241 3106 1377 3161; x_wconf 90' lang='lat' dir='ltr'><strong>modicum</strong></span> <span class='ocrx_word' id='word_1_416' title='bbox 1390 3105 1461 3163; x_wconf 85' lang='lat' dir='ltr'><strong>sorte</strong></span> <span class='ocrx_word' id='word_1_417' title='bbox 1472 3110 1560 3178; x_wconf 89' lang='lat' dir='ltr'><strong>patris</strong></span> 
     </span>
     <span class='ocr_line' id='line_1_35' title="bbox 124 3191 1560 3266; baseline 0.003 -17"><span class='ocrx_word' id='word_1_418' title='bbox 124 3201 171 3250; x_wconf 89' lang='lat' dir='ltr'><strong>ant</strong></span> <span class='ocrx_word' id='word_1_419' title='bbox 192 3193 392 3250; x_wconf 72' lang='lat' dir='ltr'><strong>cubiculsrium</strong></span> <span class='ocrx_word' id='word_1_420' title='bbox 414 3199 464 3248; x_wconf 87' lang='lat' dir='ltr'><strong>aot</strong></span> <span class='ocrx_word' id='word_1_421' title='bbox 486 3207 569 3262; x_wconf 86' lang='lat' dir='ltr'><strong>quem</strong></span> <span class='ocrx_word' id='word_1_422' title='bbox 594 3193 690 3261; x_wconf 85' lang='lat' dir='ltr'><strong>alium,</strong></span> <span class='ocrx_word' id='word_1_423' title='bbox 714 3192 761 3262; x_wconf 85' lang='lat' dir='ltr'><strong>qui</strong></span> <span class='ocrx_word' id='word_1_424' title='bbox 785 3191 859 3246; x_wconf 87' lang='lat' dir='ltr'><strong>circa</strong></span> <span class='ocrx_word' id='word_1_425' title='bbox 880 3197 987 3261; x_wconf 86' lang='lat' dir='ltr'><strong>patrem</strong></span> <span class='ocrx_word' id='word_1_426' title='bbox 1008 3191 1119 3248; x_wconf 86' lang='lat' dir='ltr'><strong>lucrat?</strong></span> <span class='ocrx_word' id='word_1_427' title='bbox 1146 3199 1175 3248; x_wconf 87' lang='lat' dir='ltr'><strong>et</strong></span> <span class='ocrx_word' id='word_1_428' title='bbox 1196 3197 1264 3264; x_wconf 88' lang='lat' dir='ltr'><strong>puto</strong></span> <span class='ocrx_word' id='word_1_429' title='bbox 1287 3195 1514 3266; x_wconf 87' lang='lat' dir='ltr'><strong>succurrendum,</strong></span> <span class='ocrx_word' id='word_1_430' title='bbox 1536 3199 1560 3253; x_wconf 90' lang='lat' dir='ltr'><strong>si</strong></span> 
     </span>
     <span class='ocr_line' id='line_1_36' title="bbox 125 3280 1608 3352; baseline -0.002 -14"><span class='ocrx_word' id='word_1_431' title='bbox 125 3283 268 3338; x_wconf 75' lang='lat' dir='ltr'><strong>affectione</strong></span> <span class='ocrx_word' id='word_1_432' title='bbox 292 3287 321 3336; x_wconf 89' lang='lat' dir='ltr'><strong>et</strong></span> <span class='ocrx_word' id='word_1_433' title='bbox 343 3282 465 3352; x_wconf 88' lang='lat' dir='ltr'><strong>periculo</strong></span> <span class='ocrx_word' id='word_1_434' title='bbox 487 3287 618 3352; x_wconf 85' lang='lat' dir='ltr'><strong>pateruae</strong></span> <span class='ocrx_word' id='word_1_435' title='bbox 642 3281 812 3336; x_wconf 88' lang='lat' dir='ltr'><strong>substantiae</strong></span> <span class='ocrx_word' id='word_1_436' title='bbox 836 3280 955 3336; x_wconf 88' lang='lat' dir='ltr'><strong>ducente</strong></span> <span class='ocrx_word' id='word_1_437' title='bbox 978 3293 1092 3336; x_wconf 84' lang='lat' dir='ltr'><strong>neccsse</strong></span> <span class='ocrx_word' id='word_1_438' title='bbox 1115 3281 1211 3338; x_wconf 87' lang='lat' dir='ltr'><strong>habuit</strong></span> <span class='ocrx_word' id='word_1_439' title='bbox 1232 3285 1434 3340; x_wconf 84' lang='lat' dir='ltr'><strong>accusationem</strong></span> <span class='ocrx_word' id='word_1_440' title='bbox 1453 3287 1497 3342; x_wconf 87' lang='lat' dir='ltr'><strong>uel</strong></span> <span class='ocrx_word' id='word_1_441' title='bbox 1515 3301 1559 3342; x_wconf 84' lang='lat' dir='ltr'><strong>ca·</strong></span> <span class='ocrx_word' id='word_1_442' title='bbox 1579 3295 1608 3336; x_wconf 85' lang='grc' dir='ltr'><strong>ιι</strong></span> 
     </span>
    </p>

    <p class='ocr_par' dir='ltr' id='par_1_13' title="bbox 64 3369 1560 3712">
     <span class='ocr_line' id='line_1_37' title="bbox 64 3369 1559 3440; baseline 0.006 -18"><span class='ocrx_word' id='word_1_443' title='bbox 64 3375 108 3422; x_wconf 83' lang='grc'><strong>8</strong></span> <span class='ocrx_word' id='word_1_444' title='bbox 125 3372 285 3428; x_wconf 83' lang='lat' dir='ltr'><strong>lumniosam</strong></span> <span class='ocrx_word' id='word_1_445' title='bbox 308 3371 459 3425; x_wconf 88' lang='lat' dir='ltr'><strong>instituere.</strong></span> <span class='ocrx_word' id='word_1_446' title='bbox 502 3371 658 3425; x_wconf 86' lang='lat' dir='ltr'><strong>Aoousosse</strong></span> <span class='ocrx_word' id='word_1_447' title='bbox 684 3375 775 3424; x_wconf 86' lang='lat' dir='ltr'><strong>cutem</strong></span> <span class='ocrx_word' id='word_1_448' title='bbox 802 3383 863 3424; x_wconf 88' lang='lat' dir='ltr'><strong>cum</strong></span> <span class='ocrx_word' id='word_1_449' title='bbox 891 3369 1021 3440; x_wconf 81' lang='lat' dir='ltr'><strong>dicimus,</strong></span> <span class='ocrx_word' id='word_1_450' title='bbox 1049 3372 1097 3440; x_wconf 87' lang='lat' dir='ltr'><strong>qui</strong></span> <span class='ocrx_word' id='word_1_451' title='bbox 1123 3372 1238 3426; x_wconf 86' lang='lat' dir='ltr'><strong>crimina</strong></span> <span class='ocrx_word' id='word_1_452' title='bbox 1264 3372 1366 3428; x_wconf 89' lang='lat' dir='ltr'><strong>obiecit</strong></span> <span class='ocrx_word' id='word_1_453' title='bbox 1392 3379 1421 3428; x_wconf 93' lang='lat' dir='ltr'><strong>et</strong></span> <span class='ocrx_word' id='word_1_454' title='bbox 1447 3389 1559 3431; x_wconf 84' lang='lat' dir='ltr'><strong>causam</strong></span> 
     </span>
     <span class='ocr_line' id='line_1_38' title="bbox 124 3459 1560 3531; baseline 0.003 -15"><span class='ocrx_word' id='word_1_455' title='bbox 124 3461 243 3531; x_wconf 83' lang='lat' dir='ltr'><strong>perorari</strong></span> <span class='ocrx_word' id='word_1_456' title='bbox 261 3475 349 3528; x_wconf 79' lang='lat' dir='ltr'><strong>usque</strong></span> <span class='ocrx_word' id='word_1_457' title='bbox 368 3459 404 3514; x_wconf 86' lang='lat' dir='ltr'><strong>cd</strong></span> <span class='ocrx_word' id='word_1_458' title='bbox 422 3459 586 3514; x_wconf 85' lang='lat' dir='ltr'><strong>sententiam</strong></span> <span class='ocrx_word' id='word_1_459' title='bbox 604 3459 708 3514; x_wconf 81' lang='lat' dir='ltr'><strong>effecit:</strong></span> <span class='ocrx_word' id='word_1_460' title='bbox 732 3465 853 3514; x_wconf 81' lang='lat' dir='ltr'><strong>aeteruum</strong></span> <span class='ocrx_word' id='word_1_461' title='bbox 872 3459 896 3513; x_wconf 88' lang='lat' dir='ltr'><strong>si</strong></span> <span class='ocrx_word' id='word_1_462' title='bbox 914 3463 978 3514; x_wconf 83' lang='lat' dir='ltr'><strong>ante</strong></span> <span class='ocrx_word' id='word_1_463' title='bbox 996 3459 1115 3529; x_wconf 86' lang='lat' dir='ltr'><strong>quieuit,</strong></span> <span class='ocrx_word' id='word_1_464' title='bbox 1134 3475 1189 3516; x_wconf 91' lang='lat' dir='ltr'><strong>nou</strong></span> <span class='ocrx_word' id='word_1_465' title='bbox 1207 3463 1362 3518; x_wconf 82' lang='lat' dir='ltr'><strong>accusauit:</strong></span> <span class='ocrx_word' id='word_1_466' title='bbox 1386 3467 1415 3518; x_wconf 90' lang='lat' dir='ltr'><strong>et</strong></span> <span class='ocrx_word' id='word_1_467' title='bbox 1432 3463 1484 3520; x_wconf 90' lang='lat' dir='ltr'><strong>hoe</strong></span> <span class='ocrx_word' id='word_1_468' title='bbox 1501 3465 1560 3522; x_wconf 89' lang='lat' dir='ltr'><strong>iure</strong></span> 
     </span>
     <span class='ocr_line' id='line_1_39' title="bbox 126 3547 1559 3620; baseline 0.003 -16"><span class='ocrx_word' id='word_1_469' title='bbox 126 3551 232 3606; x_wconf 84' lang='lat' dir='ltr'><strong>utimur.</strong></span> <span class='ocrx_word' id='word_1_470' title='bbox 260 3549 311 3604; x_wconf 86' lang='lat' dir='ltr'><strong>sed</strong></span> <span class='ocrx_word' id='word_1_471' title='bbox 329 3549 353 3602; x_wconf 90' lang='lat' dir='ltr'><strong>si</strong></span> <span class='ocrx_word' id='word_1_472' title='bbox 371 3548 553 3618; x_wconf 90' lang='lat' dir='ltr'><strong>appellatione</strong></span> <span class='ocrx_word' id='word_1_473' title='bbox 571 3547 733 3617; x_wconf 89' lang='lat' dir='ltr'><strong>interposita</strong></span> <span class='ocrx_word' id='word_1_474' title='bbox 750 3547 840 3617; x_wconf 89' lang='lat' dir='ltr'><strong>desiit,</strong></span> <span class='ocrx_word' id='word_1_475' title='bbox 859 3547 977 3616; x_wconf 78' lang='lat' dir='ltr'><strong>benigne</strong></span> <span class='ocrx_word' id='word_1_476' title='bbox 995 3547 1102 3604; x_wconf 91' lang='lat' dir='ltr'><strong>dicetur</strong></span> <span class='ocrx_word' id='word_1_477' title='bbox 1119 3565 1174 3604; x_wconf 93' lang='lat' dir='ltr'><strong>non</strong></span> <span class='ocrx_word' id='word_1_478' title='bbox 1190 3551 1335 3620; x_wconf 81' lang='lat' dir='ltr'><strong>pertnIIsse</strong></span> <span class='ocrx_word' id='word_1_479' title='bbox 1347 3552 1559 3609; x_wconf 84' lang='lat' dir='ltr'><strong>accusationem.</strong></span> 
     </span>
     <span class='ocr_line' id='line_1_40' title="bbox 127 3635 1559 3712; baseline 0.003 -18"><span class='ocrx_word' id='word_1_480' title='bbox 127 3639 148 3694; x_wconf 85' lang='lat' dir='ltr'><strong>ri</strong></span> <span class='ocrx_word' id='word_1_481' title='bbox 163 3639 248 3708; x_wconf 76' lang='lat' dir='ltr'><strong>igitur</strong></span> <span class='ocrx_word' id='word_1_482' title='bbox 265 3637 403 3708; x_wconf 86' lang='lat' dir='ltr'><strong>pendente</strong></span> <span class='ocrx_word' id='word_1_483' title='bbox 421 3638 604 3707; x_wconf 82' lang='lat' dir='ltr'><strong>appellatione</strong></span> <span class='ocrx_word' id='word_1_484' title='bbox 622 3636 743 3692; x_wconf 87' lang='lat' dir='ltr'><strong>decessit</strong></span> <span class='ocrx_word' id='word_1_485' title='bbox 759 3635 881 3706; x_wconf 88' lang='lat' dir='ltr'><strong>libertus,</strong></span> <span class='ocrx_word' id='word_1_486' title='bbox 899 3637 1009 3706; x_wconf 86' lang='lat' dir='ltr'><strong>patroni</strong></span> <span class='ocrx_word' id='word_1_487' title='bbox 1025 3635 1097 3692; x_wconf 85' lang='lat' dir='ltr'><strong>lilius</strong></span> <span class='ocrx_word' id='word_1_488' title='bbox 1116 3637 1276 3694; x_wconf 86' lang='lat' dir='ltr'><strong>admittetur</strong></span> <span class='ocrx_word' id='word_1_489' title='bbox 1294 3639 1330 3694; x_wconf 86' lang='lat' dir='ltr'><strong>ad</strong></span> <span class='ocrx_word' id='word_1_490' title='bbox 1346 3639 1479 3696; x_wconf 89' lang='lat' dir='ltr'><strong>bonorum</strong></span> <span class='ocrx_word' id='word_1_491' title='bbox 1497 3657 1559 3712; x_wconf 84' lang='lat' dir='ltr'><strong>pos·</strong></span> 
     </span>
    </p>

    <p class='ocr_par' dir='ltr' id='par_1_14' title="bbox 60 3723 1607 3796">
     <span class='ocr_line' id='line_1_41' title="bbox 60 3723 1607 3796; baseline -0.002 -14"><span class='ocrx_word' id='word_1_492' title='bbox 60 3727 104 3772; x_wconf 69' lang='lat'>9</span> <span class='ocrx_word' id='word_1_493' title='bbox 127 3729 288 3796; x_wconf 63' lang='lat' dir='ltr'><strong>racionem,</strong></span> <span class='ocrx_word' id='word_1_494' title='bbox 311 3727 377 3794; x_wconf 81' lang='lat' dir='ltr'><strong>quin</strong></span> <span class='ocrx_word' id='word_1_495' title='bbox 399 3726 550 3781; x_wconf 84' lang='lat' dir='ltr'><strong>sentcntiae</strong></span> <span class='ocrx_word' id='word_1_496' title='bbox 571 3723 685 3780; x_wconf 89' lang='lat' dir='ltr'><strong>libertus</strong></span> <span class='ocrx_word' id='word_1_497' title='bbox 707 3729 795 3780; x_wconf 89' lang='lat' dir='ltr'><strong>morte</strong></span> <span class='ocrx_word' id='word_1_498' title='bbox 818 3725 976 3780; x_wconf 89' lang='lat' dir='ltr'><strong>subtractus</strong></span> <span class='ocrx_word' id='word_1_499' title='bbox 999 3729 1051 3780; x_wconf 87' lang='lat' dir='ltr'><strong>est.</strong></span> <span class='ocrx_word' id='word_1_500' title='bbox 1088 3724 1119 3780; x_wconf 85' lang='lat' dir='ltr'><strong>Si</strong></span> <span class='ocrx_word' id='word_1_501' title='bbox 1135 3727 1242 3795; x_wconf 88' lang='lat' dir='ltr'><strong>patroni</strong></span> <span class='ocrx_word' id='word_1_502' title='bbox 1261 3725 1333 3782; x_wconf 86' lang='lat' dir='ltr'><strong>lilius</strong></span> <span class='ocrx_word' id='word_1_503' title='bbox 1350 3729 1560 3786; x_wconf 86' lang='lat' dir='ltr'><strong>aduocationem</strong></span> <span class='ocrx_word' id='word_1_504' title='bbox 1578 3740 1607 3780; x_wconf 88' lang='grc' dir='ltr'><strong>ιι</strong></span> 
     </span>
    </p>

    <p class='ocr_par' dir='ltr' id='par_1_15' title="bbox 63 3814 1561 3976">
     <span class='ocr_line' id='line_1_42' title="bbox 63 3814 1561 3889; baseline 0.003 -18"><span class='ocrx_word' id='word_1_505' title='bbox 63 3814 105 3860; x_wconf 83' lang='lat'><strong>0</strong></span> <span class='ocrx_word' id='word_1_506' title='bbox 128 3817 278 3872; x_wconf 83' lang='lat' dir='ltr'><strong>accusatori</strong></span> <span class='ocrx_word' id='word_1_507' title='bbox 295 3815 385 3870; x_wconf 88' lang='lat' dir='ltr'><strong>hherti</strong></span> <span class='ocrx_word' id='word_1_508' title='bbox 402 3815 547 3885; x_wconf 74' lang='lat' dir='ltr'><strong>praestitit,</strong></span> <span class='ocrx_word' id='word_1_509' title='bbox 565 3829 620 3869; x_wconf 93' lang='lat' dir='ltr'><strong>non</strong></span> <span class='ocrx_word' id='word_1_510' title='bbox 639 3819 683 3870; x_wconf 87' lang='lat' dir='ltr'><strong>ost</strong></span> <span class='ocrx_word' id='word_1_511' title='bbox 700 3815 885 3884; x_wconf 89' lang='lat' dir='ltr'><strong>repellendus:</strong></span> <span class='ocrx_word' id='word_1_512' title='bbox 907 3829 997 3883; x_wconf 86' lang='lat' dir='ltr'><strong>neque</strong></span> <span class='ocrx_word' id='word_1_513' title='bbox 1015 3814 1086 3870; x_wconf 90' lang='lat' dir='ltr'><strong>enim</strong></span> <span class='ocrx_word' id='word_1_514' title='bbox 1105 3814 1258 3870; x_wconf 83' lang='lat' dir='ltr'><strong>aduocatos</strong></span> <span class='ocrx_word' id='word_1_515' title='bbox 1276 3823 1399 3872; x_wconf 79' lang='lat' dir='ltr'><strong>accusat</strong></span> <span class='ocrx_word' id='word_1_516' title='bbox 1435 3817 1464 3874; x_wconf 87' lang='lat' dir='ltr'><strong>Si</strong></span> <span class='ocrx_word' id='word_1_517' title='bbox 1481 3825 1561 3889; x_wconf 89' lang='lat' dir='ltr'><strong>pater</strong></span> 
     </span>
     <span class='ocr_line' id='line_1_43' title="bbox 128 3902 1560 3976; baseline 0.003 -16"><span class='ocrx_word' id='word_1_518' title='bbox 128 3909 289 3961; x_wconf 82' lang='lat' dir='ltr'><strong>testamento</strong></span> <span class='ocrx_word' id='word_1_519' title='bbox 307 3905 420 3973; x_wconf 87' lang='lat' dir='ltr'><strong>canerit,</strong></span> <span class='ocrx_word' id='word_1_520' title='bbox 439 3909 470 3958; x_wconf 86' lang='lat' dir='ltr'><strong>ut</strong></span> <span class='ocrx_word' id='word_1_521' title='bbox 488 3909 664 3958; x_wconf 74' lang='lat' dir='ltr'><strong>accusaretur</strong></span> <span class='ocrx_word' id='word_1_522' title='bbox 681 3903 804 3972; x_wconf 87' lang='lat' dir='ltr'><strong>libertus,</strong></span> <span class='ocrx_word' id='word_1_523' title='bbox 822 3904 902 3972; x_wconf 84' lang='lat' dir='ltr'><strong>quasi</strong></span> <span class='ocrx_word' id='word_1_524' title='bbox 920 3918 1057 3958; x_wconf 90' lang='lat' dir='ltr'><strong>uenenum</strong></span> <span class='ocrx_word' id='word_1_525' title='bbox 1076 3902 1129 3958; x_wconf 91' lang='lat' dir='ltr'><strong>sibi</strong></span> <span class='ocrx_word' id='word_1_526' title='bbox 1145 3909 1273 3973; x_wconf 84' lang='lat' dir='ltr'><strong>parasset</strong></span> <span class='ocrx_word' id='word_1_527' title='bbox 1289 3910 1339 3960; x_wconf 87' lang='lat' dir='ltr'><strong>aut</strong></span> <span class='ocrx_word' id='word_1_528' title='bbox 1355 3906 1421 3976; x_wconf 83' lang='lat' dir='ltr'><strong>qnid</strong></span> <span class='ocrx_word' id='word_1_529' title='bbox 1439 3908 1514 3964; x_wconf 88' lang='lat' dir='ltr'><strong>aliud</strong></span> <span class='ocrx_word' id='word_1_530' title='bbox 1531 3911 1560 3964; x_wconf 93' lang='lat' dir='ltr'><strong>in</strong></span> 
     </span>
    </p>

    <p class='ocr_par' dir='ltr' id='par_1_16' title="bbox 75 3991 1608 4242">
     <span class='ocr_line' id='line_1_44' title="bbox 75 3991 1560 4063; baseline 0.003 -15"><span class='ocrx_word' id='word_1_531' title='bbox 75 3991 97 4036; x_wconf 89' lang='lat'>1</span> <span class='ocrx_word' id='word_1_532' title='bbox 127 4009 153 4048; x_wconf 85' lang='lat' dir='ltr'><strong>sc</strong></span> <span class='ocrx_word' id='word_1_533' title='bbox 170 3993 342 4050; x_wconf 85' lang='lat' dir='ltr'><strong>admisisset:</strong></span> <span class='ocrx_word' id='word_1_534' title='bbox 368 3992 456 4060; x_wconf 80' lang='lat' dir='ltr'><strong>magle</strong></span> <span class='ocrx_word' id='word_1_535' title='bbox 477 3997 534 4060; x_wconf 87' lang='lat' dir='ltr'><strong>est,</strong></span> <span class='ocrx_word' id='word_1_536' title='bbox 556 3997 587 4046; x_wconf 89' lang='lat' dir='ltr'><strong>ut</strong></span> <span class='ocrx_word' id='word_1_537' title='bbox 607 3991 713 4061; x_wconf 82' lang='lat' dir='ltr'><strong>ignosci</strong></span> <span class='ocrx_word' id='word_1_538' title='bbox 733 3991 826 4046; x_wconf 88' lang='lat' dir='ltr'><strong>liberis</strong></span> <span class='ocrx_word' id='word_1_539' title='bbox 847 3991 974 4061; x_wconf 91' lang='lat' dir='ltr'><strong>dchcrct,</strong></span> <span class='ocrx_word' id='word_1_540' title='bbox 996 3992 1043 4061; x_wconf 87' lang='lat' dir='ltr'><strong>qui</strong></span> <span class='ocrx_word' id='word_1_541' title='bbox 1064 4007 1119 4048; x_wconf 92' lang='lat' dir='ltr'><strong>non</strong></span> <span class='ocrx_word' id='word_1_542' title='bbox 1140 3997 1238 4063; x_wconf 87' lang='lat' dir='ltr'><strong>sponte</strong></span> <span class='ocrx_word' id='word_1_543' title='bbox 1260 4000 1468 4050; x_wconf 72' lang='lat' dir='ltr'><strong>occupauerunt.</strong></span> <span class='ocrx_word' id='word_1_544' title='bbox 1504 3995 1560 4052; x_wconf 87' lang='lat' dir='ltr'><strong>Sed</strong></span> 
     </span>
     <span class='ocr_line' id='line_1_45' title="bbox 126 4079 1560 4166; baseline 0.003 -30"><span class='ocrx_word' id='word_1_545' title='bbox 126 4087 151 4136; x_wconf 84' lang='lat' dir='ltr'><strong>et</strong></span> <span class='ocrx_word' id='word_1_546' title='bbox 172 4084 196 4138; x_wconf 85' lang='lat' dir='ltr'><strong>ei</strong></span> <span class='ocrx_word' id='word_1_547' title='bbox 221 4083 397 4137; x_wconf 72' lang='lat' dir='ltr'><strong>wousnuerit</strong></span> <span class='ocrx_word' id='word_1_548' title='bbox 420 4081 547 4136; x_wconf 91' lang='lat' dir='ltr'><strong>libertum</strong></span> <span class='ocrx_word' id='word_1_549' title='bbox 571 4087 600 4135; x_wconf 90' lang='lat' dir='ltr'><strong>et</strong></span> <span class='ocrx_word' id='word_1_550' title='bbox 621 4079 780 4150; x_wconf 87' lang='lat' dir='ltr'><strong>probauerit</strong></span> <span class='ocrx_word' id='word_1_551' title='bbox 801 4081 904 4136; x_wconf 87' lang='lat' dir='ltr'><strong>orImen</strong></span> <span class='ocrx_word' id='word_1_552' title='bbox 930 4082 1039 4151; x_wconf 85' lang='lat' dir='ltr'><strong>patroni</strong></span> <span class='ocrx_word' id='word_1_553' title='bbox 1066 4079 1138 4136; x_wconf 88' lang='lat' dir='ltr'><strong>lilius</strong></span> <span class='ocrx_word' id='word_1_554' title='bbox 1161 4087 1312 4151; x_wconf 88' lang='lat' dir='ltr'><strong>posteaque</strong></span> <span class='ocrx_word' id='word_1_555' title='bbox 1334 4082 1379 4138; x_wconf 91' lang='lat' dir='ltr'><strong>hic</strong></span> <span class='ocrx_word' id='word_1_556' title='bbox 1404 4079 1560 4166; x_wconf 55' lang='lat' dir='ltr'><strong>[Bss‘esffl</strong></span> 
     </span>
     <span class='ocr_line' id='line_1_46' title="bbox 125 4161 1608 4242; baseline -0.001 -16"><span class='ocrx_word' id='word_1_557' title='bbox 125 4171 235 4228; x_wconf 82' lang='lat' dir='ltr'><strong>libertus</strong></span> <span class='ocrx_word' id='word_1_558' title='bbox 254 4172 292 4226; x_wconf 89' lang='lat' dir='ltr'><strong>sit</strong></span> <span class='ocrx_word' id='word_1_559' title='bbox 309 4171 461 4239; x_wconf 86' lang='lat' dir='ltr'><strong>restitutos,</strong></span> <span class='ocrx_word' id='word_1_560' title='bbox 479 4184 534 4225; x_wconf 93' lang='lat' dir='ltr'><strong>nou</strong></span> <span class='ocrx_word' id='word_1_561' title='bbox 552 4170 605 4225; x_wconf 88' lang='lat' dir='ltr'><strong>crit</strong></span> <span class='ocrx_word' id='word_1_562' title='bbox 622 4169 810 4239; x_wconf 87' lang='lat' dir='ltr'><strong>repellendus:</strong></span> <span class='ocrx_word' id='word_1_563' title='bbox 829 4169 933 4224; x_wconf 85' lang='lat' dir='ltr'><strong>crimen</strong></span> <span class='ocrx_word' id='word_1_564' title='bbox 950 4171 1022 4225; x_wconf 91' lang='lat' dir='ltr'><strong>enim</strong></span> <span class='ocrx_word' id='word_1_565' title='bbox 1040 4171 1115 4241; x_wconf 89' lang='lat' dir='ltr'><strong>quod</strong></span> <span class='ocrx_word' id='word_1_566' title='bbox 1133 4171 1250 4226; x_wconf 90' lang='lat' dir='ltr'><strong>intendlt</strong></span> <span class='ocrx_word' id='word_1_567' title='bbox 1267 4171 1350 4226; x_wconf 86' lang='lat' dir='ltr'><strong>ctiam</strong></span> <span class='ocrx_word' id='word_1_568' title='bbox 1368 4161 1560 4242; x_wconf 49' lang='lat' dir='ltr'><strong>perfecit?—</strong></span> <span class='ocrx_word' id='word_1_569' title='bbox 1579 4183 1608 4225; x_wconf 84' lang='grc' dir='ltr'><strong>ιι</strong></span> 
     </span>
    </p>
   </div>
   <div class='ocr_carea' id='block_1_3' title="bbox 124 4275 1418 4509">
    <p class='ocr_par' dir='ltr' id='par_1_17' title="bbox 124 4275 1418 4509">
     <span class='ocr_line' id='line_1_47' title="bbox 124 4275 327 4348; baseline -0.015 -16"><span class='ocrx_word' id='word_1_570' title='bbox 124 4275 327 4348; x_wconf 64' lang='grc' dir='ltr'><strong><em>ΝΠΕΩῙΟΚ)</em></strong></span> 
     </span>
     <span class='ocr_line' id='line_1_48' title="bbox 124 4435 1418 4509; baseline 0.002 -17"><span class='ocrx_word' id='word_1_571' title='bbox 124 4437 217 4492; x_wconf 85' lang='lat' dir='ltr'><strong>¹idem</strong></span> <span class='ocrx_word' id='word_1_572' title='bbox 238 4435 351 4490; x_wconf 81' lang='lat' dir='ltr'><strong>Graeci:</strong></span> <span class='ocrx_word' id='word_1_573' title='bbox 369 4439 512 4506; x_wconf 79' lang='lat' dir='ltr'><strong>paternum</strong></span> <span class='ocrx_word' id='word_1_574' title='bbox 532 4443 580 4490; x_wconf 82' lang='lat' dir='ltr'><strong>ins.</strong></span> <span class='ocrx_word' id='word_1_575' title='bbox 652 4435 710 4492; x_wconf 67' lang='lat' dir='ltr'><strong>&#39;ei</strong></span> <span class='ocrx_word' id='word_1_576' title='bbox 729 4445 775 4492; x_wconf 81' lang='lat' dir='ltr'><strong>ias.</strong></span> <span class='ocrx_word' id='word_1_577' title='bbox 848 4437 907 4492; x_wconf 72' lang='lat' dir='ltr'><strong>⁸et</strong></span> <span class='ocrx_word' id='word_1_578' title='bbox 925 4445 971 4492; x_wconf 85' lang='lat' dir='ltr'><strong>ins.</strong></span> <span class='ocrx_word' id='word_1_579' title='bbox 991 4436 1026 4506; x_wconf 85' lang='lat' dir='ltr'><strong>(ei</strong></span> <span class='ocrx_word' id='word_1_580' title='bbox 1043 4435 1074 4490; x_wconf 83' lang='lat' dir='ltr'><strong>h&#39;e</strong></span> <span class='ocrx_word' id='word_1_581' title='bbox 1093 4437 1132 4490; x_wconf 79' lang='grc' dir='ltr'><strong>κιὶ</strong></span> <span class='ocrx_word' id='word_1_582' title='bbox 1153 4437 1190 4507; x_wconf 91' lang='grc' dir='ltr'><strong>Β)</strong></span> <span class='ocrx_word' id='word_1_583' title='bbox 1262 4439 1418 4509; x_wconf 79' lang='lat' dir='ltr'><strong>⁴perogit&#39;?</strong></span> 
     </span>
    </p>
   </div>
   <div class='ocr_carea' id='block_1_4' title="bbox 119 4592 1560 4950">
    <p class='ocr_par' dir='ltr' id='par_1_18' title="bbox 119 4592 1560 4876">
     <span class='ocr_line' id='line_1_49' title="bbox 120 4592 1560 4667; baseline 0.003 -17"><span class='ocrx_word' id='word_1_584' title='bbox 120 4593 387 4652; x_wconf 63' lang='lat' dir='ltr'><strong>herheredatoffl</strong></span> <span class='ocrx_word' id='word_1_585' title='bbox 430 4592 642 4648; x_wconf 50' lang='lat' dir='ltr'><strong>createrem</strong></span> <span class='ocrx_word' id='word_1_586' title='bbox 688 4597 814 4666; x_wconf 77' lang='lat' dir='ltr'><strong>Spater·</strong></span> <span class='ocrx_word' id='word_1_587' title='bbox 868 4597 965 4651; x_wconf 80' lang='grc' dir='ltr'><strong>ιιείιωιι</strong></span> <span class='ocrx_word' id='word_1_588' title='bbox 985 4595 1560 4667; x_wconf 58' lang='lat' dir='ltr'><strong>reudueuociucuctbcsrosimiuEfficere.)</strong></span> 
     </span>
     <span class='ocr_line' id='line_1_50' title="bbox 120 4663 1559 4736; baseline 0.001 -14"><span class='ocrx_word' id='word_1_589' title='bbox 120 4683 217 4722; x_wconf 87' lang='lat' dir='ltr'><strong>norum</strong></span> <span class='ocrx_word' id='word_1_590' title='bbox 242 4665 401 4722; x_wconf 89' lang='lat' dir='ltr'><strong>libertorum</strong></span> <span class='ocrx_word' id='word_1_591' title='bbox 419 4663 611 4734; x_wconf 86' lang='lat' dir='ltr'><strong>&#39;paternorum&#39;</strong></span> <span class='ocrx_word' id='word_1_592' title='bbox 629 4667 752 4736; x_wconf 85' lang='lat' dir='ltr'><strong>accipere</strong></span> <span class='ocrx_word' id='word_1_593' title='bbox 777 4669 815 4720; x_wconf 55' lang='lat' dir='ltr'><strong>Fi</strong></span> <span class='ocrx_word' id='word_1_594' title='bbox 867 4669 901 4722; x_wconf 78' lang='grc'><strong>27</strong></span> <span class='ocrx_word' id='word_1_595' title='bbox 925 4667 1042 4722; x_wconf 85' lang='lat' dir='ltr'><strong>dehe&#39;a’t</strong></span> <span class='ocrx_word' id='word_1_596' title='bbox 1064 4669 1101 4720; x_wconf 62' lang='grc' dir='ltr'><strong>Ε*</strong></span> <span class='ocrx_word' id='word_1_597' title='bbox 1159 4669 1194 4723; x_wconf 82' lang='grc'><strong>32</strong></span> <span class='ocrx_word' id='word_1_598' title='bbox 1210 4668 1351 4724; x_wconf 73' lang='grc' dir='ltr'><strong>ιιίιιιιιᾱιιι</strong></span> <span class='ocrx_word' id='word_1_599' title='bbox 1374 4671 1400 4723; x_wconf 83' lang='lat' dir='ltr'><strong><em>F</em></strong></span> <span class='ocrx_word' id='word_1_600' title='bbox 1452 4671 1487 4724; x_wconf 82' lang='lat'><strong>35</strong></span> <span class='ocrx_word' id='word_1_601' title='bbox 1510 4670 1559 4725; x_wconf 92' lang='lat' dir='ltr'><strong>du-</strong></span> 
     </span>
     <span class='ocr_line' id='line_1_51' title="bbox 121 4735 1557 4811; baseline 0.002 -17"><span class='ocrx_word' id='word_1_602' title='bbox 121 4741 153 4794; x_wconf 82' lang='lat'><strong>14</strong></span> <span class='ocrx_word' id='word_1_603' title='bbox 172 4735 272 4794; x_wconf 85' lang='lat' dir='ltr'><strong>natu&#39;s&#39;</strong></span> <span class='ocrx_word' id='word_1_604' title='bbox 285 4737 322 4790; x_wconf 60' lang='grc' dir='ltr'><strong>Γ)</strong></span> <span class='ocrx_word' id='word_1_605' title='bbox 370 4737 402 4791; x_wconf 85' lang='grc'><strong>18</strong></span> <span class='ocrx_word' id='word_1_606' title='bbox 420 4735 650 4792; x_wconf 83' lang='lat' dir='ltr'><strong>erItidieeudunn</strong></span> <span class='ocrx_word' id='word_1_607' title='bbox 670 4739 776 4807; x_wconf 83' lang='lat' dir='ltr'><strong>ignosci</strong></span> <span class='ocrx_word' id='word_1_608' title='bbox 788 4739 814 4793; x_wconf 94' lang='lat' dir='ltr'><strong>ei</strong></span> <span class='ocrx_word' id='word_1_609' title='bbox 868 4737 981 4794; x_wconf 87' lang='lat' dir='ltr'><strong>oent‘a&#39;e</strong></span> <span class='ocrx_word' id='word_1_610' title='bbox 1000 4740 1036 4792; x_wconf 71' lang='lat' dir='ltr'><strong>F*</strong></span> <span class='ocrx_word' id='word_1_611' title='bbox 1107 4739 1353 4795; x_wconf 66' lang='lat' dir='ltr'><strong>succutaneus</strong></span> <span class='ocrx_word' id='word_1_612' title='bbox 1417 4741 1453 4796; x_wconf 84' lang='lat'><strong>45</strong></span> <span class='ocrx_word' id='word_1_613' title='bbox 1476 4741 1557 4811; x_wconf 88' lang='lat' dir='ltr'><strong>enim]</strong></span> 
     </span>
     <span class='ocr_line' id='line_1_52' title="bbox 119 4807 1014 4876; baseline -0.001 -12"><span class='ocrx_word' id='word_1_614' title='bbox 119 4809 222 4864; x_wconf 88' lang='lat' dir='ltr'><strong>debere</strong></span> <span class='ocrx_word' id='word_1_615' title='bbox 232 4807 278 4872; x_wconf 62' lang='lat' dir='ltr'><strong>Fi,</strong></span> <span class='ocrx_word' id='word_1_616' title='bbox 290 4807 344 4863; x_wconf 89' lang='lat' dir='ltr'><strong>erit</strong></span> <span class='ocrx_word' id='word_1_617' title='bbox 354 4807 551 4876; x_wconf 75' lang='lat' dir='ltr'><strong>ignoscendum</strong></span> <span class='ocrx_word' id='word_1_618' title='bbox 564 4809 695 4876; x_wconf 81' lang='lat' dir='ltr'><strong>ignoscen</strong></span> <span class='ocrx_word' id='word_1_619' title='bbox 704 4810 766 4865; x_wconf 91' lang='lat' dir='ltr'><strong>deb.</strong></span> <span class='ocrx_word' id='word_1_620' title='bbox 778 4811 814 4862; x_wconf 59' lang='grc' dir='ltr'><strong>Ρ</strong></span> <span class='ocrx_word' id='word_1_621' title='bbox 867 4810 957 4865; x_wconf 86' lang='lat' dir='ltr'><strong>oritim</strong></span> <span class='ocrx_word' id='word_1_622' title='bbox 976 4811 1014 4863; x_wconf 72' lang='lat' dir='ltr'><strong>F·</strong></span> 
     </span>
    </p>

    <p class='ocr_par' dir='ltr' id='par_1_19' title="bbox 119 4878 813 4950">
     <span class='ocr_line' id='line_1_53' title="bbox 119 4878 813 4950; baseline 0 -14"><span class='ocrx_word' id='word_1_623' title='bbox 119 4881 152 4936; x_wconf 79' lang='lat'><strong>21</strong></span> <span class='ocrx_word' id='word_1_624' title='bbox 172 4879 276 4950; x_wconf 87' lang='lat' dir='ltr'><strong>repetit</strong></span> <span class='ocrx_word' id='word_1_625' title='bbox 293 4878 413 4948; x_wconf 88' lang='lat' dir='ltr'><strong>iamiam]</strong></span> <span class='ocrx_word' id='word_1_626' title='bbox 428 4879 472 4948; x_wconf 66' lang='lat'><strong>1³,</strong></span> <span class='ocrx_word' id='word_1_627' title='bbox 491 4879 672 4950; x_wconf 85' lang='lat' dir='ltr'><strong>repetiitaiam</strong></span> <span class='ocrx_word' id='word_1_628' title='bbox 691 4883 750 4950; x_wconf 78' lang='lat' dir='ltr'><strong>(sle)</strong></span> <span class='ocrx_word' id='word_1_629' title='bbox 763 4881 813 4936; x_wconf 79' lang='lat' dir='ltr'><strong>F²z</strong></span> 
     </span>
    </p>
   </div>
   <div class='ocr_carea' id='block_1_5' title="bbox 0 0 1876 5452">
    <p class='ocr_par' dir='ltr' id='par_1_20' title="bbox 0 0 1876 5452">
     <span class='ocr_line' id='line_1_54' title="bbox 0 0 1876 5452; baseline 0 0"><span class='ocrx_word' id='word_1_630' title='bbox 0 0 1876 5452; x_wconf 95' lang='lat' dir='ltr'><strong> </strong></span> 
     </span>
    </p>
   </div>
  </div>
 </body>
</html>
