4350 5438
291 280 566 330 sronmrosuuorue
694 231 696 236 ι
961 259 1047 340 947
1461 266 1486 332 L
1510 261 1721 330 161564-167

291 420 374 488 gitur,
392 419 500 476 etiamsi
518 419 626 476 duobus
644 420 783 478 mensibus
800 421 961 492 possederit,
979 422 1002 476 si
1021 421 1102 478 modo
1121 421 1294 478 aduersarius
1307 423 1366 478 cius
1379 427 1427 479 aut
1438 422 1613 494 paucioribus
1625 423 1723 480 diebus

291 513 341 564 aut
358 509 439 564 nullis
456 509 617 579 possederit.

204 599 271 658 157
345 597 458 653 Anulus
476 597 596 654 Guneus
620 597 689 654 libro
711 598 799 669 primo
821 599 856 654 de
879 599 1025 656 uerborum
1048 615 1119 671 quae
1143 599 1204 655 ad
1195 616 1238 655 urs
1256 601 1395 671 pertinent
1411 599 1547 672 significa·
1566 597 1722 686 [Β.
1615 615 1637 668 Β
1646 615 1668 667 Β,
1677 614 1721 660 ιιι
1740 605 1792 660 E

256 686 376 744 ltione.
403 685 511 742 'Parias'
530 693 580 757 est,
601 687 660 743 siue
680 703 773 743 murus
792 688 851 744 siue
871 690 988 744 maceria
1006 695 1057 744 est.
1092 689 1187 744 item*
1189 689 1242 744 uia'
1260 697 1312 758 est,
1331 691 1390 745 siue
1407 691 1506 746 semita
1523 691 1583 746 siue
1600 691 1653 746 iter
1670 695 1756 746 estu

204 776 271 835 158
345 773 459 830 ornans
479 775 548 831 libro
566 776 716 832 uicensimo
735 778 831 846 quinto
849 777 1026 848 digestorum.
1062 779 1095 833 In
1112 793 1165 834 usu
1183 779 1249 834 iuris
1267 777 1423 849 frequenter
1439 781 1480 835 uti
1498 795 1548 835 nes
1567 776 1721 864 [ζΓ
1646 794 1668 848 Β
1678 793 1723 838 ιΒΒ
1742 783 1798 854 Es*

292 863 441 920 Cascellius
459 866 498 922 ait
516 866 646 936 singulari
665 867 860 936 appellatione,
879 882 941 922 cum
959 868 1038 937 plura
1055 867 1163 936 generis
1182 867 1303 922 eiusdem
1323 867 1477 938 significare
1495 869 1639 925 nellemus:
1659 886 1722 925 nam

293 953 415 1008 'multum
433 952 570 1009 bominem
589 955 699 1010 uenisse
717 955 840 1010 Ιίοιιιιιιι1
859 955 911 1010 et‘
911 956 1015 1026 piscem
1035 957 1116 1012 uilem
1131 971 1193 1011 csse
1195 957 1338 1012 'dicimus
1366 958 1453 1013 item·
1445 975 1473 1013 ιιι
1486 958 1642 1029 stipulando
1656 959 1723 1014 satis

291 1042 425 1098 habemus
442 1043 478 1098 de
495 1042 595 1098 beredo
614 1059 713 1100 cauere
732 1043 763 1099 si
780 1060 815 1100 ea
832 1060 876 1100 res
894 1045 1044 1101 secundum
1063 1061 1107 1100 me
1125 1045 1289 1101 heredemue
1309 1061 1399 1101 meum
1417 1047 1538 1102 iudicata
1554 1046 1612 1102 erit'
1626 1051 1655 1103 et
1666 1063 1723 1102 rur·

292 1147 340 1186 sus
358 1131 439 1202 ‘quod
462 1131 498 1186 ob
521 1148 583 1187 eam
607 1148 664 1188 rem
688 1139 716 1188 te
734 1131 898 1189 beredemne
916 1133 1015 1190 tuum:
1039 1150 1137 1204 nempe
1155 1149 1243 1205 aeque
1261 1135 1285 1190 si
1302 1136 1394 1206 plures
1412 1135 1527 1192 heredes
1546 1137 1613 1208 sint,
1638 1137 1723 1192 conti·

292 1226 391 1276 nentur
409 1221 593 1291 stipulatione.
1743 1233 1771 1276 ro

208 1309 272 1370 159
346 1308 496 1366 Unrrnnus
514 1309 583 1366 libro
601 1311 689 1381 primo
707 1311 743 1366 ad
762 1309 902 1368 Sabinum.
934 1312 1026 1368 Etiam
1045 1327 1143 1368 eureos
1160 1327 1287 1368 nummos
1305 1309 1367 1367 ‘'aes
1385 1311 1510 1368 dicimus.
1581 1316 1762 1382 essitas

208 1399 275 1460 160
344 1399 422 1454 lnam
444 1398 512 1455 libro
537 1399 657 1456 secundo
681 1400 716 1456 ad
740 1399 881 1456 Sabinum.
919 1399 1092 1456 ''Ceterorum
1111 1407 1140 1457 et
1161 1399 1341 1471 'reliquorum‘
1360 1402 1543 1471 appellatione
1580 1390 1762 1472 {suffiri

292 1488 375 1544 etiam
394 1503 489 1544 omnes
508 1489 688 1559 continentur,
707 1495 738 1544 ut
756 1491 899 1546 Marcellus
918 1489 1022 1546 dixit
999 1505 1072 1545 crrca
1083 1505 1154 1560 eum,
1173 1491 1218 1545 eui
1230 1491 1305 1560 optio
1318 1505 1390 1546 serui
1383 1491 1495 1560 legata
1515 1477 1723 1576 [niuem
1607 1503 1622 1550 1.
1631 1505 1661 1552 se
1674 1503 1722 1551 ιιι.

293 1583 343 1648 est,
362 1577 447 1632 ceteri
465 1575 639 1648 Sempronio:
658 1595 720 1634 nam
739 1583 863 1648 temptat,
883 1580 906 1633 si
925 1594 979 1634 nou
998 1585 1082 1649 optet,
1101 1593 1196 1634 omnes
1214 1578 1250 1632 ad
1268 1578 1458 1650 Sempronium
1476 1582 1621 1651 pertinere.
1742 1589 1772 1630 1⁴

208 1666 270 1725 161
345 1667 422 1721 insu
439 1666 509 1722 libro
527 1669 644 1738 septimo
663 1667 698 1722 sd
717 1659 858 1724 Sabinum.
889 1669 951 1724 Non
969 1675 1012 1724 est
1030 1667 1172 1738 pupillus,
1190 1667 1236 1738 qni
1254 1667 1283 1724 in
1300 1673 1379 1723 utero
1398 1674 1450 1724 est.
1566 1657 1763 1744 [11111118

209 1756 273 1814 162
345 1755 517 1811 ΡοιιΡοιιιιιΒ
534 1755 603 1810 libro
622 1756 742 1812 secundo
761 1757 796 1811 ad
815 1756 957 1813 Sabinum.
987 1759 1018 1812 ln
1036 1757 1143 1826 uulgari
1162 1755 1365 1827 substitutione,
1384 1773 1440 1828 qua
1457 1757 1482 1812 ei
1500 1758 1547 1828 qui
1567 1755 1668 1842 [ΒΒ.
1647 1772 1723 1842 Β,
1679 1761 1763 1818 1568

293 1843 452 1914 supremns'
471 1846 601 1900 morietur
618 1843 698 1900 heres
716 1845 905 1915 substituitur,
924 1853 998 1902 recte
1015 1845 1181 1902 substitutus
1199 1846 1281 1900 etiam
1300 1847 1381 1901 unico
1399 1847 1579 1917 intellegitur,
1598 1849 1724 1918 exemplo

258 1932 438 1989 1duodecim
457 1933 621 2005 tabularum,
639 1949 674 1990 ex
692 1933 817 2004 quibus'
818 1935 965 2004 proximus
984 1935 1120 2005 adgnatus
1138 1941 1166 1990 et
1184 1936 1259 1990 solus
1276 1933 1401 1990 habetur.
1429 1934 1459 1990 Si
1474 1937 1725 2006 quisitaiuteste·

293 2029 386 2078 mento
409 2023 571 2093 scripserit
573 2024 597 2078 si
621 2023 687 2093 quid
709 2021 765 2078 filio
789 2039 851 2079 meo
870 2024 1013 2094 acciderit,
1036 2025 1127 2080 Dama
1145 2040 1241 2080 seruus
1259 2039 1337 2078 meus
1354 2023 1424 2078 liber
1441 2023 1518 2093 esto,
1541 2031 1649 2082 mortuo
1668 2024 1724 2083 filio

293 2111 383 2166 Dama
399 2110 467 2168 liber
485 2113 545 2167 erit.
572 2113 637 2168 licet
653 2112 725 2168 euim
745 2112 887 2168 'accidunt'
906 2118 934 2168 et
951 2114 1030 2183 uinis,
1050 2113 1100 2168 sed
1118 2114 1193 2182 uulgi
1211 2128 1336 2168 sermone
1348 2114 1446 2168 ΒΒίιιιιι
1461 2127 1534 2168 mors
1545 2112 1723 2184 significatur.
1743 2123 1772 2164 so

209 2199 273 2260 163
347 2201 466 2256 sanans
483 2200 552 2256 libro
570 2201 692 2256 secundo
711 2201 746 2256 cd
765 2200 905 2256 Sabinum.
932 2202 982 2258 illa
1000 2200 1086 2256 uerba
1104 2201 1231 2271 'optimus
1249 2200 1447 2271 maximusque
1465 2202 1509 2257 uel
1521 2203 1549 2256 in
1568 2199 1725 2287 [Q
1743 2205 1764 2262 S

294 2303 356 2344 eum
375 2289 473 2344 cadere
491 2296 620 2360 possunt,
645 2291 692 2359 qui
710 2291 785 2348 solus
803 2296 853 2346 est.
886 2291 927 2346 sic
944 2296 974 2346 et
991 2292 1064 2346 circa
1081 2290 1201 2346 edictum
1219 2291 1353 2360 praeteris
1371 2290 1523 2363 ‘supremae
1540 2291 1660 2348 tabulae'
1677 2293 1724 2350 ba·

259 2390 272 2434 1
294 2378 392 2434 bentur
416 2381 445 2433 et
466 2380 550 2434 solae.
584 2379 680 2436 ‘Pueri’
697 2381 879 2450 appellatione
898 2380 979 2434 etiam
998 2380 1088 2450 puella
1100 2378 1289 2449 significatur:
1313 2397 1376 2434 narn
1395 2384 1424 2435 et
1442 2379 1558 2436 seminas
1574 2397 1724 2452 puerperas

293 2468 432 2538 appellant
449 2474 573 2523 recentes
591 2484 626 2524 ex
644 2474 724 2539 partu
742 2473 771 2524 et
789 2469 893 2524 Graece
911 2469 1012 2524 narnien
1032 2469 1211 2524 communiter
1229 2469 1389 2540 appellatur.
1744 2478 1773 2519 ιι

210 2557 273 2616 164
346 2555 496 2612 Uurrsnus
514 2556 583 2614 libro
601 2559 696 2628 quinto
714 2557 821 2614 decimo
836 2557 872 2614 ad
884 2557 1024 2614 Sabinum.
1051 2557 1156 2614 Nomen
1170 2555 1300 2612 ‘filiarum'
1313 2559 1381 2614 etin
1393 2565 1548 2628 postumam
1582 2553 1724 2628 W
1743 2561 1764 2616 Β

293 2643 391 2700 cadere
409 2647 577 2716 quaestionis
596 2663 650 2702 non
668 2652 719 2717 est,
738 2648 864 2717 quamuis
883 2645 1040 2718 'postumae'
1059 2661 1113 2702 non
1125 2647 1224 2703 cadere
1237 2647 1264 2702 in
1277 2663 1346 2717 eam,
1365 2662 1436 2718 quae
1448 2647 1503 2703 iam
1516 2649 1544 2704 in
1556 2636 1723 2719 rebnsffi
1741 2651 1814 2702 1411

259 2746 271 2791 1
293 2735 381 2790 manis
400 2736 449 2805 sit,
473 2739 577 2791 certum
596 2737 640 2791 sit.
672 2735 843 2791 ’Partitionis'
862 2752 961 2792 nomen
980 2753 1034 2791 non
1053 2751 1161 2807 semper
1179 2736 1321 2792 dimidium
1339 2734 1490 2807 significat,
1514 2737 1564 2792 sed
1581 2743 1664 2808 prout
1681 2742 1725 2794 est

293 2823 440 2878 adiectum.
469 2828 560 2892 potest
578 2825 650 2880 enim
669 2824 757 2881 iuberi
774 2826 872 2896 aliquis
890 2833 918 2881 et
936 2827 1082 2882 maximam
1099 2826 1207 2896 partiri:
1226 2839 1308 2895 posse
1326 2829 1355 2880 et
1371 2825 1549 2882 uicensimam
1568 2833 1596 2882 et
1614 2828 1723 2882 tertium

258 2924 273 2968 Β
293 2917 322 2968 et
346 2917 428 2982 prout
449 2912 567 2968 libuerit.
599 2913 649 2968 sed
673 2914 696 2968 si
717 2929 772 2970 nun
790 2913 872 2970 irrerit
888 2916 978 2985 portio
996 2915 1118 2985 adiecta,
1134 2913 1254 2970 ,dimidia
1271 2930 1336 2984 pers
1353 2913 1477 2970 debetur.
1509 2915 1633 2972 ‘Habere'
1651 2916 1725 2972 sicut

292 3001 436 3072 peruenire
455 3017 517 3058 cum
536 3003 636 3058 ellectu
655 3003 843 3073 accipiendum
862 3009 913 3060 est.
1743 3013 1772 3056 co

209 3091 273 3150 165
346 3092 518 3147 ΡοιιιοιιιιιΒ
536 3091 605 3148 libro
623 3092 719 3160 quinto
737 3093 773 3148 ad
792 3091 931 3149 Sabinum.
966 3091 1080 3148 Ueuisse
1098 3091 1134 3148 ad
1152 3091 1279 3148 heredem
1298 3090 1364 3147 nibil
1382 3091 1548 3163 intellegitur
1565 3087 1764 3178 [ΜΒ

292 3180 346 3236 nisi
364 3179 482 3235 deducto
501 3195 564 3236 aere
583 3181 680 3236 alieno.
1617 3253 1618 3258 η

209 3269 273 3330 166
346 3269 423 3324 Inuus
441 3269 509 3325 libro
527 3275 606 3326 sexto
624 3269 660 3324 ad
679 3268 819 3326 Sabinum.
846 3269 965 3326 ‘Urbana
982 3268 1091 3326 familia'
1104 3275 1133 3324 et
1145 3268 1260 3325 ‘rustica'
1273 3285 1327 3325 non
1345 3270 1414 3340 loeo,
1433 3269 1483 3326 sed
1500 3286 1547 3341 ge·
1566 3265 1724 3354 [Q
1742 3275 1764 3331 S

293 3359 376 3414 nere²
395 3357 585 3427 distinguitur:
603 3363 696 3428 potest
714 3359 784 3414 enim
804 3359 901 3430 aliquis
919 3359 1092 3430 dispensator
1110 3373 1165 3414 uon
1183 3373 1245 3414 esse
1263 3373 1404 3414 seruorum
1416 3359 1581 3416 urbanorum
1594 3375 1723 3416 numero:

293 3447 379 3502 ueluti
402 3447 439 3516 is,
466 3447 513 3516 qui
535 3448 698 3504 rusticarum
722 3463 811 3503 rerum
833 3449 952 3504 rationes
973 3448 1115 3518 dispenset
1135 3446 1226 3522 ibique
1248 3446 1360 3510 habitet.
1394 3463 1448 3504 nou
1470 3450 1583 3504 multum
1606 3448 1686 3504 abest
1707 3464 1724 3504 a
1742 3459 1772 3500 aa

292 3537 375 3592 uilico
393 3536 553 3592 insularius:
573 3537 682 3592 'autem
702 3535 866 3592 urbanorum
886 3552 999 3592 numero
1017 3541 1068 3592 est.
1096 3536 1244 3592 uidendum
1263 3541 1354 3592 tamen
1373 3542 1423 3606 est,
1441 3538 1500 3606 ipse
1517 3537 1643 3594 dominus
1658 3553 1723 3608 quo·

259 3637 272 3682 1
292 3641 353 3680 rum
372 3625 432 3680 loco
450 3640 587 3695 quemque
605 3625 744 3681 habuerit:
768 3626 841 3696 quod
860 3641 894 3682 ex
912 3640 1025 3682 numero
1043 3623 1162 3680 familiae
1181 3631 1209 3680 et
1227 3625 1353 3680 ιιὶΒΒιίἰΒ4
1371 3625 1522 3698 apparebit.
1553 3626 1724 3682 'Pernoctare

293 3715 380 3770 'extra
392 3713 494 3770 urbem'
508 3713 707 3784 intellegendus
725 3721 777 3786 ost,
796 3717 843 3786 qui
855 3716 929 3770 nulla
944 3718 1023 3785 parte
1041 3715 1130 3770 noctis
1148 3714 1176 3770 in
1194 3713 1261 3769 urbe
1280 3718 1336 3769 est:
1356 3713 1418 3784 ‘per'
1431 3715 1503 3772 enim
1516 3721 1602 3771 totam
1615 3720 1724 3771 noctem

292 3801 437 3872 significat.
1620 3815 1625 3826 ’
1741 3813 1771 3854 se

208 3892 273 3954 167
347 3892 496 3948 Uaeranus
508 3891 576 3948 libro
589 3892 738 3948 uicensimo
750 3891 845 3962 quinto
858 3891 894 3946 ad
906 3890 1047 3946 Sabinum.
1075 3889 1373 3961 'Carbonum'appella-
1392 3885 1531 3974 [in-aestu,
1541 3902 1562 3948 ι.
1580 3901 1606 3948 Β.
1616 3903 1722 3958 astet
1741 3897 1763 3952 6

292 3983 368 4037 tione
387 3983 544 4036 materiam⁵
564 3997 617 4037 non
633 3980 778 4037 contineri:
798 3980 845 4036 sed
859 3997 894 4035 an
907 3977 1076 4050 lignorum?
1102 3986 1131 4035 et
1143 3979 1267 4036 fortassis
1279 3980 1340 4050 quis
1354 3979 1428 4034 dicet
1440 3995 1491 4034 nec
1502 3979 1650 4047 lignorum:
1669 3993 1723 4034 nou

292 4071 365 4128 enim
384 4073 518 4141 lignorum
537 4072 642 4141 ςιιιΒὶΒ8
660 4069 763 4126 habuit.
791 4068 887 4124 sedet
905 4070 1014 4124 titiones
1033 4073 1061 4124 et
1079 4069 1133 4124 alia
1149 4070 1224 4139 ligna
1242 4073 1321 4124 cocta
1339 4084 1373 4124 ne
1391 4066 1496 4123 famum
1515 4065 1617 4122 iaciant
1632 4071 1722 4122 utrum

291 4161 368 4230 liguo
386 4177 422 4216 an
440 4159 552 4216 carboni
570 4177 605 4216 sn
620 4175 670 4215 suo
688 4159 782 4228 generi
800 4157 1061 4213 adnumerabimus?
1088 4163 1117 4212 et
1134 4159 1221 4227 magis
1240 4164 1290 4227 est,
1309 4164 1341 4214 ut
1358 4157 1497 4228 proprium
1516 4171 1604 4226 genus
1622 4155 1723 4212 babea-

292 4255 347 4305 tur.
374 4251 516 4320 sulpurata
537 4264 646 4319 quoque
674 4248 708 4303 de
734 4249 807 4318 ligno
835 4263 922 4317 aeque
949 4247 1064 4302 eandem
1086 4245 1227 4302 habebunt
1253 4245 1446 4304 definitionem.
1477 4245 1513 4302 ad
1544 4239 1723 4312 l'tss'e‘sjffl

292 4347 486 4416 Βριιίιοσ)

291 4447 451 4458 a...—

293 4489 303 4525 ²
322 4487 382 4542 erit.
401 4487 501 4542 etenim
520 4487 648 4542 accidunt
665 4490 694 4541 ct
711 4487 797 4540 uiuis:
819 4484 868 4540 sed
888 4485 963 4554 uulgi
981 4499 1105 4539 sermone
1123 4483 1183 4539 ita?
1270 4485 1353 4540 ²nou
1371 4485 1440 4552 loco,
1459 4483 1507 4538 sed
1526 4483 1635 4553 genere]
1656 4483 1721 4538 idem

293 4559 404 4614 Graeci:
423 4573 599 4628 nongenere,
618 4557 760 4612 sedloco'i
830 4556 1021 4611 ³insularius'
1013 4575 1059 4610 ιιι.
1130 4555 1267 4610 ⁴cibariis
1286 4560 1329 4628 (ιβ
1343 4555 1379 4610 D
1392 4555 1434 4619 32,
1446 4557 1532 4625 99pr.
1540 4555 1722 4621 :Octactmli

291 4633 303 4667 ⁵
322 4631 345 4684 Β1
364 4631 469 4714 liguum
487 4631 523 4684 sit
540 4634 666 4700 paratum
685 4629 719 4683 ad
739 4627 870 4683 carbones
889 4627 1046 4696 coquendas
1065 4631 1147 4696 atque
1165 4625 1357 4697 conficiendas,
1376 4627 1415 4682 ait
1426 4575 1525 4682 Ofilius
1539 4597 1607 4680 libro
1626 4628 1722 4696 quinto

291 4702 360 4758 iuris
377 4702 470 4770 partiti
488 4701 636 4758 carbonum
660 4701 841 4770 appellatione
865 4699 1021 4755 huiusmodi
1039 4699 1180 4754 materiam
1199 4700 1236 4753 D.
1249 4703 1264 4754 l.
1259 4719 1341 4772 ..pern
1426 4697 1523 4754 ⁶baec
1540 4703 1656 4753 testator
1674 4708 1721 4754 ιιι.

291 4775 330 4828 D
343 4777 435 4846 lwyem

293 4903 426 4961 ldiebus
444 4925 492 4960 οιι.
506 4907 541 4958 F¹
588 4906 621 4959 15
633 4902 743 4960 u‘e'tero
757 4903 792 4958 F*
837 4905 871 4958 16
883 4901 981 4972 qua'm'
1034 4919 1094 4958 rum
1113 4903 1150 4956 F²
1202 4903 1237 4956 33
1255 4901 1388 4972 gener'a'e
1402 4901 1438 4954 F*
1491 4903 1525 4957 37
1543 4905 1721 4971 pernoctare

292 4977 318 5032 ei
338 4978 377 5030 F’
436 4977 469 5032 19
488 4975 598 5032 ι1ΒιιΒ’Β“
612 4991 708 5030 seruus
728 4977 763 5028 F’
817 4975 852 5030 20
870 4973 981 5030 dama's’
1035 4976 1072 5027 F²
1123 4975 1157 5029 41
1171 4974 1234 5042 non]
1248 4974 1275 5030 id
1290 4975 1324 5026 F¹
1371 4976 1407 5029 42
1419 4974 1571 5043 *lignorum*
1583 4974 1672 5042 gratia
1685 4973 1722 5026 F’

204 5133 208 5140 ¹
291 5048 362 5104 liber
382 5048 419 5100 Γ)
482 5049 516 5102 22
534 5043 711 5118 supr'a'omae
732 5047 767 5100 F²
829 5047 863 5100 25
881 5043 980 5099 fi'a'lia·
1034 5047 1069 5100 13
1089 5047 1126 5115 ut]
1148 5063 1165 5100 Β
1184 5047 1219 5098 F¹
1306 5063 1307 5066 ¹
1451 5131 1511 5188 60*
