3616 5468
574 1023 723 1097 murt
748 1019 1044 1096 metuemus
1071 1017 1306 1101 eunius.

407 1379 445 1457 R
483 1378 548 1455 DE
574 1376 828 1456 ALIMENTIS
855 1241 953 1453 UEIl.
977 1375 1174 1454 GIBARHS
1201 1372 1403 1452 LEGATIS
1443 1372 1481 1450 tt
1547 1421 1549 1428 ‹
1742 1376 1808 1432 ser

190 1569 207 1626 1
279 1531 444 1629 Uesulus
461 1569 530 1627 nno
548 1570 697 1641 quintode
715 1569 842 1627 omnen
859 1567 1048 1626 memoras.
1077 1567 1106 1625 ss
1125 1568 1254 1624 esnone·
1270 1565 1372 1624 nosne
1382 1567 1482 1636 regau
1502 1556 1675 1648 Q
1737 1549 1754 1602 ⁸

225 1659 281 1715 diei
297 1664 390 1730 potest
406 1659 490 1716 etiem
508 1675 610 1731 equum
626 1660 719 1731 legsto
736 1661 836 1730 inesse,
854 1659 878 1714 si
895 1659 925 1715 in
941 1673 976 1714 ee
992 1657 1104 1729 regione
1122 1655 1224 1714 tuerint
1234 1657 1335 1728 legsts,
1354 1653 1401 1712 nbi
1413 1654 1577 1712 nenumdsri
1588 1668 1667 1726 sque
1738 1639 1748 1680 ⁶

226 1748 304 1806 solet
999 1751 1000 1755 ’

189 1834 208 1892 2
279 1837 541 1896 monestere
558 1841 658 1896 sesne
675 1839 885 1894 imeneorum.
911 1836 941 1894 er
959 1837 1020 1907 qun
1031 1833 1136 1892 nurus
1148 1835 1278 1892 ormesta
1289 1835 1437 1905 rennuere,
1455 1826 1661 1917 etQ—14]
1747 1793 1775 1864 ⁵s

228 1926 354 1998 sileguti
372 1925 474 1984 tuerint
491 1928 564 1983 serni
581 1931 611 1984 et
627 1929 716 1999 repeti
733 1927 859 1998 legeterii
875 1927 1081 1997 manumittere,
1106 1924 1142 1980 ed
1159 1922 1398 1982 fideicommissum
1417 1923 1613 1994 admittuntur,
1630 1926 1657 1978 nt

194 2024 207 2070 1
228 2021 257 2072 et
278 2015 336 2071 dini
358 2029 467 2087 quoque
485 2014 604 2072 Seuerus
628 2021 657 2072 et
674 2015 830 2073 Antoninus
853 2017 1059 2088 rescripserunt
1093 2015 1132 2070 Et
1151 2015 1216 2072 lieet
1236 2013 1272 2070 sd
1289 2012 1387 2072 fiseenr
1404 2012 1478 2070 bens
1495 2010 1599 2068 inerint
1614 2011 1656 2066 de·
1773 2049 1796 2094 w

227 2105 330 2176 dolete,
348 2103 500 2176 exquibus
518 2106 648 2163 elimenta
664 2105 825 2177 debeantur,
842 2105 1010 2176 praestanda
1026 2108 1099 2176 sunt,
1117 2103 1198 2160 sionti
1216 2103 1240 2159 si
1257 2102 1294 2160 sd
1311 2101 1461 2175 quemlibet
1472 2115 1655 2158 sueoessorem
1672 2105 1702 2148 β

227 2195 397 2251 transissent„
415 2197 416 2200 ’

189 2277 209 2340 3
280 2283 431 2340 Uurmeus
448 2282 517 2340 libre
535 2283 657 2342 seeundo
675 2283 710 2341 de
728 2281 820 2341 ethelo
838 2283 966 2340 eonsnlis.
994 2281 1090 2340 Solent
1105 2281 1211 2338 iudioes
1228 2296 1264 2338 ex
1277 2295 1362 2337 oense
1373 2280 1484 2336 elimen-
1502 2273 1657 2363 [Q
1673 2265 1741 2334 ὗ*

226 2378 317 2430 terum
339 2373 451 2430 libertos
472 2373 609 2444 diuidere,
633 2374 759 2444 quotiens
776 2373 868 2443 plnres
886 2375 951 2428 sunt
968 2371 1097 2442 heredes,
1120 2385 1156 2428 ne
1173 2387 1191 2428 e
1208 2371 1322 2442 singulis
1340 2369 1487 2426 heredibus
1504 2369 1656 2426 minutetim

228 2463 358 2520 elimenta
378 2467 504 2534 petentes
522 2463 733 2534 distringantur:
755 2473 838 2534 quum
856 2462 1018 2518 diuisionem
1036 2461 1149 2532 perinde
1167 2461 1237 2518 tueri
1255 2465 1364 2532 oportet
1381 2464 1463 2530 etque
1481 2459 1506 2516 si
1523 2464 1603 2529 peter
1620 2457 1657 2514 is·

227 2553 316 2610 milies
333 2553 393 2624 ipse
410 2551 523 2608 libertos
541 2552 689 2610 diuisisset
716 2553 806 2608 solent
822 2555 852 2608 et
868 2568 953 2608 unum
971 2551 1080 2622 eligere,
1097 2565 1245 2620 perquem
1265 2550 1393 2606 elimenta
1409 2552 1594 2620 praestentur,
1612 2553 1659 2604 snt
1676 2551 1714 2596 ιδ
1727 2529 1765 2577 ι

228 2656 263 2698 ex
280 2642 421 2698 uoluntate
439 2639 561 2698 defuneti
579 2647 628 2698 eut
645 2640 757 2697 arbitrio
774 2657 839 2712 suo,
861 2646 894 2696 nt
916 2641 1049 2711 rescripte
1066 2639 1191 2697 subieote
1208 2639 1370 2696 ostendunt:
1389 2638 1559 2708 uxsnptnn
1576 2637 1659 2694 libelli

228 2730 293 2787 'deti
311 2730 375 2786 mihi
394 2747 412 2786 u
427 2729 533 2787 libertis
550 2729 609 2788 Silii
626 2729 689 2786 rnisi
706 2729 799 2800 nobis,
822 2730 912 2786 eniens
930 2729 966 2786 ed
983 2731 1138 2800 exemplum
1157 2730 1238 2786 istem
1256 2745 1314 2786 rern
1331 2728 1480 2800 pertinere,
1498 2727 1565 2798 ptris
1582 2727 1660 2784 mnlti

227 2818 407 2876 ‘testamentis
424 2820 482 2876 suis
498 2820 632 2891 preesteri
648 2818 753 2875 libertis
770 2818 867 2876 iubent
883 2819 1048 2889 neeessarin,
1066 2835 1137 2890 qnue
1154 2819 1220 2889 quin
1237 2817 1341 2874 minimi
1358 2817 1429 2874 seris
1446 2820 1520 2887 sunt,
1538 2816 1575 2874 sd
1592 2815 1660 2874 nihi·

228 2909 291 2966 lum
308 2909 508 2980 perdnenntnr,
531 2925 593 2965 enm
611 2909 704 2980 plures
720 2907 836 2966 heredes
854 2912 1004 2980 eoeperunt
1020 2923 1070 2980 per
1087 2907 1275 2964 sueeessiones
1293 2907 1420 2962 existere.
1450 2921 1505 2976 qus
1522 2905 1558 2962 de
1576 2921 1661 2962 esuse

228 2997 303 3070 'puto
326 3013 376 3055 uos
397 3003 471 3054 reete
489 2997 624 3068 ιοοιιιιοι,
648 2998 672 3054 si
690 2999 848 3055 oonuooetis
866 2998 987 3054 Fsuilise
1004 2996 1151 3054 heredibus
1168 2994 1427 3068 proouretonbusue
1446 3011 1540 3052 eorum
1558 2995 1660 3052 eonsti-
1678 2972 1794 3042 ⁸⁰⁰⁶

229 3087 358 3158 'merids,
376 3087 420 3144 eui
438 3103 456 3144 s
473 3088 572 3144 ueteris
589 3087 649 3143 deri
666 3086 767 3144 deberet
785 3087 913 3159 pecunie,
932 3101 968 3143 ex
985 3089 1063 3144 ouius
1080 3087 1171 3143 usuris
1188 3086 1318 3142 timente
1334 3088 1516 3156 praestentur.
1548 3084 1661 3142 debebit

228 3177 328 3234 'summ
346 3177 371 3233 is
389 3177 436 3247 qni
454 3177 570 3247 reeipiet
587 3191 686 3234 enuere
704 3177 745 3234 eis
763 3177 811 3247 qni
828 3175 934 3232 debunt
950 3175 1120 3232 redditurum
1139 3191 1183 3246 se,
1208 3175 1372 3245 utquisque
1390 3189 1424 3230 ex
1442 3173 1547 3232 libertis
1565 3173 1660 3232 detes·

229 3265 302 3322 'serit
319 3265 407 3323 nlioue
425 3281 480 3336 quo
497 3265 580 3322 modo
597 3266 626 3322 in
644 3265 756 3322 uiuitsto
774 3281 836 3323 esse
854 3265 974 3335 desierit,
992 3269 1099 3322 tuntum
1118 3279 1153 3322 ex
1171 3269 1253 3334 sorte,
1271 3261 1524 3334 quantumeffieiet
1534 3279 1586 3335 pro
1598 3280 1660 3335 por·

228 3353 309 3412 'tione
326 3353 511 3426 eompututie'.
538 3355 627 3412 Diuus
644 3355 710 3411 Pius
727 3354 830 3412 Rubrio
848 3355 956 3411 euidnm
969 3354 1136 3425 Telesphoro
1154 3353 1307 3424 rescripsit:
1326 3353 1465 3410 'Consules
1483 3354 1592 3410 uerutis
1609 3353 1660 3424 his,

229 3444 254 3500 ‘s
275 3443 376 3514 quibus
393 3443 474 3501 nobis
491 3443 622 3500 ehmente
638 3443 732 3500 deberi
750 3459 785 3500 ex
802 3461 887 3501 esnsn
903 3443 1107 3500 fideteomnissi
1125 3443 1290 3514 eonstiterit,
1312 3443 1357 3498 uel
1374 3457 1470 3500 omnes
1487 3441 1523 3498 sb
1541 3458 1598 3500 ιιοο
1616 3444 1661 3500 nel
1678 3447 1705 3488 ¹⁵
1724 3430 1773 3476 ⁸

228 3530 310 3589 ‘iente
330 3549 380 3604 pro
403 3537 466 3589 rete
485 3531 675 3588 distributione
693 3533 755 3604 quis
772 3537 815 3589 et¹
834 3549 852 3589 s
869 3531 968 3604 quibus
986 3533 1158 3604 pereipistis,
1183 3533 1339 3589 decernent
1371 3529 1455 3588 fiseus
1473 3531 1559 3602 enim,
1584 3532 1661 3588 eleo

228 3621 343 3679 'nomine
361 3621 427 3693 quid
444 3621 480 3678 eb
499 3636 532 3679 eo
549 3621 807 3693 uobisdeberetur,
830 3623 984 3694 exemplum
1002 3627 1140 3693 sequetur.
1169 3622 1224 3677 ism
1243 3637 1317 3678 nune
1334 3621 1427 3678 seintis
1444 3624 1538 3692 pestes
1556 3635 1660 3694 eornm,

227 3709 281 3782 'qni
300 3710 432 3767 soluendo
450 3727 512 3767 esse
529 3710 668 3782 desierint,
686 3726 741 3768 non
758 3711 895 3782 pertinere
914 3711 1038 3768 udonus
1056 3712 1219 3783 reliquorum
1238 3709 1387 3767 heredum'.

190 3801 210 3860 4
279 3800 472 3856 Uolumnius
489 3799 559 3856 libro
576 3800 683 3856 decimo
700 3815 901 3870 responsorum.
928 3801 992 3856 Toic
1009 3820 1039 3856 re
1057 3798 1242 3871 ἆιιελεγθὲροιο
1259 3801 1316 3856 τοῖο
1330 3819 1359 3855 ιε
1372 3798 1482 3864 ὶιιελεγ-
1502 3795 1704 3883 [beeroth
1796 3798 1808 3813 ¹

228 3889 315 3962 tepere
338 3907 402 3954 ιιογ,
428 3888 476 3952 oie
499 3891 570 3945 zdrcs
589 3889 617 3944 iu
636 3909 666 3944 ιε
683 3889 715 3960 τῇ
735 3888 843 3960 erebrius
863 3889 892 3943 ἒιι
910 3909 940 3944 ιε
957 3891 997 3958 τῷ
1017 3889 1161 3957 emersisse
1181 3887 1348 3961 ιἰλεγθὲρωοο
1367 3889 1382 3942 r's
1401 3888 1588 3961 itertepdrcut,
1614 3898 1661 3944 to·
1679 3892 1705 3935 ⁸⁰
1768 3882 1782 3903 '

227 3978 302 4034 Θΐιιιοι
322 3978 445 4041 tutiores!
463 3977 496 4032 ri
514 3976 543 4034 ἐκ
557 3979 628 4034 Χίοιο
646 3997 697 4042 uer
714 3978 802 4050 purple,
822 3977 861 4033 tut
880 3979 920 4047 τῷ
939 3978 977 4033 καὶ
997 3977 1044 4035 boe
1063 3979 1151 4035 zdrcrrc
1169 3999 1220 4042 ιιογ
1237 3977 1386 4033 &liuterius
1406 3979 1557 4050 ιιοιχεῐιθοι
1571 3976 1662 4041 sisois

228 4067 343 4140 resspios
361 4067 399 4122 ssi
420 4069 565 4140 eecrrspior
583 4065 699 4124 debuere.
727 4081 838 4138 quaere,
856 4081 939 4138 quum
956 4067 1076 4124 hubeent
1093 4065 1329 4138 significationem,
1347 4071 1439 4122 utrum
1451 4070 1482 4122 ut
1493 4081 1528 4122 ex
1540 4067 1662 4140 praedit

227 4157 357 4214 elimenta
371 4156 426 4228 ipsi
442 4157 553 4228 enpisnr
569 4173 606 4214 en
623 4171 690 4213 uero
702 4161 734 4212 ut
744 4161 855 4227 praeter
866 4154 979 4227 preedie
990 4159 1019 4212 et
1032 4155 1136 4212 riberie
1147 4161 1176 4212 et
1186 4156 1317 4212 uestiesiu
1329 4154 1364 4213 eb
1377 4155 1477 4212 herede
1488 4155 1662 4228 pereipienti

227 4249 257 4301 et
273 4249 364 4302 utrum
382 4247 535 4318 proprietas
552 4261 588 4302 sn
606 4261 674 4302 usns
691 4242 797 4302 fruetus
814 4247 926 4302 relictus
944 4245 1006 4302 esti
1031 4249 1061 4300 et
1077 4246 1102 4302 si
1119 4247 1272 4316 proprietas
1283 4246 1379 4302 reliete
1390 4245 1434 4315 sit,
1453 4245 1557 4316 eliqnid
1567 4249 1662 4302 temen

227 4335 394 4408 superfluum
412 4336 566 4393 inuenietur
582 4335 610 4392 in
628 4334 776 4406 reditibus,
794 4351 876 4406 quum
894 4339 938 4390 est
955 4335 984 4390 in
1001 4335 1155 4405 quentitete
1173 4334 1335 4392 eiberieruur
1354 4339 1383 4390 et
1400 4335 1607 4406 usstiuriornm,
1626 4351 1662 4390 en
1679 4339 1706 4382 tt

227 4425 264 4483 ed
281 4425 409 4482 heredem
426 4429 558 4497 petrense
575 4425 713 4494 pertinet?
730 4428 760 4480 et
777 4425 801 4481 si
818 4424 919 4481 mortui
936 4423 1020 4494 eliqui
1038 4439 1073 4480 ex
1089 4423 1194 4480 libertis
1212 4425 1276 4495 sint,
1294 4440 1331 4480 en
1347 4439 1411 4495 pers
1430 4439 1524 4480 eorum
1536 4423 1573 4479 ed
1584 4421 1662 4480 fidel·

228 4515 429 4573 eommisssrios
446 4514 607 4586 superstites
624 4513 764 4584 pertinet?
790 4519 819 4570 et
836 4529 873 4570 sn
890 4513 935 4569 die
952 4512 1086 4570 oedente¹
1103 4511 1306 4570 tideioommiesi
1318 4513 1491 4570 morientium
1501 4511 1661 4570 libertorum

229 4721 239 4756 ¹
256 4722 286 4774 et
303 4719 350 4774 det.
421 4703 433 4754 ἦ
451 4734 486 4774 en
505 4722 569 4774 ente
587 4716 660 4774 diem
677 4717 820 4774 dedentem
840 4719 884 4788 (cs.
896 4739 923 4790 ρ.
935 4718 988 4774 143
999 4739 1024 4774 ss.
1036 4717 1086 4784 stt?

228 4833 540 4889 beiuedisF'sttnd.F
556 4830 915 4899 buennudnrifflhmfflb
968 4833 1222 4903 teonuannnss'
1258 4833 1293 4889 31
1303 4831 1382 4888 oce'c’
1392 4833 1428 4887 Ρ
1463 4831 1659 4888 ΒδοίιιιιιιιιΡι

229 4904 428 4960 eontinentur
444 4901 481 4959 F‘
497 4906 502 4972 Ι
517 4903 666 4974 quemlibet
683 4907 721 4960 F·
774 4906 808 4960 14
826 4903 915 4959 distri·
968 4904 1227 4960 bboiueriorumF¹
1262 4901 1512 4976 bipertlne'n’tF‘
1555 4903 1590 4958 tt
1603 4919 1660 4959 mo·

227 4973 347 5032 busntur
358 4977 393 5029 Ρ
409 4979 415 5042 1
430 4976 510 5046 tueri]
523 4977 566 5042 Fi,
579 4975 673 5032 heberi
687 4975 810 5040 WDEO,
821 4974 916 5030 heberi
969 4977 1115 5032 rientinm
1134 4978 1171 5030 l*

227 5047 299 5104 tueri
315 5048 347 5103 K
396 5048 429 5104 1t
448 5062 466 5103 s
483 5067 531 5103 om.
544 5049 580 5102 5¹
588 5048 626 5103 W
668 5051 703 5106 26
720 5063 770 5122 pro
788 5047 924 5118 peretur*
