3614 5460
52 295 100 342 333
123 293 278 344 3333333333
300 295 441 344 morona
732 269 818 351 795

345 971 495 1044 tntum
522 969 936 1052 autumabamus
963 969 1189 1044 OCTAUUS.

438 1324 476 1402 13
516 1321 580 1400 DE
607 1189 817 1401 renuidis
845 1321 1109 1410 111111οΠ83
1519 1347 1595 1403 333

107 1459 230 1555 Macar
247 1495 316 1552 rum
333 1497 423 1567 premo
441 1497 476 1552 33
493 1495 610 1567 putrere
628 1496 745 1552 333333.
782 1497 843 1552 uon
861 1497 952 1552 omna
970 1495 1079 1567 3333,
1098 1497 1127 1552 rs
1144 1495 1244 1567 eureus
1262 1499 1313 1554 err-
1331 1493 1490 1580 [33,-33333
1508 1507 1544 1563 u

52 1601 117 1642 men
134 1587 265 1654 uertitur,
287 1590 316 1640 et
328 1585 444 1656 publica
462 1591 534 1654 sunt,
553 1585 603 1640 sed
620 1599 655 1640 ea
671 1589 788 1655 tantum,
806 1599 877 1654 quae
896 1585 1056 1654 exlegibus
1074 1586 1236 1642 iudiciorum
1254 1576 1489 1657 3331133333Ῑ3·
1508 1600 1522 1642 3

52 1676 146 1744 31333,
170 1679 202 1729 33
224 1675 293 1730 13113
316 1675 481 1744 maiestatis,
505 1673 626 1729 Iuliade
645 1673 800 1742 adulteriis,
824 1672 1335 1745 033311333313331133333333313,
1360 1677 1491 1747 Pompeia

52 1763 200 1835 parricidii,
218 1763 288 1818 Inlia
305 1764 456 1832 peculatus,
476 1761 602 1818 Cornelia
620 1761 654 1816 de
672 1763 854 1830 testamentis,
873 1763 942 1818 lulia
959 1762 995 1818 de
1011 1763 1041 1819 ui
1059 1765 1177 1835 priuata,
1195 1763 1265 1820 Iulia
1282 1765 1317 1820 de
1332 1765 1359 1820 ui
1371 1765 1489 1837 publica,
1579 1785 1583 1792 *

52 1852 123 1907 lulia
141 1850 268 1921 ambitus,
287 1849 596 1922 1311333333333133333,
614 1851 684 1906 Iulia
701 1850 736 1904 de
755 1865 871 1906 annona.

108 1941 227 1996 Patruus
249 1940 318 1996 libro
341 1942 437 2011 quinto
461 1940 568 1995 decimo
591 1939 627 1994 ad
645 1939 764 1994 edictum
783 1941 925 2010 praetoris.
962 1939 1136 1996 Publicorum
1153 1941 1315 1998 indiciorum
1334 1935 1491 2026 Q
1511 1950 1553 2004 Ἐ

52 2029 189 2100 quaedam
208 2030 337 2100 capitalia
354 2035 426 2098 sunt,
445 2029 580 2099 quaedam
599 2043 653 2084 non
672 2027 809 2098 capitalia.
838 2029 967 2098 capitulis
984 2034 1058 2098 sunt,
1076 2044 1112 2084 ex
1129 2029 1230 2099 quibus
1247 2043 1337 2100 poena
1354 2045 1428 2086 mors
1443 2036 1492 2087 aut
1511 2045 1539 2085 ro

53 2117 166 2172 exilium
190 2121 247 2187 333,
270 2117 322 2173 1333
345 2123 389 2173 333
412 2133 501 2187 aquae
525 2122 554 2173 et
575 2117 647 2187 ignis
669 2117 837 2172 interdictio:
861 2116 979 2188 3331333
997 2117 1068 2173 3313
1088 2133 1192 2189 poenas
1210 2119 1338 2174 eximitur
1356 2125 1439 2188 capnt
1456 2119 1492 2176 de

53 2207 176 2262 ciuitate.
204 2211 379 2262 333333333
397 2221 452 2262 333
464 2207 564 2276 331113,
582 2205 632 2261 sad
650 2206 832 2276 relegationea
850 2207 959 2276 proprie
977 2205 1118 2262 dicuntur:
1136 2211 1203 2263 tnnc
1221 2208 1293 2268 enim
1312 2207 1410 2263 ciuitas
1427 2209 1491 2264 reti·

52 2301 144 2351 netur.
171 2310 226 2350 333
245 2295 373 2366 capitalia
390 2299 462 2365 sunt,
481 2309 516 2350 33
534 2295 634 2364 quibas
652 2293 811 2364 pecuniaria
828 2299 877 2349 aut
894 2295 922 2349 in
940 2309 1039 2364 corpus
1057 2295 1150 2364 aliqua
1167 2296 1296 2351 coercitio
1313 2310 1403 2366 poena
1421 2299 1489 2354 est1.

108 2383 260 2439 1133333333
282 2383 352 2440 111333
375 2384 536 2454 trigensimo
559 2385 655 2455 quinto
678 2384 714 2440 ad
737 2383 878 2440 Sabinum.
914 2381 1028 2439 Publica
1048 2384 1188 2440 accusatio
1205 2397 1253 2440 roo
1270 2384 1315 2440 uel
1334 2381 1491 2470 Q
1522 2391 1545 2447 s

53 2488 103 2528 rea
120 2477 184 2527 unte
203 2471 339 2528 defunctio
356 2473 523 2542 permittitur
529 2473 550 2527 ¹.
1509 2488 1538 2529 33

108 2561 228 2616 Faunus
249 2561 317 2616 libro
335 2561 496 2631 triganeimo
514 2562 632 2632 septimo
650 2561 686 2615 ad
704 2560 834 2616 edictum.
870 2561 1012 2616 Interdum
1030 2561 1136 2632 3333313,
1160 2566 1192 2617 33
1208 2563 1315 2632 praeiu·
1334 2557 1490 2646 [Q
1522 2569 1544 2624 s

54 2650 174 2706 dicium·
191 2649 293 2718 iudicio
310 2649 421 2720 publico
439 2649 501 2720 1133,
525 2651 597 2705 eleut
613 2650 641 2705 in
660 2650 767 2705 actione
784 2650 854 2719 legis
872 2649 1000 2718 Aquiliae
1022 2654 1052 2705 et
1073 2648 1138 2706 furti
1156 2655 1185 2706 et
1201 2652 1231 2706 ui
1247 2651 1380 2706 bonorum
1399 2657 1490 2722 rapto·

54 2754 116 2795 rum
135 2743 164 2793 et
181 2737 326 2794 interdicto
344 2738 417 2794 unde
436 2738 464 2794 ui
482 2744 512 2794 et
529 2738 564 2794 de
581 2737 683 2794 tabulis
701 2739 859 2794 testamenti
877 2737 1052 2795 exhibendis:
1075 2753 1139 2794 nam
1157 2740 1187 2795 in
1203 2739 1247 2794 1313
1264 2739 1299 2795 de
1317 2753 1347 2796 re
1364 2739 1491 2797 familiari

54 2827 155 2897 agitur.
1510 2842 1539 2884 33
1581 2827 1583 2830 ’

111 2915 261 2972 umarus
284 2915 353 2972 libro
377 2921 477 2972 333333
500 2916 725 2987 disputationum.
762 2917 790 2971 Is
813 2915 859 2986 qul
883 2929 947 2971 reus
970 2913 1060 2971 faetus
1084 2920 1127 2971 est
1149 2931 1268 2986 purgare
1285 2911 1491 3000 33[1Ῑῦ“3,“33,“3
1524 2926 1546 2980 S

56 3005 210 3062 (1313333333
228 3011 293 3060 ante
311 3009 404 3078 potest
421 3019 565 3076 accusare,
584 3019 667 3076 quam
685 3003 767 3060 fucrit
785 3009 946 3060 excusatus:
970 3005 1212 3060 constitutionibus
1228 3005 1300 3061 euim
1319 2993 1490 3079 3333333333,

56 3101 89 3152 33
111 3110 166 3150 333
189 3095 320 3150 relatione
343 3095 500 3164 criminum,
523 3093 573 3149 sed
590 3095 747 3149 innocentia
764 3108 828 3149 reus
845 3099 986 3165 purgetur.
1021 3092 1092 3149 Illud
1110 3094 1243 3149 incertum
1262 3099 1318 3165 eut,
1342 3100 1433 3150 utrum
1451 3097 1491 3151 ita

56 3185 168 3240 demum
187 3197 317 3239 33333333
334 3187 435 3254 potest,
453 3184 477 3238 31
493 3181 577 3238 fuerit
593 3181 733 3252 liberatus,
752 3199 787 3238 an
805 3187 834 3238 33
851 3181 875 3238 31
892 3197 1009 3252 poenam
1025 3182 1153 3238 subierit:
1171 3188 1215 3238 est
1226 3183 1298 3239 enim
1310 3184 1490 3240 constitutum

56 3273 94 3329 ab
117 3275 281 3343 imperatore
303 3277 397 3327 nostro
420 3275 449 3326 et
472 3271 537 3328 diuo
561 3277 639 3342 patre
662 3273 722 3327 eius
739 3277 803 3342 post
820 3272 1023 3327 damnationem
1041 3272 1244 3328 accusationem
1262 3287 1344 3342 quem
1362 3271 1491 3329 inchoare

55 3377 113 3418 non
135 3375 226 3432 posse.
258 3361 308 3416 sed
326 3361 379 3416 hoc
396 3363 463 3432 puto
482 3361 518 3416 ud
536 3375 585 3417 eos
603 3361 713 3416 demum
732 3362 881 3432 pertinere,
906 3361 953 3431 qui
970 3360 1015 3415 nel
1033 3360 1172 3415 ciuitatem
1191 3361 1236 3416 uel
1252 3360 1406 3416 libertatem
1424 3361 1491 3416 ami·
1510 3377 1539 3419 33

54 3455 161 3508 serunt.
197 3449 343 3506 1331333333
367 3449 449 3521 31333
471 3449 623 3506 delationes
646 3455 711 3505 anto
733 3449 936 3506 damnationem
958 3449 1072 3520 implere
1095 3449 1135 3504 eis
1157 3455 1186 3505 et
1207 3455 1271 3520 post
1287 3449 1491 3508 damnationem

52 3540 220 3614 permissum
238 3544 291 3594 est.

110 3629 286 3684 1133333333
307 3626 377 3683 libro
399 3632 498 3699 quarto
521 3627 628 3683 decimo
648 3627 858 3683 institutionum.
894 3624 1097 3696 Defunctum,
1120 3627 1167 3697 qui
1184 3641 1248 3682 reus
1265 3624 1318 3683 fuit
1335 3620 1491 3711 Q
1524 3639 1545 3694 s

55 3717 191 3788 criminis,
215 3715 273 3785 etl
293 3731 383 3788 poena
405 3717 527 3772 extincta
549 3717 577 3771 in
600 3731 773 3788 quacumque
797 3731 882 3772 causa
905 3717 1025 3772 criminis
1043 3716 1156 3771 extincti
1174 3713 1258 3772 debet
1274 3717 1298 3772 is
1316 3729 1580 3788 cognoscerentur

54 3807 137 3863 cuius
154 3805 190 3861 de
207 3805 364 3876 pecuniaria
381 3821 410 3861 33
429 3807 549 3876 cognitio
565 3811 618 3861 333.
1510 3821 1539 3863 33

110 3893 305 3951 1133331333
322 3895 444 3950 secundo
462 3895 624 3950 iudiciorum
641 3891 822 3966 publicorum.
847 3893 982 3950 Infamem
999 3909 1055 3950 non
1072 3892 1193 3949 333331
1205 3892 1318 3948 crimine
1336 3889 1492 3978 Q
1524 3904 1545 3959 s

55 3984 196 4040 sententia
214 3981 287 4054 facit,
306 3983 356 4040 sed
375 3999 410 4039 ex
428 3998 469 4054 eo,
488 3983 562 4054 quod
580 3983 673 4038 iudicii
690 3983 793 4054 publici
810 3998 921 4038 causam
940 3981 1044 4038 habuit.
1070 3983 1163 4052 itaque
1181 3996 1217 4038 33
1234 3997 1268 4038 33
1280 3983 1400 4053 3313133,
1418 3981 1492 4054 quod

55 4072 152 4128 iudicii
170 4071 272 4142 publici
290 4087 344 4128 non
363 4071 423 4143 fuit,
441 4073 602 4127 damnatum
620 4069 733 4128 infamia
750 4087 806 4128 non
824 4075 962 4143 aequetur,
979 4072 1032 4127 3131
1050 4071 1079 4126 id
1096 4073 1199 4126 crimen
1217 4086 1252 4126 33
1267 4087 1301 4126 ea
1312 4073 1420 4128 actione
1433 4069 1493 4144 fuit,

55 4175 129 4232 quae
154 4161 236 4216 etiam
260 4161 289 4216 iu
313 4162 422 4232 priuato
444 4161 545 4218 iudicio
568 4159 708 4216 infamiam
731 4161 913 4218 condemnato
936 4162 1070 4233 inportat,
1097 4160 1183 4216 ueluti
1205 4158 1285 4232 furti,
1307 4162 1337 4217 ui
1358 4160 1492 4218 bonorum

54 4255 206 4320 raptorum,
223 4249 390 4308 iniuriarum.
1509 4256 1539 4298 ⁸⁵

53 4355 251 4426 3333333)

56 4495 122 4546 ι33
141 4489 241 4560 quibus
259 4505 349 4560 poena
372 4495 416 4544 est
437 4489 596 4560 pecuniaria
619 4492 668 4545 aut
690 4489 718 4546 in
742 4473 843 4560 eorpus
861 4489 953 4560 aliqua
970 4487 1118 4544 coercitio?
1172 4521 1173 4529 1
1206 4487 1379 4560 ’perimitur
1396 4489 1431 4557 (3.
1444 4487 1492 4556 t.)?

55 4564 138 4634 'per
155 4563 291 4632 priuatum
311 4561 441 4616 iudicium
461 4569 507 4616 333.
526 4565 561 4628 (u.
574 4563 602 4628 3.)

55 4695 129 4752 ede
140 4693 249 4749 iudiciis
259 4692 376 4764 publicis
389 4695 440 4748 ind.
454 4695 479 4746 F
527 4691 699 4749 libeneficiia
711 4693 747 4747 121
800 4692 927 4765 33333333
945 4694 1054 4758 fraecor·
1073 4693 1130 4748 roic
1146 4691 1417 4758 333333331331333133
1435 4711 1492 4764 upr-

56 4767 131 4836 7331]
146 4765 222 4820 biF¹
278 4765 312 4820 15
329 4765 505 4835 permittitur]
521 4765 546 4818 F
553 4767 628 4837 idque
637 4770 749 4838 firmant
802 4767 889 4821 33333
902 4764 1011 4831 drauscio
1025 4765 1081 4830 BS,
1100 4765 1227 4837 rrpduprua
1244 4766 1337 4830 3133333
1350 4765 1390 4832 τῷ
1402 4763 1491 4828 ’333333-

55 4838 106 4894 ΒΗ
116 4837 222 4902 (Dor.):
241 4836 405 4908 curxcspcirsr
422 4837 455 4891 τὸ
469 4837 588 4902 fraletau,
607 4837 749 4908 perimitur
801 4839 900 4906 33333κῷ
931 4838 1086 4924 3333333313)
1122 4836 1163 4890 tui
1197 4837 1246 4900 τοῨ
1279 4835 1436 4908 χ33333τικοῨ
1464 4835 1492 4889 Β

54 4907 747 4981 ΧΥΜὈΟ,33333331333331333333311(3333333
802 4909 836 4964 18
849 4907 1040 4964 exhibendia'a
1053 4925 1116 4964 333
1130 4907 1167 4962 Ff
1182 4909 1187 4976 1
1203 4905 1447 4978 familiariagitur
1455 4905 1493 4957 Γ)

58 4979 359 5050 isauociaxarasopla
381 4979 519 5051 3333331333
543 4981 747 5034 adamantium
801 4980 974 5050 33331333·
1018 4979 1234 5038 3113333333ιῖΙ
1279 4981 1315 5036 32
1327 4979 1395 5036 ded⁴
1407 4993 1442 5034 ox
1454 4979 1492 5032 17⁸

54 5059 123 5108 recta
159 5053 193 5108 16
205 5055 237 5106 nt
246 5051 444 5122 praeiudicium
456 5051 557 5108 iudicio
568 5049 678 5122 publico
689 5048 748 5122 3133]

52 5295 97 5443 ’3
