3450 5452
556 930 705 1005 mult
731 928 1143 1012 conuenturos
1171 929 1362 1004 SEXTUS.

403 1287 441 1364 it
480 1285 544 1362 DE
571 1149 1043 1364 FIDEIUSSORIBUSLET
1071 1285 1445 1364 MANDATORIBUS
1482 1285 1516 1363 lt
1671 1295 1721 1350 tull

1378 1444 1661 1462 Μ

209 1456 226 1514 1
298 1419 464 1518 Umnms
486 1459 555 1516 ιιιω
572 1461 733 1532 trigamus
755 1475 827 1518 nono
851 1460 888 1516 ιι
905 1458 1046 1526 susinum.
1082 1459 1161 1517 emur
1183 1459 1346 1532 onrrgrrrour
1362 1456 1663 1544 [Qfflfflst
1678 1455 1691 1508 t

245 1547 391 1606 fideiussor
407 1548 538 1606 aooedere
555 1555 656 1620 potest.
1679 1547 1690 1588 ⁵

208 1633 227 1692 2
299 1639 470 1694 Ροιιιοιιιιιι
486 1637 557 1694 libro
574 1638 724 1694 uicensimo
743 1637 864 1695 seeundo
882 1638 918 1694 sd
936 1637 1076 1694 Sabinum.
1112 1639 1149 1694 Et
1166 1638 1335 1695 eommodnti
1356 1643 1386 1694 et
1402 1637 1517 1708 depositi
1543 1643 1666 1718 Q
1684 1630 1705 1684 8¹

245 1725 391 1784 fideiussor
408 1728 495 1798 aonipl
512 1732 604 1798 potest
621 1733 649 1784 et
667 1733 788 1798 tenetur,
813 1728 922 1794 etiamsi
945 1726 1019 1798 apud
1041 1743 1152 1784 seruum
1170 1728 1215 1784 uel
1232 1729 1367 1799 pupillum
1385 1725 1534 1796 depositum
1549 1735 1667 1781 comme

246 1816 377 1872 dotumue
395 1815 490 1888 luerit,
508 1817 557 1872 sed
576 1817 615 1873 ita
632 1817 756 1888 demum,
779 1817 803 1872 sl
821 1823 870 1874 aut
886 1816 949 1873 dolo
968 1817 1040 1874 malo
1058 1823 1107 1872 aut
1124 1817 1205 1888 oulpe
1222 1816 1251 1872 hi
1269 1815 1407 1886 leoerunt,
1425 1830 1474 1886 pro
1491 1813 1580 1885 quibus
1594 1810 1668 1870 lde·

246 1906 356 1962 iussum.
369 1911 421 1962 est.
570 1945 571 1948 ,
1694 1900 1703 1942 ⁸

209 1989 228 2048 3
300 1995 449 2052 Unmsrrus
469 1993 538 2051 libro
562 1994 791 2065 quadragensimo
814 1995 895 2050 tertio
917 1993 953 2050 ad
977 1993 1117 2050 Sabinum.
1163 1993 1216 2062 Qui
1238 1993 1374 2050 satisdare
1397 1989 1541 2078 [busur.
1557 1997 1672 2076 np-rej
1698 1984 1710 2038 ⁸

246 2084 379 2156 promisit,
397 2084 438 2140 ita
454 2083 564 2140 demum
582 2084 711 2154 implesse
729 2084 932 2155 stipulationem
945 2083 1132 2140 satisdationis
1142 2083 1261 2153 uidetur,
1280 2083 1303 2138 si
1316 2099 1379 2139 enm
1392 2081 1499 2138 dederit
1509 2077 1673 2138 morionis

246 2173 321 2242 loeo,
345 2173 393 2244 qui
410 2171 526 2242 obligari
543 2176 637 2243 potest
653 2177 683 2228 et
700 2173 855 2230 oonnenirr':
878 2178 998 2229 osterum
1023 2173 1047 2230 al
1070 2172 1177 2252 dederit
1193 2187 1304 2228 seruum
1324 2177 1372 2227 aut
1390 2169 1475 2227 lilium
1492 2169 1601 2238 familias,
1618 2177 1675 2221 ex

246 2259 347 2331 quibua
367 2262 459 2318 musis
481 2260 516 2317 de
539 2263 646 2332 poentio
670 2263 743 2318 aetio
766 2277 821 2320 non
837 2253 939 2332 'detru,
963 2262 1007 2318 uel
1026 2263 1181 2332 mullerem,
1205 2277 1276 2332 quse
1299 2262 1402 2317 auxilio
1424 2264 1534 2316 senatus
1553 2250 1675 2314 oonsulfi

246 2351 341 2421 utitur,
358 2349 505 2406 dleendum
523 2355 567 2407 eat
583 2366 639 2407 uon
656 2366 718 2408 ease
735 2351 875 2424 impletam
893 2350 1079 2408 sausdstionis
1096 2351 1308 2422 stipulationem.
1335 2351 1417 2420 plane
1435 2350 1459 2404 si
1476 2364 1528 2406 nou
1543 2347 1673 2404 idoneum

246 2437 433 2496 fideiussorem
452 2438 583 2511 dederitl,
607 2441 695 2512 magis
714 2445 770 2511 est,
793 2447 824 2496 ut
841 2438 1013 2497 nflsisntum
1031 2442 1080 2511 nit,
1104 2441 1170 2512 quia
1191 2441 1238 2511 qui
1263 2439 1375 2496 admisit
1392 2453 1455 2494 sum
1474 2435 1669 2500 testoridem,
1695 2443 1714 2486 n

247 2527 374 2584 idoneum
393 2543 455 2584 esse
472 2528 670 2599 eomprobault
899 2561 901 2566 ·

208 2615 228 2672 4
299 2618 377 2674 Innrr
400 2617 469 2674 libro
485 2617 716 2689 quadragensimo
733 2617 829 2690 quinto
847 2617 883 2674 ad
901 2615 1042 2674 Sabinum.
1078 2618 1174 2674 Potest
1194 2617 1282 2688 eooipi
1298 2615 1445 2674 fideiussor
1461 2616 1519 2672 eins
1534 2603 1664 2699 [effi
1679 2617 1700 2674 S

247 2707 377 2776 aetionis,
399 2721 481 2777 quom
500 2705 644 2764 babituros
661 2723 722 2763 sum
741 2706 875 2764 aduersus
892 2723 969 2778 eum,
992 2721 1041 2778 pro
1059 2721 1115 2776 quo
1132 2705 1268 2776 liddensi,
1287 2707 1332 2762 uel
1350 2704 1474 2762 mandeti
1491 2705 1532 2760 uel
1548 2704 1657 2774 negotio-

214 2800 227 2845 1
246 2811 307 2851 rum
324 2797 473 2866 gestorum.
504 2795 662 2854 Fideiussor
679 2801 707 2852 et
725 2797 784 2867 ipse
801 2795 939 2867 obligatur
956 2801 986 2852 et
996 2795 1124 2852 herodem
1136 2793 1288 2866 obligatum
1299 2795 1435 2866 relinquit,
1454 2809 1513 2850 oum
1525 2794 1560 2849 rel
1573 2793 1652 2848 lorum

246 2884 378 2956 optineat
1661 2897 1680 2936 rr

209 2967 229 3026 b
299 2973 377 3028 Inurr
393 2971 462 3029 libro
479 2973 709 3046 qusdragensimo
727 2979 806 3032 sexto
824 2974 860 3030 ad
878 2972 1019 3030 Sabinum.
1055 2973 1226 3030 Generaliter
1242 2973 1365 3030 Iulianus
1389 2973 1429 3029 ait
1446 2987 1515 3044 eum,
1532 2965 1669 3056 [efflui

246 3062 293 3133 qui
310 3061 390 3118 lueres
404 3063 514 3120 exstitit
531 3064 570 3134 ei,
591 3078 643 3134 pro
665 3079 720 3135 quo
743 3064 942 3132 intumuerat,
964 3061 1074 3118 liberari
1097 3077 1133 3118 ex
1156 3077 1242 3118 eausa
1262 3063 1430 3118 oooeasionis
1453 3067 1482 3118 et
1502 3058 1638 3118 solumnodo

246 3152 325 3223 quasi
342 3150 470 3208 heredem
488 3153 528 3208 rei
546 3154 641 3209 teneri.
668 3152 786 3224 denique
803 3151 926 3222 seripsit,
949 3151 974 3206 si
991 3149 1135 3208 fideiussor
1157 3151 1237 3208 heres
1259 3151 1381 3207 extiterit
1398 3151 1437 3220 ei,
1459 3165 1507 3221 pro
1527 3165 1573 3222 quo
1590 3147 1635 3204 ide

245 3240 337 3312 instit,
360 3241 439 3311 qnasi
457 3256 533 3297 reum
551 3256 613 3298 esse
630 3241 796 3312 obligatum,
819 3256 854 3297 ex
872 3255 957 3296 nausa
974 3237 1158 3296 fideiussionis
1181 3239 1303 3296 liberari:
1326 3255 1403 3296 reum
1428 3255 1493 3296 uero
1514 3254 1555 3296 reo
1569 3251 1632 3294 ιιιιι-

159 3397 166 3412 ·
246 3329 356 3385 dentem
375 3344 409 3386 ex
427 3329 537 3386 duobus
553 3331 645 3386 musis
662 3346 725 3386 ease
741 3331 902 3400 obligatum.
929 3343 981 3384 neo
998 3329 1070 3384 euim
1088 3335 1181 3400 potest
1197 3330 1337 3400 repperiri,
1354 3345 1427 3400 quae
1445 3328 1564 3399 obligatio
1577 3335 1659 3398 quenti

245 3423 382 3490 peremat:
401 3423 431 3474 st
447 3419 475 3474 in
493 3417 654 3476 fideiussore
672 3423 701 3476 et
718 3435 766 3476 reo
783 3419 944 3492 repperitur,
962 3418 1028 3488 quia
1045 3417 1084 3474 rei
1102 3417 1234 3488 obligatio
1252 3419 1358 3488 plenior
1370 3423 1422 3474 est
1450 3434 1510 3473 num
1523 3415 1630 3484 ubirliqor

246 3507 399 3564 differentia
416 3513 459 3564 est
476 3507 687 3579 obligationum,
710 3513 803 3580 potest
819 3508 949 3564 eonstitui
967 3509 1081 3564 ulteraur
1100 3523 1149 3578 per
1166 3507 1279 3564 alteram
1297 3508 1415 3578 peremi:
1440 3523 1500 3562 oum
1517 3519 1570 3562 nero
1583 3503 1629 3558 due
1700 3522 1701 3525 ¹

246 3595 368 3653 eiusdem
386 3597 442 3653 sint
458 3597 613 3668 potestatis,
631 3613 685 3653 non
703 3601 796 3670 potest
813 3597 956 3669 repperiri,
978 3612 1027 3653 our
1044 3598 1130 3654 ultera
1147 3598 1240 3668 potius
1257 3611 1340 3667 quam
1358 3597 1446 3652 altera
1463 3595 1627 3652 consumeretur.
1716 3651 1718 3656 ,

245 3683 329 3742 relert
346 3691 437 3742 autem
456 3685 525 3743 lrseo
542 3685 578 3742 ud
595 3686 724 3757 speeiem,
742 3687 770 3742 iu
788 3702 844 3758 qua
861 3688 922 3742 uult
932 3685 1078 3744 ostendere
1090 3701 1144 3742 nou
1156 3701 1219 3742 esse
1231 3701 1342 3756 nouum,
1361 3691 1394 3742 ut
1411 3683 1482 3740 duae
1493 3681 1627 3752 obligatione
1699 3686 1702 3737 ζ

245 3775 274 3830 in
291 3775 371 3830 unlus
388 3789 507 3845 persona
523 3781 694 3832 oouonrrant.
722 3780 766 3832 est
783 3782 875 3834 autem
894 3775 1001 3846 speeies
1019 3775 1091 3831 tulis.
1118 3775 1142 3831 si
1160 3789 1223 3832 reos
1239 3773 1418 3845 promittendi
1436 3789 1482 3830 reo
1498 3765 1626 3845 promuerit
1636 3775 1653 3816 ι·
1718 3803 1719 3810 1

245 3861 325 3918 heres
342 3863 486 3933 exstiterit,
505 3861 575 3920 duas
592 3863 775 3935 obligationes
792 3865 922 3921 sustinet:
945 3865 1011 3921 item
1029 3866 1053 3920 si
1071 3879 1135 3920 reus
1153 3863 1302 3935 stipulaudi
1319 3863 1458 3920 exstiterit
1474 3863 1543 3919 lueres
1556 3860 1584 3914 rel
1595 3855 1625 3910 nfi-

245 3951 370 4022 pulandi‚
394 3952 464 4008 dues
482 3953 589 4023 speeies
608 3953 782 4024 obligationis
800 3952 954 4010 sustinebit
981 3955 1061 4024 plane
1086 3954 1109 4010 si
1127 3969 1163 4010 ex
1180 3953 1267 4008 alters
1289 3968 1383 4008 earum
1408 3953 1505 4024 egerit,
1526 3957 1624 4015 nument
1698 3988 1699 3991 ,

246 4047 402 4112 eonsumet‚
425 4039 555 4098 uidelicet
572 4041 637 4113 qula
653 4049 752 4098 natura
769 4041 965 4114 obligationum
989 4043 1118 4114 duarum,
1143 4057 1213 4112 quas
1230 4041 1359 4113 baberet,
1381 4057 1417 4098 ea
1434 4047 1514 4112 esset,
1534 4043 1567 4108 ut,
1583 4047 1623 4090 tull

247 4130 333 4186 altera
349 4145 443 4186 earum
461 4131 490 4186 in
507 4129 637 4188 iuditium
654 4131 843 4203 doduoeretur,
862 4133 949 4189 nitere
966 4135 1179 4189 consumeretur.

246 4236 438 4306 ΠΧΥΜΟΟ)

246 4381 255 4415 ¹
274 4393 392 4450 eumque
409 4377 528 4436 oreditor
544 4379 634 4435 solens
652 4377 794 4436 admiserit
811 4383 939 4436 rrmdraue
957 4381 1197 4448 aesimeles.)

247 4520 387 4590 'laoni'pi
405 4520 444 4573 F*
497 4521 531 4576 13
548 4518 652 4576 duxilio
670 4521 707 4574 Ρ
758 4521 792 4578 14
809 4521 890 4592 plane
907 4521 932 4577 ai
986 4521 1019 4576 19
1042 4521 1179 4592 obligetur
1203 4523 1240 4576 F¹
1260 4521 1444 4592 t'reliqultF
1488 4522 1517 4576 21
1533 4507 1619 4590 imru]

246 4605 301 4678 uon
323 4591 451 4678 idoneum
461 4591 530 4678 ⁸rep]
554 4591 569 4646 ὁ
592 4591 623 4645 ni
645 4593 732 4676 sannis
753 4590 932 4680 lsangduesoc
984 4593 1095 4648 ilianum
1114 4595 1149 4647 Ρ
1208 4595 1243 4648 22
1265 4592 1527 4678 inter'e'ueneratl’
1566 4581 1617 4638 23²³

246 4679 487 4802 nemsi
503 4671 933 4790 li³ttl‘tt:tlrt“⁶tl“⁸t
984 4647 1615 4806 telltlffilltlilrffidl‘ltltll

246 4755 418 4876 :asperetur
429 4750 836 4876 potestneoipfiideiussoreiun
848 4755 931 4862 equatio·
984 4806 1096 4876 peritur]
1116 4809 1160 4868 lit.
1179 4809 1328 4877 rerporitur
1345 4753 1404 4876 anl
1419 4807 1462 4863 obi
1480 4806 1511 4858 pr
1549 4797 1614 4880 llll

246 4875 289 4930 nis
307 4891 389 4945 quem
407 4875 549 4932 habiturus
566 4891 637 4931 sum.
663 4878 708 4946 agi
726 4881 818 4946 potest
835 4877 931 4932 sduer·
984 4877 1040 4932 tuis
1058 4879 1095 4931 F¹
1149 4879 1184 4934 29
1201 4885 1294 4948 repert
1312 4880 1347 4932 Ρ
1363 4881 1369 4948 Ι
1384 4880 1442 4934 uolt
1458 4877 1491 4930 Ρ
1527 4857 1612 4928 elren]
1688 4888 1690 4891 ·

247 4961 294 5002 sue
312 4961 374 5002 eum
386 4962 502 5018 proquo
517 4945 639 5003 fideiussi
652 4952 837 5018 ...gestorum
856 4957 933 5004 omit
984 4949 1058 5004 idem
1076 4950 1125 5004 με
1149 4953 1226 5022 leyen
1250 4950 1310 5004 litae
1329 4949 1470 5006 orditurl'
1508 4941 1613 5000 itum·
1685 4986 1687 4999 ι

247 5017 310 5072 baec
329 5019 479 5091 Anonymua
495 5023 560 5074 mole
614 5019 648 5074 18
665 5017 817 5075 fideiussi‘s’
832 5021 875 5074 uel
894 5020 932 5073 1³²
984 5019 1119 5090 qu'a'el’
1153 5021 1189 5076 33
1198 5017 1377 5076 hebereW¹
1406 4999 1612 5076 etdndrearul'
