3614 5460
68 287 112 335 nn
127 287 174 334 nn
189 285 452 335 snoumrorrmns
468 285 642 335 caruerunt
737 261 823 344 837
1119 268 1313 337 XXXXVIII
1337 271 1378 338 16
1397 278 1495 334 2-11

31 426 50 485 2
122 427 243 482 Psunus
261 424 330 481 libro
348 425 480 496 singulari
498 425 533 482 de
551 426 647 497 poenis
664 427 785 482 omnium
803 427 904 497 legum.
932 426 984 494 Qui
1003 426 1146 498 destiterit,
1165 443 1248 498 agere
1266 444 1322 486 am·
1340 423 1496 514 Q
1516 435 1559 490 Ρ*

67 517 141 588 plius
159 520 189 571 et
206 529 335 572 accusare
352 513 519 585 prohibetur.

31 605 49 664 3
122 605 199 660 {nea
217 604 285 660 libro
303 604 390 674 primo
409 603 614 659 sententiarum.
642 603 678 658 Et
694 604 722 659 in
736 604 850 674 priuatis
862 609 891 660 et
902 603 929 659 in
942 619 987 660 ex·
1007 600 1496 688 [imm—afim
1515 613 1559 668 Ρ·

67 694 255 750 tracrdinariis
273 692 445 748 criminibus¹
465 707 560 748 omnes
578 692 737 748 calumniosi
755 697 834 748 erbe
851 693 973 749 ordinem
991 709 1041 764 pro
1059 695 1190 765 qualitate
1208 696 1320 751 admissi
1334 697 1496 767 plectuntur.
1516 707 1531 748 ι

28 785 49 842 4
122 783 302 838 Psnruranos
313 781 382 838 libro
394 783 488 852 quinto
500 781 607 838 decimo
619 771 820 852 responsorum.
848 783 952 852 Mulier,
970 798 1041 852 qnae
1073 794 1339 854 cf.uara.1.1§1ou.t
1355 797 1497 854 b.oo,1,1a
1516 791 1544 845 P

67 870 131 928 l'alsi
148 872 249 927 crimen
267 871 382 927 iniuriae
399 871 524 942 propriae
541 877 605 941 post
622 872 809 942 interpositam
828 871 1059 928 denuntiationem
1073 873 1208 928 desistens
1220 875 1320 944 omisit,
1339 889 1373 930 ex
1385 879 1498 930 senatus

35 975 48 1019 1
67 961 196 1017 consulto
213 960 381 1030 Turpilliano
403 961 490 1016 teneri
512 975 567 1016 non
585 959 702 1016 uidetur.
738 961 805 1016 Post
822 959 996 1017 abolitionem
1014 961 1086 1018 idem
1106 963 1208 1019 crimen
1225 961 1261 1018 ab
1280 963 1376 1019 eodem
1395 959 1497 1048 [iffi

67 1051 97 1106 in
115 1049 232 1106 eundern
251 1049 396 1105 insmurari
413 1063 468 1106 nou
485 1054 585 1120 potest
1409 1040 1497 1049 '—

25 1140 48 1200 ὁ
121 1139 241 1195 Pauuus
258 1139 327 1194 libro
345 1139 466 1194 secundo
484 1153 685 1210 responsorum.
721 1135 880 1203 Quaesitum
897 1144 953 1208 est,
974 1155 1009 1194 an
1026 1140 1059 1210 is,
1077 1139 1124 1210 qui
1142 1139 1232 1196 libello
1249 1141 1322 1212 priu-
1340 1137 1498 1225 &effi-4
1516 1147 1544 1202 P

66 1229 125 1300 cipt
142 1229 207 1284 dato
226 1226 324 1284 salsum
342 1241 373 1284 se
391 1225 560 1282 obiecturum
579 1228 699 1283 minatus
717 1230 767 1297 est,
785 1227 810 1282 si
828 1243 882 1283 non
894 1227 1049 1298 obiecisset,
1067 1229 1236 1298 Turpssliano
1248 1235 1360 1286 senatus
1372 1247 1404 1286 co
1517 1241 1545 1285 ro

65 1321 186 1376 tenetur.
218 1317 319 1373 Paulus
343 1316 484 1387 respondit
505 1317 597 1373 uerbis
620 1321 731 1372 senatus
754 1317 872 1372 consulti
888 1317 1049 1388 Turpilliani
1073 1333 1136 1374 eum
1159 1319 1195 1375 de
1213 1335 1268 1390 quo
1285 1322 1425 1390 quaeritur
1442 1337 1497 1379 non

65 1407 210 1464 contineri.

23 1495 46 1556 6
121 1497 198 1552 Inuus
215 1495 284 1552 libro
302 1496 390 1566 primo
408 1493 612 1550 sententiarum.
639 1493 685 1550 Ab
703 1495 878 1550 accusatione
896 1493 1009 1564 destitit,
1027 1496 1153 1566 quicum
1166 1497 1323 1556 aduersario
1340 1493 1497 1583 [Esau—nn]
1515 1505 1558 1577 Ρ]

28 1596 44 1642 ι
64 1599 120 1642 ano
143 1585 178 1641 de
201 1585 398 1656 compositione
421 1585 480 1640 eius
497 1584 616 1640 criminis
634 1583 708 1653 quod
726 1582 885 1640 intendebat
902 1582 985 1639 inerit
1001 1585 1117 1640 locutus.
1150 1585 1251 1643 Animo
1269 1587 1304 1642 ab
1323 1576 1497 1646 attuatii}

28 1686 45 1732 a
65 1674 186 1745 destitit,
210 1675 257 1744 qui
280 1675 408 1730 affectum
431 1677 461 1728 et
483 1673 603 1728 animum
621 1672 768 1728 accusandi
785 1672 921 1744 deposuit.
957 1673 1103 1729 Destitisse
1121 1674 1243 1744 uidetur,
1265 1676 1312 1746 qui
1330 1677 1402 1733 intra
1419 1693 1496 1748 prae·
1516 1686 1545 1728 re

28 1762 174 1820 erinitum
198 1763 433 1819 accusationis¹a
455 1763 581 1832 praeside
603 1768 712 1832 tempus
736 1777 812 1817 reum
837 1777 916 1817 sunm
939 1777 993 1818 non
1015 1763 1131 1832 peregit
1166 1761 1356 1836 Nuntiatorcs,
1379 1767 1426 1835 qui
1448 1783 1497 1837 per

28 1853 201 1910 auctoriam
219 1852 321 1908 iudicia
337 1851 465 1922 produnt,
483 1851 596 1908 notoriis
614 1851 671 1906 snis
690 1849 822 1906 adsistere
840 1848 977 1906 iubentur.
1004 1851 1163 1907 Calumniae
1179 1868 1264 1909 causa
1275 1855 1432 1927 puniuntur,
1451 1857 1498 1926 qui

32 1969 41 1978 ·
64 1944 96 1999 ln
119 1941 244 1998 fraudem
266 1941 381 1996 alicuius
403 1939 501 1997 librum
520 1941 564 1996 uel
582 1940 768 1996 testimonium
787 1937 897 1994 aliudue
914 1939 980 2009 quid
998 1941 1168 2011 conquisisse
1185 1942 1231 1998 uel
1248 1944 1390 2015 scripsisse
1408 1945 1452 2000 uel
1469 1946 1498 2001 iu

65 2031 200 2088 iudicium
218 2031 363 2102 protulisse
381 2029 516 2085 dicuntur.
593 2091 596 2104 .
1516 2043 1545 2085 ra

25 2117 46 2178 'l
122 2119 273 2177 Umrsnns
289 2119 359 2176 libro
377 2125 476 2175 octauo
494 2118 719 2190 disputationum.
746 2115 777 2173 Si
794 2116 855 2187 quis
873 2120 998 2187 repetere
1016 2117 1084 2172 uelit
1101 2117 1203 2174 crimen
1215 2117 1325 2189 publica
1355 2117 1497 2190 banaja
1515 2127 1536 2181 S

66 2207 218 2268 abolitione
235 2209 442 2280 interueniente,
461 2224 494 2265 eo
511 2209 570 2264 iure
588 2207 695 2278 repetit,
714 2221 768 2276 quo
781 2204 943 2262 accusabat:
961 2206 1130 2276 nequeenim
1143 2196 1498 2280 possuntpraescdptffie's

66 2308 95 2354 es·
112 2297 195 2363 obici,
212 2312 283 2368 quae
301 2304 365 2354 ante
384 2313 490 2354 reorum
509 2297 684 2354 abolitionem
696 2311 752 2352 non
764 2301 828 2351 sunt
839 2295 971 2350 obiectae.
999 2299 1028 2350 ct
1039 2296 1078 2350 ita
1090 2295 1170 2351 dinus
1183 2295 1338 2352 Hadrianus
1349 2300 1497 2370 rescripsit.

34 2399 46 2444 1
67 2385 98 2442 Si
116 2387 317 2444 stellionatum¹
336 2387 397 2458 quis
415 2387 546 2444 obiecerit
563 2387 608 2442 uel
625 2386 760 2456 expilatae
778 2384 938 2440 hereditatis
956 2383 1058 2440 odmen
1075 2391 1104 2440 et
1122 2384 1232 2456 destitit,
1250 2399 1366 2456 poenam
1385 2393 1498 2444 senatus

67 2477 187 2532 consulti
204 2477 364 2548 Turpilliani
386 2491 440 2533 non
459 2475 574 2546 subibit,
598 2490 650 2531 nec
668 2476 692 2530 ai
709 2473 774 2530 furti
792 2475 837 2529 uel
854 2473 1025 2530 iniuriarum:
1048 2473 1099 2529 sed
1116 2471 1207 2529 cilicio
1225 2473 1323 2530 iudicis
1341 2475 1421 2546 culpa
1438 2477 1497 2532 eius

67 2563 248 2622 coercebitur.
1516 2578 1545 2620 ru

34 2651 50 2712 8
122 2654 303 2710 Puerumuus
320 2653 389 2711 libro
407 2653 528 2710 secundo
546 2653 581 2708 de
600 2651 748 2710 adulteriis.
784 2650 905 2708 abolitio
924 2655 972 2706 aut
988 2649 1096 2722 publice
1113 2650 1145 2707 fit
1165 2637 1247 2737 ΙῬοιι.
1259 2667 1296 2722 ιι,
1308 2667 1330 2712 ι.
1345 2665 1372 2712 e.
1383 2667 1421 2724 so,
1433 2667 1454 2722 ι,
1467 2667 1496 2714 ιι
1515 2661 1537 2718 S

68 2741 106 2800 nb
123 2743 196 2799 diem
214 2744 349 2814 insignem
368 2747 415 2798 aut
433 2742 569 2814 publicam
587 2742 797 2812 gratulationem

36 2832 51 2892 9
121 2833 229 2890 uacua
251 2832 461 2888 librovseoundo
479 2831 658 2903 publicorum.
691 2831 735 2886 uel
754 2829 789 2887 cb
807 2845 864 2886 rann
882 2845 1012 2901 prospere
1029 2833 1137 2900 gestam
1180 2829 1550 2902 ‘Por.11,ab.co,1,1os·

22 2921 53 2982 10
122 2923 304 2978 Pseuuauue
329 2922 398 2978 libro
425 2921 546 2978 secundo
573 2922 604 2976 de
631 2919 781 2976 adulteriis.
817 2924 866 2975 aut
891 2919 1019 2990 priuatim
1046 2924 1137 2976 actore
1180 2918 1536 2990 'Pou.1l,t.lt.co‚1‚1tfl

67 3013 234 3084 postulante.
266 3011 346 3067 tertio
370 3026 470 3081 genere
492 3009 524 3066 fit
547 3011 665 3080 exlege
690 3009 800 3066 abolitio
822 3015 982 3064 accusatore
1006 3013 1114 3064 mortuo
1133 2995 1496 3094 uelfflmff[ffffl
1516 3025 1545 3068 so

40 3113 50 3158 ι
68 3117 155 3158 causa
171 3099 315 3172 impedito,
336 3115 391 3170 quo
409 3101 499 3155 miuus
517 3115 645 3155 accusare
663 3099 759 3170 possit.
794 3097 950 3154 Abolitione
968 3103 1060 3154 autem
1077 3097 1186 3168 publice
1203 3097 1278 3155 iacta
1294 3115 1350 3155 nou
1367 3087 1497 3157 retrac-ta'·
1616 3101 1617 3104 ’

39 3201 52 3247 t
68 3189 143 3247 bitur
160 3191 189 3246 in
207 3191 307 3246 iudicio
324 3189 474 3261 repetendo
492 3188 527 3244 de
545 3189 634 3243 mariti
652 3189 719 3244 iure.
746 3188 873 3257 Triginta
890 3187 949 3242 dias
967 3187 1108 3258 repetendi
1126 3189 1165 3243 rei
1177 3188 1257 3243 diuus
1269 3189 1403 3244 Traianus
1416 3191 1496 3246 utiles

68 3295 131 3336 esse
149 3267 343 3350 interpretatus
362 3282 412 3348 est,
430 3293 465 3334 er
483 3277 528 3332 die
546 3277 658 3346 scilicet,
677 3292 732 3347 qun
750 3275 833 3332 feriae
852 3274 944 3332 finitae
963 3282 1035 3332 sunt
1062 3281 1092 3332 at
1109 3283 1221 3332 senatus
1238 3277 1346 3333 censuit
1361 3279 1424 3332 eas‘
1437 3277 1496 3334 dies

68 3367 177 3438 cedere,
195 3367 294 3438 quibus
312 3368 428 3437 quisque
446 3381 522 3422 reum
540 3381 620 3422 suum
638 3369 762 3436 repetere
780 3366 875 3436 possit
903 3365 955 3422 boc
973 3369 1081 3422 autem⁸
1098 3367 1241 3437 repetendi
1258 3367 1297 3422 rei
1315 3371 1424 3437 tempus
1441 3381 1496 3424 non

68 3459 148 3514 aliter
165 3457 246 3526 cedit,
265 3473 347 3528 quarn
366 3457 390 3511 si
408 3461 553 3512 accusator
569 3471 678 3526 qnoque
696 3455 786 3526 potuit
803 3455 887 3510 adire.
1514 3467 1544 3512 at

16 3550 50 3607 11
121 3547 199 3602 tuear
220 3546 289 3602 libro
307 3546 437 3616 singulari
456 3545 491 3600 de
508 3544 648 3601 adulteris.
684 3543 887 3614 Quaerebatur,
910 3559 946 3600 an
962 3543 1005 3614 bi,
1029 3543 1077 3614 qui
1094 3542 1130 3599 ab
1148 3544 1321 3600 aununtione
1340 3539 1536 3630 [ΜΒ

66 3643 261 3714 ramae)

68 3789 78 3824 ¹
97 3786 172 3842 etin
190 3785 305 3856 priuatis
323 3785 397 3840 etin
415 3783 532 3854 publicis
550 3783 657 3840 iudiciis
677 3784 773 3839 Paulus
797 3792 819 3838 r's
842 3803 915 3856 quem
938 3784 1059 3839 tutemus
1081 3765 1217 3857 bubuitpae
1240 3791 1298 3838 item
1320 3791 1410 3840 carior
1429 3784 1497 3840 Gou-

67 3861 214 3914 raltattontr
284 3857 500 3912 ²accusationi?
569 3856 769 3912 ⁸stellionatus
788 3855 887 3922 (adult
962 3855 1040 3912 ‘eos
1058 3854 1155 3922 (euelli
1230 3857 1399 3928 ‘requiritur
1416 3855 1497 3927 enim,

67 3937 121 3985 uisi
138 3929 200 3983 boec
218 3928 295 3983 uerba
313 3933 380 3983 atius
397 3936 510 3983 auctoris
526 3935 585 3982 runt

67 4058 758 4130 3idem4cmncs1idemllb.utitdcpri·
810 4059 870 4113 552.
886 4059 938 4114 605
961 4066 984 4113 et
1002 4079 1061 4130 app.
1079 4079 1104 4130 p.
1119 4059 1224 4113 5253:
1248 4057 1394 4130 Symmacla
1412 4060 1454 4124 10,
1471 4059 1498 4114 4.

68 4133 142 4188 uatis
161 4137 190 4186 et
205 4130 321 4202 publicis
333 4131 440 4186 iudiciis
452 4147 547 4186 omnes
562 4132 636 4186 Ocra.
653 4133 657 4199 Ι
673 4137 701 4186 et
712 4132 759 4186 *im
810 4129 853 4183 38.
862 4130 911 4183 44:
929 4138 1036 4200 ercept.
1047 4133 1124 4203 plora.
1136 4149 1162 4197 p.
1171 4130 1224 4184 333
1236 4130 1322 4200 steph.
1333 4132 1426 4184 rodata
1437 4137 1498 4185 acta

68 4204 185 4275 priuatis
205 4204 240 4256 l*
297 4203 314 4257 4
336 4203 503 4273 plectuntur]
527 4211 565 4258 aie
587 4204 611 4255 F
631 4209 655 4256 at
676 4203 759 4266 Palu,
811 4199 935 4255 Salmasii
959 4203 995 4256 nd
1014 4209 1094 4255 uilem
1114 4201 1205 4256 Claud.
1223 4202 1277 4267 171
1297 4199 1443 4256 iubentur
1462 4202 1499 4255 F’

67 4274 206 4347 plectendi
224 4277 290 4330 sunt
303 4275 414 4330 donau.
462 4274 610 4330 iiniuriae
621 4273 757 4343 propriae]
811 4273 847 4328 20
864 4277 962 4328 octauo
980 4273 1074 4326 cm.F¹
1091 4274 1095 4335 l
1111 4273 1194 4326 uelit⁴
1207 4273 1309 4326 crimen
1322 4272 1359 4326 F’
1406 4275 1438 4328 21
1452 4287 1498 4328 ne-

68 4349 137 4403 ruem
152 4345 215 4401 138:
233 4345 297 4417 ὅπερ
314 4346 392 4400 taeta
408 4346 458 4400 reio
471 4346 535 4402 iliae
553 4346 635 4399 airiac
651 4344 758 4400 ἒκεετὴ·
811 4358 865 4412 que
883 4344 955 4399 enim
972 4347 1020 4408 (air
1031 4342 1108 4408 ΧΨ,
1127 4358 1181 4400 uon
1199 4357 1269 4412 eque
1287 4344 1358 4398 enim
1372 4343 1425 4409 fo,
1444 4358 1499 4400 uon

68 4438 133 4474 raro
150 4423 155 4484 l
171 4417 305 4472 desistent
318 4419 353 4471 F¹
407 4417 765 4488 alihallil'11prinoipar
812 4429 900 4484 nequa
917 4415 988 4470 eninr
1000 4415 1050 4479 X‘,
1069 4429 1123 4470 non
1141 4415 1212 4469 enim
1230 4429 1300 4482 equa
1313 4415 1351 4480 M,
1370 4430 1424 4471 non
1437 4431 1498 4471 eam

69 4492 104 4547 10
123 4489 188 4558 non]
207 4506 261 4544 nan
280 4490 315 4542 Ρ
369 4490 402 4544 1Ἰ
421 4489 564 4558 notoriam]
580 4490 613 4543 F:
631 4488 758 4543 πιττικώ-
812 4501 882 4555 eque
893 4487 934 4551 θ’,
947 4501 1001 4542 non
1012 4501 1082 4554 eque
1094 4487 1137 4550 θ’)
1146 4493 1262 4557 possunt
1271 4488 1498 4557 praescriptiones

68 4581 137 4617 aare
160 4561 186 4615 B
204 4563 313 4624 (Aaou.)
335 4561 340 4628 Ι
359 4561 481 4630 notoriis]
511 4562 553 4625 F',
578 4561 690 4616 notariis
716 4561 759 4612 la
812 4559 919 4624 ellel,
938 4557 1149 4624 venustiori)
1166 4557 1247 4626 obici]
1268 4559 1305 4614 aei
1325 4556 1356 4620 οῨ
1374 4561 1497 4622 bttuatur

67 4633 178 4690 namna
209 4651 281 4686 crana
300 4639 357 4686 item
375 4640 502 4704 reperitur
520 4634 591 4703 apud
604 4633 760 4703 Appuleium
813 4629 884 4698 ιῨτῷ
911 4627 1079 4684 ἰικτιτίθεοθιι
1105 4630 1265 4700 usperpebei
1294 4629 1341 4684 RS
1365 4631 1499 4696 (Dorotb.)

67 4713 126 4760 met.
136 4706 162 4768 7,
190 4743 197 4766 ,
210 4711 238 4757 at
250 4705 356 4758 notaria
369 4713 394 4756 tn
407 4711 461 4758 atta
475 4712 533 4774 imp.
547 4704 650 4759 Claudat
662 4724 682 4757 c.
694 4705 727 4756 17
737 4709 761 4758 rt
812 4701 936 4772 atquae]
950 4701 983 4754 Ρ*
989 4701 1016 4756 Υ
1015 4701 1043 4766 0,
1056 4715 1158 4770 quaero
1168 4701 1254 4765 F·M⁶,
1264 4717 1334 4771 qrrae
1343 4717 1390 4757 rec
1399 4699 1497 4757 XM⁴0

69 4779 207 4849 inplorata
226 4775 543 4846 Pseudo-Cyrillip.540
562 4774 648 4844 Stepls.
666 4773 759 4838 (ιιὴιιγ-
806 4775 847 4828 23
860 4773 1023 4828 desistititF
1066 4773 1320 4828 terraturium
1364 4772 1499 4842 28pnbli·

70 4867 109 4904 cre
170 4847 294 4913 uotada).
313 4847 447 4902 debilitari
459 4853 610 4910 uariantut
623 4845 759 4900 caulae.
812 4845 914 4914 corum]
939 4843 1108 4914 publicorum
1131 4845 1292 4900 iudiciorum
1312 4845 1349 4898 F*
1411 4846 1445 4900 29
1463 4843 1499 4899 da

68 4921 95 4986 9,
107 4921 133 4983 2,
144 4920 178 4974 7.-
195 4925 273 4972 cenat.
285 4918 413 4972 Sirmond.
427 4918 460 4970 tu
473 4937 504 4966 =
518 4917 758 4981 rod.Tbeodoe.16,
812 4936 860 4970 em.
875 4917 899 4970 F
911 4919 915 4982 Ι
933 4915 1092 4970 adulteriis
1105 4917 1142 4968 F’
1192 4918 1226 4972 33
1245 4915 1448 4986 interpretatus]
1463 4915 1499 4968 P·

67 4991 94 5056 2,
106 4989 156 5044 31:
177 4989 313 5061 Aupuatia.
328 5009 365 5060 ep.
380 4989 436 5042 129.
448 4989 505 5042 133.
519 4989 568 5042 134
581 4989 618 5042 ed.
628 4988 758 5042 Benedici.
811 4995 836 5043 et
853 4989 898 5053 F’,
916 4987 1128 5058 interpraetatur
1146 4987 1183 5041 F*
1236 4987 1272 5043 35
1289 4987 1381 5044 cedi't*
1393 4987 1430 5043 F’

68 5069 93 5118 et
112 5069 140 5116 in
150 5068 216 5116 actis
228 5059 360 5116 Decutiat.
371 5061 421 5116 aot
431 5059 478 5114 IX
488 5061 597 5116 eiusdem
613 5059 650 5114 sd
661 5078 688 5130 p.
697 5059 757 5114 551.

16 5351 99 5451 un.
