4350 5438
789 179 793 184 ,
901 135 910 175 l

287 261 334 308 nn
357 260 608 310 uaosrronrans
957 236 1040 317 921
1103 297 1107 312 ,
1532 241 1559 309 L
1581 243 1599 308 7
1620 251 1717 306 5—17

287 401 352 456 lecti
371 404 448 469 sunt,
468 397 554 456 iuncti
572 401 635 455 sint.
662 400 712 458 sed
730 401 753 455 si
772 400 873 470 legatio
891 399 926 454 de
944 399 1107 470 primoribus
1124 400 1191 456 uiris
1209 399 1347 456 desideret
1363 415 1495 471 pmsonas
1513 406 1541 456 ιι
1558 402 1605 474 qni
1624 401 1719 458 ordine
1795 453 1797 458 ,
1884 415 1885 418 ’

288 495 423 546 uocantur
441 488 582 545 inferiores
600 489 668 559 sint,
691 504 745 545 non
763 504 825 544 csse
842 488 1045 545 obseruandum
1063 489 1185 546 ordinem
1205 490 1286 546 diuus
1305 489 1458 546 Hadrianus
1477 490 1513 546 ad
1531 491 1719 547 Clazomenios

256 589 271 634 ι
289 579 437 648 rescripsit.
474 578 642 648 Praecipitur
660 583 751 634 autem
771 579 861 634 edicto
879 578 936 633 dini
955 577 1117 650 Uespasiani
1135 579 1261 636 omnibus
1280 581 1451 652 ciuitatibus,
1475 595 1510 638 ne
1528 583 1620 652 plnres
1638 596 1720 652 quarn

289 673 382 724 ternos
399 669 507 738 legatos
524 668 642 722 mittant.
1737 687 1752 727 4

189 754 271 834 c(5)
343 757 501 813 Scauuonn
519 756 587 812 libro
605 755 693 828 primo
712 757 876 826 regnintum.
906 756 1012 825 Legato
1030 759 1139 826 tempus
1157 757 1277 836 prodest,
1296 773 1330 814 ex
1348 775 1403 830 qno
1421 760 1529 830 legatus
1547 762 1718 826 creatorest,
1753 761 1774 815 S

257 857 269 902 1
290 862 344 903 non
363 861 397 902 ex
416 861 471 915 qno
489 847 604 902 Romam
623 846 707 902 uenit.
735 843 790 900 Sed
808 845 832 900 si
851 858 905 900 non
923 849 1040 915 ιοιιιιιι,
1058 846 1165 916 legatus
1184 848 1220 902 sit
1238 864 1273 903 an
1292 863 1354 919 non,
1373 849 1477 906 Romae
1494 852 1604 920 praetor
1621 848 1655 902 de
1667 846 1720 904 hoc

289 951 322 992 ιο
344 936 440 991 ιοιιίι.
1347 977 1355 992 .

191 1021 272 1103 7(6)
323 953 494 1082 gUrerarrus
517 1023 585 1078 libro
608 1027 706 1094 quarto
729 1022 763 1078 de
787 1020 878 1078 officio
895 1023 1074 1092 proconsulis.
1110 1023 1179 1080 Filio
1197 1029 1309 1096 propter
1325 1031 1431 1096 patrem
1449 1027 1594 1096 legationis
1612 1025 1720 1082 ιιιιιίο
1752 1029 1792 1103 Ss

290 1129 324 1170 ne
343 1113 518 1182 concedatur,
536 1114 684 1183 imperator
701 1117 794 1167 noster
812 1127 873 1167 curn
892 1117 970 1182 patre
983 1111 1097 1170 Claudio
1111 1113 1222 1169 Callisto
1240 1115 1380 1185 rescripsit
1397 1116 1425 1170 in
1437 1115 1505 1172 haec
1517 1115 1616 1172 uerba:
1636 1114 1722 1182 'Quod

290 1203 454 1272 ‘desideras,
479 1207 510 1257 ιιι
531 1207 642 1272 propter
662 1202 825 1271 legationem
845 1201 931 1271 patris
949 1203 989 1257 tui
1007 1217 1024 1257 a
1041 1203 1178 1273 legatione
1196 1207 1227 1258 tn
1244 1217 1342 1274 uaeas,
1367 1205 1395 1260 in
1412 1205 1562 1260 interuallis
1580 1205 1721 1280 honorum,
1742 1223 1769 1262 ro

291 1293 345 1362 'qni
367 1297 506 1362 sumptum
531 1290 647 1361 habent,
671 1296 745 1346 reete
768 1289 943 1346 obseruator:
966 1292 994 1347 in
1017 1291 1178 1362 impendiis¹
1200 1292 1382 1363 legationum,
1406 1309 1478 1364 quac
1495 1294 1554 1350 solo
1572 1293 1722 1349 ministerio

291 1375 443 1450 ‘obeuntur,
462 1380 572 1436 diuersa
590 1395 675 1435 cansa
692 1377 751 1434 est’.
963 1377 965 1380 ’

192 1469 212 1529 8
227 1469 272 1550 (7)
344 1471 525 1525 Promissus
542 1468 611 1524 libro
629 1469 716 1539 primo
733 1483 934 1538 responsorum.
962 1469 1047 1524 Filius
1065 1469 1176 1526 decurio
1190 1486 1240 1541 pro
1252 1475 1330 1541 patre
1342 1471 1487 1541 legationis
1499 1469 1618 1528 officium
1631 1484 1723 1524 susee-
1754 1476 1780 1530 P

290 1561 340 1630 pit.
371 1575 405 1614 ea
423 1575 467 1614 res
485 1557 584 1628 filium,
603 1572 658 1628 quo
677 1558 766 1612 minas
785 1557 880 1613 ordine
899 1573 949 1613 suo
967 1559 1075 1628 legatus
1094 1558 1295 1630 proficiscatur,
1314 1575 1369 1616 non
1386 1567 1513 1618 excusat:
1535 1563 1614 1630 pater
1631 1564 1724 1614 ιιιιιιιι

291 1647 394 1705 biennii
412 1649 583 1703 sanationem
603 1647 742 1702 uindicare
761 1647 870 1716 poterit,
889 1647 953 1716 qnia
970 1662 1020 1716 per
1038 1645 1122 1704 lilium
1141 1650 1278 1719 legatione
1295 1647 1406 1704 iunctus
1425 1649 1541 1706 uidetur.
1743 1663 1771 1706 re

193 1740 213 1798 9
228 1737 274 1818 (8)
345 1739 465 1795 Pronus
482 1737 551 1793 libro
569 1738 657 1806 primo
676 1750 877 1806 responsorum,
904 1735 1056 1807 Respondit
1074 1752 1149 1804 eum,
1168 1739 1215 1808 qui
1233 1739 1370 1808 legatione
1389 1737 1499 1795 innotus
1518 1745 1569 1808 est,
1587 1731 1725 1822 Q
1753 1749 1781 1804 Ρ

293 1830 364 1884 intra
381 1835 505 1897 tempora
524 1826 675 1882 uacationis
694 1823 838 1896 praefinita
856 1839 910 1880 non
928 1830 1053 1896 oportere
1073 1826 1083 1897 ll
1103 1829 1228 1898 compelli
1247 1844 1353 1884 rursum
1371 1829 1407 1884 ad
1424 1827 1625 1885 defendendum
1638 1826 1724 1897 publi·
1741 1834 1822 1888 ιιιι·

261 1929 273 1975 1
293 1933 355 1972 corn
374 1918 523 1986 negotium,
541 1915 649 1970 etiamsi
667 1913 702 1968 dc
720 1914 817 1969 eadem
836 1929 921 1969 cansa
935 1915 1065 1985 litigetur.
1095 1916 1285 1987 'Imperatores
1298 1917 1453 1973 Antoninus
1470 1924 1498 1974 st
1518 1902 1725 2002 [ιιι-’Ῥιπιῖιιζι

294 2005 439 2063 'Seuerus²
457 2005 578 2075 Augusti
602 2004 756 2060 Germano³
775 2002 896 2058 Siluano.
925 2005 1076 2074 Legatione
1098 2003 1200 2062 iunctis
1224 2005 1327 2062 biennii
1349 2007 1457 2062 uacatio
1481 2007 1650 2064 conceditur:
1674 2022 1726 2061 nec

261 2097 423 2164 a'intercst,
442 2099 532 2150 utrum
551 2094 652 2164 legatio
671 2094 698 2148 in
717 2091 784 2148 urbe
803 2109 838 2147 an
856 2093 883 2148 in
901 2093 1043 2163 prouincia
1059 2095 1205 2164 agentibus
1218 2095 1296 2150 nobis
1309 2095 1439 2151 mandata
1452 2095 1503 2151 rit'.
1531 2097 1600 2152 Pau·
1621 2082 1725 2181 [llio—{l
1744 2113 1772 2154 ao

194 2243 195 2250 ,
293 2187 337 2242 lue
355 2184 496 2255 respondit
514 2199 591 2253 cum,
615 2184 662 2254 qui
684 2183 822 2252 legatione
840 2181 976 2253 iungitur,
999 2199 1088 2254 neque
1106 2185 1201 2240 alianis
1219 2200 1308 2254 neque
1325 2185 1442 2256 propriis
1460 2185 1577 2255 negotiis
1596 2201 1626 2241 se
1644 2187 1726 2241 inter·

294 2289 395 2346 ponere
413 2273 521 2328 debere.
553 2273 580 2327 in
598 2287 653 2342 qua
671 2287 755 2327 causa
773 2287 828 2328 non
846 2271 932 2328 uideri
950 2288 1012 2328 curn
1031 2287 1139 2344 quoque
1158 2275 1304 2344 contineri,
1328 2275 1375 2344 qni
1393 2289 1455 2329 cnm
1474 2275 1561 2330 amico
1580 2289 1631 2330 suo
1648 2289 1726 2345 prae·

294 2369 354 2420 tore
372 2363 459 2432 gratis
477 2361 618 2418 consilium
637 2361 791 2432 participat.

185 2453 217 2514 l0
231 2451 277 2532 (9)
348 2453 426 2508 lnuu
447 2451 516 2507 libro
539 2451 620 2506 tertio
644 2465 845 2521 responsorum.
881 2451 984 2506 Paulus
1001 2451 1142 2521 respondit
1160 2451 1195 2506 de
1213 2466 1247 2508 eo
1265 2451 1378 2522 damno,
1402 2451 1477 2522 qnod
1494 2452 1640 2522 legationis
1658 2457 1726 2510 tem·
1756 2456 1783 2510 P

296 2558 361 2614 pore
380 2543 488 2610 legatus
505 2555 605 2611 passus
623 2548 676 2610 est,
695 2555 777 2610 posse
795 2556 858 2596 eum
876 2541 958 2596 etiam
977 2541 1123 2610 legationis
1141 2545 1263 2612 ternpore
1282 2541 1407 2612 experiri.
1745 2559 1773 2600 rs

185 2632 277 2710 l(10)
349 2631 426 2686 Ιοιιι
449 2630 518 2686 libro
541 2630 628 2701 prirno
651 2631 856 2686 sententiarum.
894 2631 1016 2699 Legatos
1039 2635 1185 2700 antequam
1209 2629 1301 2687 officio
1323 2631 1469 2701 legationis
1493 2629 1603 2686 iunctus
1625 2631 1675 2702 sit,
1698 2631 1727 2686 in
1757 2633 1783 2688 P

296 2737 353 2777 rem
373 2736 451 2774 snam
469 2718 535 2774 nibil
552 2734 635 2789 agere
653 2725 753 2789 potest,
772 2719 894 2789 exceptis
913 2719 955 2774 bie
973 2734 1044 2790 quae
1062 2719 1097 2773 ad
1115 2719 1240 2775 iniuriam
1260 2720 1319 2776 eius
1337 2721 1382 2776 uel
1399 2720 1529 2776 damnum
1545 2725 1642 2792 parata
1653 2723 1726 2776 sunt.

265 2819 278 2866 1
297 2809 326 2867 Si
338 2810 401 2880 quis
412 2809 440 2864 in
453 2823 564 2864 munere
577 2809 730 2879 legationis,
748 2813 895 2878 antequam
910 2808 945 2863 ad
958 2808 1073 2878 patriam
1090 2814 1251 2880 reuertatur,
1270 2809 1398 2882 decessit,
1417 2815 1552 2880 sumptus,
1571 2805 1727 2894 [Q

298 2901 344 2971 qui
362 2897 545 2970 proficiscenti
563 2903 628 2954 sunt
644 2898 710 2968 dati,
729 2913 783 2952 non
801 2897 989 2953 restituuntur.
1746 2915 1774 2956 aa
1870 2909 1874 2918 ·

185 2983 279 3066 t(11)
351 2989 428 3044 luera
450 2987 519 3042 libro
542 2987 672 3058 singulari
696 2987 731 3042 de
753 2988 812 3042 iure
834 2986 994 3042 libellorum.
1032 2987 1060 3043 Si
1084 2985 1190 3042 absenti
1214 2987 1338 3056 iniuncta
1353 2993 1396 3044 est
1413 2989 1515 3058 legatio
1534 3003 1649 3059 eamque
1667 3005 1728 3059 grs-
1757 2991 1799 3062 Ρ]

266 3087 278 3132 1
298 3079 395 3133 tultam
419 3078 553 3147 suscepit,
577 3080 670 3146 potest
692 3076 754 3145 quis
777 3081 805 3132 et
822 3091 872 3146 per
890 3077 972 3130 aliurn
990 3077 1154 3147 legationem
1174 3077 1290 3133 mittere.
1327 3077 1379 3144 Qui
1397 3078 1542 3148 legationis
1560 3075 1650 3134 cilicio
1669 3076 1728 3134 iun·

297 3168 379 3238 gitur,
397 3167 462 3222 licet
480 3182 559 3222 snum
578 3167 718 3236 negotium
737 3180 832 3220 curare
851 3181 906 3220 nna
919 3170 1018 3236 potest,
1038 3167 1153 3236 llagnus
1166 3171 1258 3222 tamen
1271 3166 1426 3222 Antoninus
1438 3168 1562 3236 permisit
1572 3168 1597 3222 ei
1609 3168 1728 3238 pupillae

298 3258 407 3314 nomine
426 3261 455 3312 et
471 3257 605 3312 instruero
624 3261 652 3310 et
671 3253 817 3311 defendere
836 3271 956 3325 causam,
974 3256 1038 3311 licet
1055 3255 1194 3326 legationi,
1212 3271 1294 3324 quam
1311 3255 1441 3326 suscepit,
1459 3257 1579 3312 nondum
1592 3257 1729 3314 renuntia·

298 3346 377 3416 uerit,
396 3346 542 3416 praecipue
560 3361 622 3400 cum
640 3345 802 3416 participem
820 3343 902 3400 oflicii
919 3344 1007 3416 ipsius
1025 3343 1166 3400 absentem
1186 3359 1247 3400 ease
1266 3343 1384 3400 dicebat
1748 3363 1777 3402 ss

185 3437 195 3495 l
213 3432 280 3513 (12)
352 3434 510 3490 Soauuous
528 3434 597 3490 libro
615 3435 702 3505 primo
721 3433 898 3502 digestorum.
926 3435 1049 3504 Legatus
1067 3437 1175 3489 creatus
1193 3449 1210 3488 a
1227 3434 1317 3504 patria
1334 3449 1384 3489 aua
1402 3439 1531 3504 suscepta
1548 3435 1684 3505 legatione
1702 3436 1730 3490 in
1757 3438 1783 3492 A

299 3524 394 3580 urbem
413 3525 527 3580 Romam
553 3523 629 3580 uenit
652 3527 681 3578 et
703 3523 823 3578 nondum
848 3521 970 3593 perlecta
991 3523 1128 3592 legatione
1153 3523 1278 3594 domans,
1301 3539 1372 3594 quae
1391 3526 1451 3578 erat
1467 3525 1496 3579 in
1513 3524 1600 3594 ipsius
1618 3525 1731 3581 ciuitate

299 3615 433 3684 Nicopoli,
452 3613 526 3668 emit.
553 3613 706 3684 quaesitum
721 3616 773 3681 est,
790 3627 826 3666 an
838 3612 866 3666 in
880 3618 992 3668 senatus
1004 3613 1158 3668 consultum
1170 3612 1303 3683 inciderit,
1316 3628 1370 3682 quo
1382 3611 1560 3684 probibentur
1571 3614 1655 3684 legati
1667 3619 1731 3670 ante

300 3702 449 3774 perlectam
468 3703 632 3772 legationem
652 3701 769 3771 negotiis
788 3702 832 3756 uel
849 3703 965 3774 priuatis
983 3701 1065 3758 rebus
1084 3701 1226 3772 obstringi.
1253 3702 1396 3772 respondit
1413 3717 1467 3758 non
1485 3703 1573 3759 uideri
1591 3703 1686 3759 teneri.

185 3796 196 3854 l
213 3791 282 3873 (13)
353 3793 534 3848 Psrmrsuus
552 3791 620 3848 libro
638 3792 725 3862 primo
744 3805 944 3860 responsorum.
982 3791 1107 3847 Uiearins
1127 3791 1208 3846 alieni
1226 3793 1346 3848 muneris
1362 3793 1504 3848 uoluntate
1521 3809 1572 3848 sua
1589 3792 1671 3848 datus
1688 3807 1730 3848 or·
1750 3796 1791 3850 'P

300 3883 365 3938 dinc
383 3899 433 3937 suo
451 3882 615 3952 legationem
635 3880 774 3951 suscipere
791 3897 846 3936 non
865 3880 985 3936 admissa
1003 3881 1106 3936 biennii
1123 3880 1336 3951 praescriptione
1354 3887 1476 3952 cogetur.
1749 3899 1779 3940 ro

185 3977 196 4035 'r
215 3972 283 4051 (14)
354 3971 505 4028 Unersnus
522 3969 591 4026 libro
610 3971 832 4040 septuagensinc
850 3973 948 4040 quarto
967 3969 1003 4024 ad
1021 3970 1140 4026 edictam
1159 3970 1301 4040 praetoris.
1329 3969 1380 4036 Qui
1397 3970 1630 4040 liberalegatione
1643 3968 1731 4040 abest,
1762 3974 1790 4029 E

300 4077 355 4117 non
374 4059 483 4116 uidetur
501 4061 540 4115 rei
557 4059 684 4130 publicas
703 4075 788 4116 causa
805 4059 917 4115 abesse:
936 4059 980 4114 bic
997 4059 1068 4114 enim
1086 4059 1255 4130 nonpublici
1267 4058 1403 4115 commodi
1416 4073 1509 4128 causa,
1527 4059 1576 4114 sed
1589 4060 1631 4115 sai
1643 4057 1730 4114 abest.

185 4155 196 4215 t
214 4149 282 4230 (15)
355 4151 547 4206 llonnsunsoe
566 4149 635 4205 libro
654 4149 770 4220 septimo
788 4149 952 4218 regularum.
980 4149 1015 4218 ls,
1035 4149 1083 4218 qui
1095 4149 1232 4219 legatione
1244 4147 1375 4218 iungitur,
1393 4147 1512 4204 libellam
1526 4149 1585 4203 siae
1596 4148 1731 4218 permissu
1762 4154 1790 4208 E

300 4240 431 4311 principis
448 4239 483 4294 de
502 4240 562 4294 aliis
581 4239 639 4294 suis
657 4239 776 4309 negotiis
793 4238 859 4293 dare
877 4253 932 4294 non
949 4241 1050 4308 potest
1750 4257 1780 4296 ιι

185 4329 283 4410 [(16)
354 4329 431 4384 ioan
452 4327 521 4384 libro
539 4333 638 4384 octauo
656 4329 820 4398 regularum.
857 4327 982 4382 Eundem
1000 4327 1092 4396 plnres
1109 4326 1261 4396 legationes
1278 4325 1417 4397 suscipere
1435 4323 1599 4396 prohibitura
1617 4341 1672 4382 non
1689 4330 1732 4382 est
1762 4329 1789 4384 ll

301 4426 493 4495 uziaco)

302 4554 314 4658 ζ
332 4552 361 4678 {iz
378 4551 602 4678 {pjercapedinei
673 4519 756 4606 3ant
773 4551 929 4607 Antoninus
948 4555 977 4605 et
994 4548 1083 4606 Uerus
1100 4569 1149 4604 aer.
1167 4550 1313 4614 (Calactae)
1331 4553 1377 4602 ont
1394 4545 1513 4603 Seuerus
1530 4551 1560 4604 et
1576 4548 1732 4604 Antoninos

301 4715 409 4723 ...μ-ι...-

303 4757 338 4812 12
357 4771 441 4809 carisa
459 4756 498 4809 tte
518 4755 552 4807 F¹
614 4757 648 4810 16
666 4769 858 4824 responsorum
877 4754 993 4824 *paulus*
1046 4711 1119 4809 neris
1140 4753 1175 4806 pr
1228 4753 1264 4810 40
1282 4752 1341 4822 suo]
1361 4768 1412 4808 sua
1429 4752 1465 4808 de
1482 4754 1518 4806 Ρ
1571 4754 1604 4808 41
1624 4757 1732 4822 praeto·

302 4827 446 4913 ἰιι
464 4828 502 4880 ι’
554 4827 590 4942 ι
610 4847 631 4927 r
653 4827 753 4968 ιιι
764 4829 848 4952 re
861 4827 997 4965 ιιιι
1045 4825 1149 4952 aa
1157 4824 1582 4967 staretstart
1600 4825 1634 4950 ι
1651 4832 1733 4964 nr

303 4899 341 5023 ΞΕ
355 4898 438 5025 hbilrii)
448 4895 728 5024 {sepibliicltlfircllorum
750 4969 846 5023 om.F¹
864 4969 934 5053 Ἰ33
953 4968 993 5022 iu·
1046 4967 1161 5024 biuitnm
1181 4970 1215 5022 gr
1671 4912 1690 4968 p

303 5041 419 5111 struere]
439 5042 482 5108 F1,
501 5041 644 5096 instituere
658 5041 694 5092 F²
737 5041 772 5096 39
790 5041 872 5096 aliern
888 5055 992 5096 numu·
