3728 5452
255 237 445 306 xxxviia
468 245 547 300 1-e
931 229 1017 312 300
1136 257 1182 304 on
1198 255 1685 305 oosr.ouunnnuo.n1n.srus

255 399 308 468 ipsi
324 397 397 468 patri
414 395 568 452 conserent:
593 395 645 452 hoc
663 397 734 452 onim
754 411 808 452 non
832 395 867 450 ds
890 394 970 451 bouis
994 395 1052 465 aui,
1077 394 1126 450 sed
1150 401 1262 466 propter
1285 394 1358 450 bona
1379 400 1478 466 postea
1500 395 1541 450 eis
1563 395 1685 450 accessit

209 495 237 541 tt
255 487 372 542 Eueniet
389 487 480 556 igitur,
499 491 530 542 ut
546 491 626 556 pater
643 487 832 556 emancipatus
850 485 874 540 si
892 489 1001 540 centum
1020 484 1048 538 in
1063 483 1142 540 bonis
1154 484 1262 555 habeat,
1280 484 1478 554 quinquaginta
1490 483 1543 539 sibi
1554 483 1686 554 debehat,

255 577 365 632 residua
382 577 580 646 quinquaginta
597 575 723 632 omnibus
741 573 902 646 nepotibus,
927 573 955 628 id
974 578 1017 628 est
1034 572 1096 628 filiis
1115 573 1171 628 suis
1190 571 1326 643 conferat,
1351 578 1400 628 aut
1417 573 1440 628 si
1457 589 1542 628 unum
1560 579 1686 644 nepotem

255 665 356 720 habeat
373 671 402 719 et
419 665 488 720 duos
500 679 535 720 ex
548 665 601 720 aiio
613 670 784 735 pronepotes,
802 665 843 718 ita
854 662 960 718 diuidat
971 662 1177 732 quinquaginta,
1196 667 1228 718 ut
1239 677 1325 733 nepos
1338 661 1439 718 habeat
1449 663 1548 734 uiginti
1560 664 1686 733 quinque,

255 761 419 826 pronepotes
437 769 472 809 er
490 755 543 809 aiio
560 770 616 809 nna
634 754 731 824 uiginti
750 753 882 823 quinques
904 767 967 806 nam
986 751 1164 808 othonorum
1182 752 1364 821 possessionis
1381 751 1462 808 ambo
1480 769 1563 808 unam
1583 756 1686 822 partem
1703 766 1784 806 aa
1815 765 1827 806 ι

208 853 237 898 16
256 843 364 899 habent
397 841 425 897 Si
444 843 480 898 sit
497 841 569 898 filius
587 845 614 898 in
633 845 779 914 potestate,
797 841 867 897 eiius
885 839 1083 912 emancipatus,
1101 855 1136 896 ex
1155 839 1284 900 defuneto
1301 857 1372 898 unus
1390 842 1523 912 nepesin
1541 845 1686 912 potestate,

256 933 325 987 aiios
343 947 429 1002 nepos
446 934 642 1003 emancipatus,
661 933 801 1001 eleganter
819 929 952 985 Scaeuola
969 933 1083 999 tractat,
1107 935 1222 1000 patruus
1244 931 1432 1000 emancipatus
1452 937 1587 1001 quantum
1606 945 1688 1002 nepo-

255 1021 343 1091 tibus,
366 1025 497 1091 quantum
521 1019 597 1076 fratri
619 1035 670 1076 suo
692 1018 822 1075 conterat.
851 1025 880 1074 et
897 1020 936 1074 ait
952 1033 1035 1089 posse
1053 1019 1107 1074 dici
1125 1025 1182 1075 tres
1200 1023 1262 1075 eum
1285 1026 1379 1090 partes
1397 1018 1501 1090 iacere,
1525 1035 1611 1076 unam
1629 1019 1687 1090 sibi,

255 1127 337 1166 unam
354 1109 439 1178 fratri,
458 1125 540 1166 nnarn
557 1110 618 1165 istis
636 1111 810 1166 collaturum:
828 1109 953 1178 quamuis
973 1109 999 1163 ti
1018 1109 1107 1166 minus
1125 1125 1208 1180 quam
1225 1115 1339 1180 patruus
1351 1125 1385 1164 ex
1397 1109 1549 1165 hereditate
1562 1109 1608 1164 ani
1626 1124 1686 1165 oon-

208 1209 237 1255 ri
256 1205 380 1256 currente
397 1203 476 1268 patro
494 1200 549 1254 sint
567 1199 717 1254 habituri¹:
736 1213 807 1268 quae
824 1197 960 1252 sententia
978 1211 1045 1252 uera
1063 1204 1113 1253 est.
1149 1197 1205 1254 Sed
1222 1203 1252 1254 et
1268 1199 1292 1254 si
1310 1198 1365 1254 sint
1382 1198 1438 1254 dne
1456 1205 1573 1269 nepotes
1591 1213 1625 1254 ex
1644 1213 1687 1254 eo·
1705 1211 1776 1251 rt
1805 1205 1826 1244 ιι

255 1289 318 1344 dem
336 1287 391 1344 filio
408 1288 490 1357 hique
509 1288 671 1357 emancipati
689 1290 800 1342 suntet
818 1302 852 1341 er
871 1287 957 1342 altero
975 1301 1068 1343 eorum
1087 1303 1224 1359 pronepos
1236 1287 1263 1344 in
1275 1292 1413 1358 potestate
1425 1285 1564 1344 defuncti:
1582 1293 1686 1358 partem

255 1377 368 1434 babebit
385 1393 470 1446 nepos
487 1393 567 1447 unus,
585 1377 662 1432 aliam
682 1391 767 1446 nepos
785 1390 847 1430 oum
865 1374 920 1432 filio
939 1391 998 1432 suo.
1025 1376 1075 1432 sed
1091 1383 1119 1432 et
1131 1377 1172 1433 si¹
1184 1391 1269 1447 nepos
1288 1381 1316 1431 et
1333 1391 1368 1432 ex
1380 1377 1432 1432 aiio
1445 1383 1545 1447 nepote
1557 1375 1686 1432 damnato

256 1467 310 1524 duc
328 1471 507 1538 pronepotes:
530 1483 601 1521 arnus
619 1482 653 1520 ex
671 1463 867 1536 pronepotibus
885 1466 1073 1536 emancipatus
1092 1467 1142 1522 soii
1160 1463 1238 1521 fratri
1262 1481 1312 1522 suo
1336 1463 1459 1522 conferat
1479 1467 1538 1537 uei,
1562 1467 1587 1522 si
1606 1465 1687 1522 frater

256 1573 310 1614 non
329 1563 379 1626 est,
398 1557 449 1611 soli
466 1561 572 1626 patruo,
591 1571 645 1611 non
663 1555 746 1610 etiam
764 1561 864 1625 patruo
881 1555 985 1610 maiori.
1704 1557 1822 1606 imi

153 1683 157 1696 ,
219 1647 238 1704 2
310 1647 428 1702 Pennus
445 1645 513 1700 libro
531 1643 761 1715 quadragensimo
779 1645 866 1714 primo
885 1643 920 1698 ad
939 1644 1067 1700 edictum.
1095 1642 1171 1700 idhii
1185 1645 1212 1699 in
1231 1641 1283 1698 hae
1300 1649 1378 1714 parte
1389 1643 1473 1700 edicti
1485 1644 1687 1715 canitpmstor,
1704 1631 1829 1705 ιβ’-9]

256 1741 289 1792 ut
311 1738 403 1806 legata
426 1735 547 1804 exceptis
570 1735 694 1804 personis
712 1749 798 1803 nepos
816 1736 950 1804 praestet:
975 1733 1025 1789 sed
1042 1737 1134 1804 potest
1151 1733 1275 1804 superior
1292 1747 1383 1788 sermo
1401 1737 1431 1788 et
1448 1732 1484 1788 sd
1501 1732 1575 1789 hunc
1594 1749 1686 1788 casnm

255 1824 358 1882 reiensi.
385 1841 448 1882 nam
467 1823 615 1880 absurdum
634 1829 678 1879 est
694 1827 802 1893 patrem
819 1821 929 1892 quidem
948 1823 1007 1878 eius
1024 1824 1117 1892 legata
1132 1828 1286 1894 praestare,
1305 1821 1394 1893 ipsum
1413 1836 1479 1878 nero
1496 1823 1560 1892 plus
1577 1821 1687 1894 habere,

256 1933 318 1972 cum
336 1913 432 1971 eadem
451 1913 610 1970 condicione
628 1913 656 1968 in
674 1913 790 1968 eandem
808 1915 913 1982 partem
933 1917 1072 1968 arceantur.

219 2002 238 2062 3
308 2005 488 2061 Menoeceus
505 2001 573 2057 libro
592 2017 664 2060 nono
682 2002 860 2072 digestorum.
886 2000 938 2066 Qui
956 2000 1026 2055 duos
1038 1999 1108 2056 tilios
1119 1999 1246 2070 babebat,
1265 2001 1380 2056 alterum
1393 2014 1427 2054 ex
1439 1999 1481 2055 his
1493 2001 1686 2071 emanciparit,
1703 1987 1821 2055 5-3

255 2098 382 2164 nepotem
401 2109 436 2148 ex
453 2109 487 2148 co
505 2093 533 2147 in
550 2095 688 2162 potestate
706 2091 831 2146 retinuit:
850 2091 1039 2160 emancipatus
1056 2089 1141 2146 tilium
1154 2091 1265 2146 sustulit
1277 2095 1306 2144 et
1317 2095 1424 2160 apatre
1435 2089 1621 2146 exheredatus
1632 2097 1686 2146 est:
1703 2087 1825 2144 adt

255 2197 366 2256 quaero,
385 2197 447 2237 cum
465 2179 550 2237 frater
568 2182 626 2236 eius
645 2181 750 2251 etipse
768 2180 957 2250 emancipatus
975 2179 1138 2251 praeteritus
1156 2179 1193 2234 sit
1210 2183 1239 2233 et
1256 2184 1372 2250 nepotes
1390 2193 1424 2234 ex
1443 2181 1617 2250 emancipato
1633 2177 1688 2236 iilic

256 2273 291 2329 ab
310 2288 363 2328 suo
381 2271 495 2327 heredes
513 2271 638 2340 instituti,
657 2269 723 2340 quid
741 2269 776 2325 de
794 2268 926 2324 bonorum
944 2269 1116 2340 possessione
1133 2268 1200 2323 iuris
1213 2267 1268 2323 sit?
1295 2267 1400 2338 etquid
1413 2267 1541 2342 iniitersit,
1560 2270 1586 2324 si
1598 2285 1687 2326 eman·
1703 2251 1861 2326 [ξ’-ΙΨ

256 2363 375 2433 cipetum
394 2375 511 2431 quoque,
530 2375 564 2415 ex
582 2375 636 2430 quo
654 2362 769 2430 nepotes
787 2363 865 2413 erant
882 2359 947 2428 nati,
966 2357 1142 2428 praeteritum
1162 2371 1223 2412 esse
1241 2371 1384 2427 ponamus.
1411 2357 1549 2428 respondi,
1568 2359 1593 2414 si
1604 2357 1688 2414 filium

255 2455 361 2507 retento
385 2465 420 2506 or
444 2464 477 2506 eo
502 2454 602 2519 nepote
625 2448 838 2518 emancipauerit
860 2453 889 2502 et
912 2449 1099 2518 emancipatus
1122 2446 1307 2517 procreauerit
1326 2444 1412 2502 fitium
1431 2451 1460 2502 et
1476 2446 1556 2502 heres
1574 2454 1688 2519 uterque

257 2556 342 2611 nepos
360 2541 501 2595 institutus
519 2537 613 2607 suerit,
632 2543 711 2608 pater
728 2551 822 2592 eornm
841 2536 1036 2606 exheredatus,
1056 2537 1124 2592 alius
1143 2534 1214 2591 filius
1232 2535 1409 2607 praeteritus:
1429 2536 1503 2591 solus
1521 2535 1595 2592 fitius
1612 2554 1688 2609 prae
1704 2551 1723 2591 r.
1736 2527 1837 2584 ‘¹⁵

256 2631 353 2688 teritus
371 2629 503 2685 bonorum
522 2627 724 2698 possessionem
743 2631 839 2682 contra
855 2625 964 2681 tabulas
981 2631 1075 2696 petere
1092 2626 1206 2695 poterit:
1228 2623 1409 2680 exheredatus
1427 2625 1499 2680 enim
1517 2624 1613 2682 obstat
1628 2625 1689 2684 filiis

256 2720 314 2776 suis
331 2724 394 2790 post
405 2716 651 2786 emancipationem
664 2715 826 2786 susceptu&
857 2715 949 2785 nepoti
961 2719 1053 2770 umen
1071 2720 1178 2770 reteruc
1196 2715 1224 2770 in
1242 2717 1380 2785 potestate
1397 2713 1530 2770 bonorum
1549 2717 1689 2786 possessio

256 2809 315 2864 dari
333 2807 429 2876 debet,
453 2806 600 2876 quoniam,
616 2806 639 2860 si
656 2809 736 2875 pater
754 2806 813 2860 eius
831 2805 1020 2875 emancipatus
1037 2806 1200 2876 praeteritus
1218 2808 1305 2875 esset,
1324 2805 1404 2860 simul
1423 2819 1485 2860 eum
1503 2819 1537 2860 eo
1555 2804 1688 2863 bonorum

256 2897 457 2970 possessionem
481 2895 605 2965 accipere
622 2900 718 2964 posset
734 2898 846 2965 propter
863 2894 892 2948 id
910 2899 994 2964 eaput
1010 2893 1107 2964 edicti,
1130 2894 1203 2965 quod
1222 2911 1239 2948 a
1256 2877 1361 2950 Iuliano
1379 2893 1563 2950 introductam
1583 2900 1639 2966 cst,
1661 2896 1688 2951 id

256 2993 300 3043 cst
324 3001 359 3042 ex
380 3001 453 3040 noua
477 2985 611 3053 clausula,
635 2999 686 3040 nec
707 2983 791 3038 debet
808 2983 949 3040 deterioris
967 2999 1028 3040 esse
1046 2984 1226 3054 condicionis,
1249 2983 1315 3054 quia
1332 2989 1411 3054 pater
1428 2983 1488 3038 eina
1505 2983 1688 3041 exheredatus
1705 2967 1851 3039 1⁵⁶⁸⁹

256 3077 301 3132 sit.
328 3075 411 3146 idque
428 3074 454 3130 ei
472 3074 618 3144 praeterito
636 3089 745 3144 quoque
764 3074 897 3144 praestari
915 3072 1059 3145 oportebit.
1086 3073 1136 3129 sed
1154 3071 1246 3128 fratris
1264 3073 1331 3143 eins,
1350 3073 1397 3142 qui
1415 3077 1479 3142 post
1494 3075 1688 3146 emancipatio·

256 3181 319 3222 nem
337 3169 419 3221 uatns
437 3169 493 3233 est,
513 3161 623 3218 diuersa
640 3162 763 3218 condicio
781 3169 837 3218 est:
863 3162 1052 3218 conseruanda
1069 3167 1111 3218 est
1128 3167 1220 3218 tamen
1238 3167 1267 3217 et
1284 3162 1321 3217 iiii
1339 3161 1375 3217 ad
1393 3162 1499 3218 niriiem
1517 3169 1625 3232 partem
1643 3164 1688 3220 he·

251 3256 366 3324 reditus,
385 3254 457 3310 sicut
474 3252 556 3307 etiam
575 3252 721 3321 imperator
738 3252 894 3308 Antoninus
912 3253 939 3308 in
957 3252 1199 3322 personanepotis
1217 3249 1325 3307 exilia
1343 3251 1491 3322 rascdpsit.

220 3348 239 3406 4
308 3344 501 3399 hionbsrruus
523 3340 592 3396 libro
615 3345 694 3396 sexto
717 3341 922 3412 pandectarum.
958 3341 1137 3412 Emancipato
1160 3341 1222 3412 quis
1242 3339 1297 3396 filio
1314 3341 1426 3396 retinuit
1443 3356 1478 3396 ex
1495 3357 1530 3398 eo
1548 3339 1687 3426 [Hense]
1702 3316 1861 3409 135J

257 3437 371 3504 nepotes
395 3433 423 3487 in
447 3433 597 3502 potestate:
621 3427 692 3485 tilius
716 3419 903 3501 emancipatus
925 3430 1061 3502 susceptis
1084 3435 1181 3500 postea
1204 3429 1295 3486 liberis
1315 3430 1441 3486 decessit.
1472 3421 1688 3502 placuit—iffi
1706 3413 1857 3489 ssa-⁶⁸

256 3527 394 3595 potestate
419 3529 560 3576 manentes
581 3519 661 3575 simui
679 3535 741 3574 cum
759 3519 815 3590 his,
838 3519 885 3590 qui
902 3523 967 3590 post
984 3519 1230 3590 emancipationem
1248 3519 1305 3575 nati
1323 3523 1399 3590 sunt,
1424 3520 1536 3577 decreto
1553 3521 1688 3580 bonorum

255 3613 457 3684 possessionem
476 3610 613 3680 accipere,
637 3613 765 3664 manente
783 3623 830 3679 eo,
854 3613 897 3679 ut,
924 3609 948 3664 si
965 3609 1031 3664 uelit
1048 3625 1118 3664 auus
1137 3608 1190 3664 sibi
1207 3623 1256 3680 per
1273 3613 1389 3679 nepotes
1407 3608 1527 3680 adquiri,
1546 3609 1623 3668 bons
1640 3629 1690 3670 sua

257 3701 380 3758 conserat
397 3704 445 3756 aut
462 3703 577 3769 nepotes
594 3699 756 3769 emancipet,
775 3704 807 3754 nt
824 3698 876 3754 sibi
888 3699 1099 3756 emolumentum
1111 3701 1243 3769 paternae
1255 3697 1415 3756 hereditatis
1427 3700 1588 3771 adquirant:
1606 3702 1690 3774 idque

256 3793 296 3848 ita
313 3791 396 3846 diuus
412 3791 520 3844 hiarcus
538 3787 686 3858 rescripsit.
1707 3775 1853 3848 ,μεθ

219 3885 238 3944 5
309 3880 387 3934 Ioum
410 3877 479 3934 libro
503 3882 582 3934 sexto
606 3878 828 3934 differentiarum.
865 3875 896 3932 Si
918 3891 1004 3948 nepos
1022 3877 1204 3934 exheredatus
1222 3876 1301 3932 heres
1320 3878 1441 3934 exbmrit
1457 3878 1496 3948 ei,
1518 3894 1602 3949 qnem
1621 3895 1691 3936 auus
1706 3879 1822 3956 Est&
1863 3882 1864 3885 ’

256 3968 383 4024 heredem
402 3966 520 4036 iecerat,
539 3967 638 4022 deinde
655 3973 735 4036 pater
752 3967 813 4022 eius
830 3965 1017 4036 emancipatus
1034 3971 1199 4022 testamento
1217 3967 1382 4038 praeteritus
1399 3967 1517 4038 accipiat
1535 3975 1633 4026 conus
1649 3974 1690 4026 ts·

255 4065 458 4136 quaeror)

258 4193 399 4260 ¹patruus
423 4191 611 4261 emancipatus
633 4193 765 4260 quantum
789 4190 882 4260 nepoti
904 4203 955 4244 suo
978 4185 1108 4244 conserat.
1135 4195 1163 4244 et
1186 4191 1224 4246 ait
1246 4205 1327 4261 posse
1352 4191 1406 4248 dici
1430 4195 1486 4246 tres
1509 4205 1573 4248 eum
1597 4199 1691 4263 partes

256 4260 354 4330 facere,
373 4277 455 4316 unam
474 4261 535 4332 sibi,
554 4277 636 4316 unam
656 4260 744 4330 fratri,
762 4277 844 4316 unam
863 4261 908 4316 isti
926 4261 1098 4331 collaturum,
1115 4263 1241 4329 quamuis
1259 4262 1304 4319 hio
1322 4264 1411 4318 miuus
1426 4277 1509 4333 quam
1521 4267 1639 4334 patruus
1656 4281 1691 4321 ex

256 4333 406 4390 hereditate
424 4335 469 4388 aui
487 4339 665 4389 concurrente
683 4331 766 4388 fratre
784 4334 821 4388 sit
837 4332 980 4388 habiturus
998 4335 1125 4399 (similiter
1142 4334 1278 4398 Posteri?
1349 4335 1415 4390 ¹sit
1433 4344 1480 4392 tar.
1547 4336 1691 4394 'exhere-

257 4405 338 4460 datus
357 4405 428 4460 enim
446 4404 539 4462 obstat
555 4404 616 4460 filiis
635 4405 692 4460 suis
709 4409 773 4476 post
790 4404 1035 4474 emancipationem
1054 4405 1189 4476 susceptis
1207 4407 1253 4460 del.

258 4537 499 4594 1conterenru²
543 4540 608 4593 det
626 4539 665 4593 bis
683 4538 720 4590 Γ]
736 4539 740 4605 Ι
757 4538 855 4607 uiginti
866 4538 944 4608 quin·
998 4539 1031 4594 11
1049 4535 1134 4593 filio's'
1147 4538 1186 4591 F’
1240 4541 1274 4595 12
1292 4538 1383 4608 eiiam]
1401 4538 1456 4594 alia
1473 4540 1513 4608 F!
1534 4544 1581 4595 *et*
1599 4557 1636 4598 ex
1654 4543 1692 4597 Ρ

255 4624 309 4679 que
327 4616 490 4680 pronepotes
503 4610 550 4664 'ita
567 4610 673 4665 diuidat
689 4610 888 4680 quinquaginta
906 4609 944 4664 nt'
998 4609 1692 4684 18condicione'm'F’1partemuo⁴eantur<ate>F²

256 4697 290 4735 ex
309 4681 346 4734 Ρ
398 4683 488 4738 balio
507 4697 561 4736 tuno
579 4683 640 4748 rii,
659 4697 712 4736 auo
732 4698 785 4737 uno
804 4681 870 4746 Do,
890 4697 944 4738 uno
998 4683 1033 4737 20
1050 4681 1281 4752 potestate‘m'F²
1333 4685 1367 4738 21
1391 4699 1426 4738 ex
1444 4685 1636 4756 emancipatus
1654 4687 1690 4740 F!

255 4767 308 4807 auo
333 4753 352 4806 Ι
404 4755 531 4824 inepos
547 4755 754 4824 *emancipatus
779 4754 814 4806 F’
834 4754 839 4820 1
859 4769 943 4822 qnan-
997 4756 1033 4810 22
1051 4754 1086 4808 ab
1105 4753 1167 4823 auo]
1189 4769 1224 4809 au
1243 4753 1295 4808 abo
1314 4756 1350 4808 ΓΙ
1367 4757 1371 4824 Ι
1387 4756 1589 4825 possessionem
1608 4761 1690 4832 rappt

253 4829 311 4878 tum
324 4839 358 4878 ne
395 4827 469 4888 tibus
494 4831 622 4896 nepotum
635 4823 782 4896 quantibns
796 4825 830 4876 F
875 4824 944 4880 Sia·
999 4827 1035 4878 Ρ
1087 4827 1123 4881 28
1141 4841 1202 4882 cum
1221 4824 1288 4881 eo‘n’
1301 4825 1337 4880 F‘
1394 4828 1429 4882 29
1447 4827 1634 4885 idtroduotum
1653 4831 1689 4884 17¹

252 4895 322 4964 cero]
347 4839 433 4962 ἅζετο
460 4897 571 4954 debere
598 4899 635 4953 Γ)
665 4898 708 4953 ’·9
735 4896 763 4952 hi
786 4896 883 4966 miuus]
907 4897 945 4952 hii
998 4899 1032 4952 31
1042 4897 1194 4967 praestari
1203 4897 1240 4951 Ρ*
1255 4899 1260 4964 Ι
1276 4897 1431 4968 *oportebit
1441 4899 1478 4952 F’
1512 4901 1549 4955 32
1557 4906 1587 4956 et
1596 4921 1646 4958 om.
1654 4901 1690 4956 F²

250 4967 336 5021 minus
351 4971 395 5040 K‘,
414 4971 588 5048 „ominibus
611 4973 657 5037 ΙΝ,
680 4969 708 5025 ni
733 4969 821 5023 minus
840 4969 884 5032 F’,
906 4969 945 5024 nii
998 4969 1033 5024 33
1041 4969 1240 5039 imperaturFi
1256 4969 1428 5040 nepto⁴tisF¹
1463 4971 1691 5042 3buepote⁴sF²

245 5037 330 5094 minus
345 5043 386 5114 I(·,
401 5061 521 5135 „wius
538 5043 679 5114 DEQIO!
698 5043 894 5097 concurrente*
908 5041 946 5094 F'
998 5041 1034 5096 38
1052 5042 1207 5112 emancipet
1219 5039 1282 5098 'a'ut
1299 5041 1336 5094 F‘
1388 5041 1425 5098 40
1442 5041 1467 5098 si
1484 5061 1533 5098 aaa
1545 5043 1582 5097 Ρ
