4560 5416
1784 177 1788 206 1

385 265 660 321 2222222222222
766 277 771 290 ·
1054 247 1141 329 955
1554 250 1589 318 L·
1604 253 1645 318 16
1665 256 1816 314 226-242

385 427 467 482 quam
486 425 557 482 quae
575 397 684 481 nocent,
702 411 754 467 boc
772 411 882 468 nomine
900 411 1086 467 continentur:
1103 410 1177 466 undo
1195 411 1348 468 adiectione
1362 411 1474 468 alterins
1486 411 1611 467 222122ι
1624 409 1763 466 distinctio
1775 407 1815 464 iit.

386 499 516 602 admonet
534 515 584 556 noa
602 517 726 557 summus
745 500 819 572 apud
837 515 892 558 222
904 504 1046 571 poetarum
1064 501 1232 556 Homerusi:
1250 517 1313 556 narn
1332 501 1372 555 222
1390 501 1437 556 222.

695 591 823 662 2222222,
842 588 924 644 noll3
942 588 990 644 222
1010 587 1087 645 {ceti
1106 589 1254 654 scarpariae,
1274 589 1356 644 aonii
1374 591 1403 644 22
1422 589 1509 661 tarpei.

353 689 366 734 1
386 677 515 733 'Glandis'
533 680 715 749 appellatione
734 679 822 734 omnis
840 676 946 734 fructus
964 679 1125 748 continetur,
1144 685 1176 734 ut
1191 679 1337 734 Iauolenus
1355 679 1402 750 ait,
1420 679 1544 750 exemplo
1558 677 1656 734 Graeci
1673 675 1815 746 sermonis,

386 767 460 837 apud
478 781 548 837 quos
566 783 661 824 omncs
680 768 806 823 arborum
826 768 932 837 species
950 765 1082 839 iapbapra
1100 769 1279 838 appellantur.
1833 776 1847 817 2

307 853 367 914 237
438 857 516 911 Ionas
535 857 604 912 libro
622 857 718 928 quinto
736 857 771 912 ad
789 858 878 926 legem
896 855 1041 911 duodecim
1059 855 1224 912 tabularum.
1260 855 1376 912 Duobus
1394 857 1531 926 negatinis
1549 855 1641 911 uerbis
1659 849 1815 940 [We-8
1845 859 1872 914 Ρ

385 947 464 1015 quasi
481 947 614 1016 permittit
632 947 676 1002 lex
695 947 783 1016 magis
800 961 882 1015 quam
900 944 1051 1014 prohibuit:
1070 945 1153 1015 idque
1171 946 1253 1002 22222
1272 945 1385 1002 Seruius
1403 945 1605 1001 animaduertit.

306 1031 367 1092 238
438 1034 515 1090 inser
533 1035 601 1091 libro
620 1041 699 1092 sexto
718 1035 753 1090 ad
771 1035 860 1105 legem
879 1034 1023 1090 duodecim
1042 1035 1206 1090 tabularum.
1234 1034 1329 1090 Ῥ1222·
1342 1036 1482 1091 estoeteri
1495 1035 1652 1089 212222222
1660 1027 1778 1116 [Β
1708 1047 1730 1101 2,
1739 1046 1761 1100 2,
1770 1045 1815 1090 222
1846 1037 1873 1091 Ρ

321 1123 567 1178 122222222222.
600 1123 790 1180 ‘’Detesiatnm
808 1130 851 1178 222
867 1123 1015 1179 testatione
1033 1123 1233 1180 denuntiatum.
1267 1123 1385 1194 Pignns'
1403 1124 1569 1194 appellatum
1589 1139 1606 1177 2
1623 1079 1816 1192 pugno-dub

385 1227 438 1281 222,
457 1227 528 1282 quae
544 1213 653 1284 pignori
671 1214 780 1283 dautur,
799 1228 881 1268 manu
900 1213 1052 1269 traduntur.
1081 1213 1154 1268 unde
1172 1214 1255 1268 etiam
1274 1214 1362 1269 uideri
1376 1217 1469 1284 potest
1480 1227 1575 1268 norum
1588 1227 1659 1281 esse,
1677 1213 1745 1284 quod
1756 1212 1815 1282 qui·
1835 1222 1863 1262 ro

352 1310 366 1355 2
385 1301 448 1357 222
466 1305 573 1373 putant,
591 1303 691 1374 pignus
709 1301 818 1372 proprie
835 1303 875 1357 rei
893 1301 1001 1357 mobilis
1019 1303 1157 1360 22222221.
1185 1301 1303 1358 'Noniae'
1316 1303 1499 1374 appellatione
1517 1315 1598 1357 omns
1610 1301 1740 1356 doliolum
1753 1315 1816 1356 con·

385 1391 496 1446 2222222.

307 1476 367 1536 239
438 1481 610 1536 Ponsnorrrue
633 1477 702 1534 libro
724 1479 855 1548 singulari
877 1477 1027 1535 enchiridii.
1055 1479 1192 1550 ‘Pupillus'
1210 1484 1266 1551 222,
1285 1481 1345 1550 qui,
1364 1495 1426 1536 oum
1444 1478 1570 1550 impubes
1589 1483 1639 1546 222,
1659 1475 1816 1562 Q
1847 1482 1889 1558 ly

354 1577 366 1622 1
386 1568 468 1624 desiit
491 1570 519 1624 in
541 1569 627 1638 patris
651 1572 788 1638 potestate
807 1583 869 1623 esse
887 1574 936 1623 aut
953 1574 1041 1624 morte
1059 1573 1108 1624 aut
1126 1570 1352 1640 emancipatione.
1386 1568 1547 1626 ‘seruorum’
1566 1568 1712 1638 appellatio
1730 1583 1764 1623 22
1783 1583 1816 1624 22
1835 1578 1865 1617 24

385 1657 477 1728 fluxit,
501 1657 575 1727 quod
596 1658 775 1727 imperatores
793 1657 880 1714 nostri
897 1658 1021 1726 captiuos
1040 1658 1174 1729 22212222
1193 1673 1226 1714 ac
1242 1674 1292 1729 per
1309 1658 1362 1714 boc
1380 1673 1490 1713 seruare
1508 1673 1559 1713 nec
1576 1657 1701 1713 occidere
1719 1657 1816 1716 221222.
1833 1657 1915 1710 2422

353 1757 367 1801 2
385 1745 492 1802 'Incola'
511 1753 562 1815 est,
580 1747 627 1816 qui
645 1747 737 1816 aliqua
754 1747 865 1816 regione
883 1745 1050 1802 domicilium
1069 1761 1150 1802 suum
1169 1748 1297 1804 contulit:
1317 1762 1397 1818 quem
1411 1747 1509 1803 Graeci
1526 1746 1651 1818 aiporaoa
1669 1747 1815 1818 appellant.

384 1839 560 1890 neumatum
579 1835 615 1906 hi,
633 1837 679 1905 quii
698 1837 726 1890 in
744 1835 845 1905 oppido
865 1840 1013 1904 morantur,
1031 1836 1137 1891 incolae
1155 1843 1227 1906 suut,
1246 1837 1296 1892 sed
1314 1837 1396 1891 etiam
1415 1837 1463 1906 qui
1481 1836 1595 1890 alieuius
1610 1834 1704 1905 oppidi
1715 1833 1816 1891 finibus

352 1925 424 1980 alta
442 1941 539 1994 agrum
557 1923 672 1994 babent,
695 1927 852 1980 2222222
872 1939 902 1978 22
921 1925 999 1993 quasi
1017 1925 1046 1979 in
1063 1925 1182 1994 aliquam
1201 1925 1293 1980 sedem
1313 1925 1454 1996 recipiant.
1484 1925 1591 1980 'Munus
1608 1923 1755 1996 publicum*
1773 1929 1817 1979 est

384 2011 504 2070 officium
523 2015 623 2082 priuati
641 2013 766 2083 hominis,
785 2028 819 2069 22
837 2029 893 2083 quo
911 2013 1084 2068 commodum
1098 2003 1139 2068 ad
1158 2015 1281 2084 singulos
1299 2016 1498 2084 uniuersosque
1510 2014 1585 2069 ciues
1597 2027 1709 2084 remque
1721 2028 1815 2068 eorum

351 2103 499 2173 simperio
517 2103 694 2172 magistratus
711 2102 954 2158 extraordinarium
967 2103 1101 2172 peruenit.
1128 2103 1260 2159 'Aduena'
1272 2109 1323 2174 est,
1343 2117 1424 2173 quem
1437 2103 1536 2158 Gracci
1547 2102 1655 2157 inciaco
1667 2102 1815 2173 appellant
1834 2113 1863 2154 ao

351 2202 365 2250 2
385 2190 568 2248 Decuriones'
587 2191 698 2261 quidam
722 2192 811 2247 dictos
829 2193 906 2247 22222
924 2206 958 2246 22
976 2205 1023 2260 22,
1047 2192 1121 2262 quod
1139 2192 1231 2263 222222,
1254 2208 1316 2247 222
1335 2193 1457 2248 coloniae
1474 2191 1686 2260 deducerentur,
1709 2191 1817 2246 decima

350 2291 365 2337 2
382 2297 448 2352 pars
466 2297 559 2336 eorum
579 2282 626 2350 qui
643 2281 809 2336 ducerentur
827 2281 933 2336 22221122
950 2279 1053 2350 publici
1071 2282 1160 2351 gratia
1177 2281 1311 2338 conscribi
1324 2281 1406 2336 solita
1417 2281 1461 2336 222.
1489 2279 1574 2336 ·’11222
1587 2279 1623 2335 22
1642 2267 1815 2356 [lis
1709 2285 1746 2338 16
1753 2283 1815 2337 214.

384 2370 453 2426 urbo
472 2371 609 2442 appellata
627 2375 684 2425 est:
706 2369 806 2425 222222
828 2374 872 2426 222
889 2374 980 2426 aratro
999 2369 1120 2426 delinire.
1154 2375 1184 2425 22
1201 2371 1290 2426 112222
1309 2371 1349 2425 222
1365 2369 1464 2425 22222
1483 2369 1614 2438 appellari
1632 2383 1728 2424 curua·
1746 2363 1815 2451 [(ἶ)

350 2467 473 2516 122222
492 2461 584 2530 aratri,
606 2459 706 2530 quod'
698 2477 726 2514 m
744 2457 812 2514 urbe
830 2458 975 2514 condenda
992 2459 1114 2514 adhiberi
1132 2461 1209 2515 solet.
1244 2458 1394 2529 'Oppidum'
1413 2457 1448 2514 ab
1467 2473 1520 2528 ope
1538 2459 1646 2528 dicitur,
1663 2455 1738 2528 quod
1757 2459 1816 2512 2122

350 2551 423 2606 trel
446 2564 532 2605 cansa
554 2550 662 2606 moenia
685 2550 741 2604 2222
759 2549 916 2604 constituta.
947 2549 1140 2604 Territoriunr'
1158 2555 1202 2604 est
1219 2549 1385 2604 uniuersitac
1403 2561 1530 2619 agrorum
1549 2548 1621 2603 intra
1638 2545 1708 2602 dues
1726 2547 1815 2602 culus·
1834 2559 1863 2601 ao

383 2653 438 2709 qne
456 2639 589 2694 ciuitatis:
608 2637 682 2709 quod
700 2637 736 2693 ab
754 2652 788 2694 eo
806 2638 909 2694 dictum
929 2637 1040 2708 quidam
1059 2637 1144 2708 22222,
1161 2638 1236 2707 quod
1254 2639 1432 2708 magistratus
1450 2638 1510 2694 eius
1527 2637 1581 2694 loci
1597 2637 1670 2692 intra
1687 2651 1735 2692 eos
1746 2633 1816 2691 11222

351 2727 518 2797 22222222,
541 2727 570 2783 12
593 2733 636 2782 est
658 2727 881 2782 summouendi'
873 2743 916 2782 rus
938 2725 1046 2782 babent.
1083 2725 1229 2782 Uerbum'
1230 2726 1318 2782 2222·
1337 2726 1496 2798 ambiguum
1515 2731 1572 2796 est,
1594 2732 1686 2782 222222
1704 2725 1739 2780 22
1757 2729 1816 2780 toto

384 2832 419 2872 an
430 2805 473 2872 ds
490 2822 569 2886 parte
587 2815 732 2886 significat.
765 2821 795 2872 et
812 2815 876 2871 ideo
894 2817 941 2886 qui
958 2817 1046 2872 iuret³
1063 2831 1144 2872 sunm
1162 2831 1217 2872 non
1235 2831 1312 2886 esse,
1336 2815 1445 2872 adicere
1463 2815 1548 2872 debet
1565 2830 1654 2887 neque
1672 2813 1725 2872 sibi
1742 2829 1815 2871 com·

383 2921 493 2962 munem
512 2921 583 2962 csse.
1834 2917 1863 2958 as

305 2994 367 3054 240
437 2996 556 3051 Paunus
574 3011 608 3050 ex
626 2994 702 3050 libris
720 3009 769 3049 sex
786 2993 856 3050 11222
874 2994 963 3065 primo
980 2995 1161 3064 imperialium
1180 2995 1402 3050 sententiarum·
1394 3009 1422 3049 rn
1437 2992 1640 3064 cognitionibus
1657 2987 1814 3077 [iij—'Q
1849 3002 1875 3056 Α

384 3085 559 3156 prolatarum.
596 3083 665 3140 Cum
688 3081 883 3154 quaerebatur,
907 3099 943 3138 an
966 3083 1080 3139 uerbum
1100 3083 1198 3140 'soluto
1220 3083 1393 3140 matrimonio
1417 3083 1508 3139 dotem
1532 3081 1617 3138 reddi'
1635 3085 1815 3138 contentum

385 3174 547 3243 diuortium,
572 3173 621 3228 sed
640 3177 668 3228 et
687 3179 801 3228 mortem
820 3173 985 3243 contineret,
1005 3171 1057 3228 boc
1075 3177 1118 3226 est
1136 3188 1172 3227 an
1189 3172 1224 3230 de
1242 3173 1294 3228 hoc
1311 3187 1421 3242 quoque
1439 3187 1505 3228 casu
1523 3171 1716 3228 contrahentes
1734 3173 1816 3228 seuti-

384 3267 460 3333 reut,
485 3267 514 3318 et
538 3263 616 3318 multi
638 3261 774 3334 putabant
796 3261 848 3318 hoc
871 3261 1004 3332 sensisse,
1027 3267 1057 3317 et
1079 3260 1242 3332 quibusdam
1264 3261 1324 3318 aliis
1344 3268 1440 3317 contra
1459 3260 1618 3317 uidebatur:
1635 3261 1817 3318 secundum⁴r

384 3352 437 3409 boc
455 3359 545 3408 motus
563 3353 712 3424 imperator
728 3353 915 3424 pronuntiauit
932 3352 960 3407 id
981 3357 1073 3408 actum
1094 3367 1128 3407 eo
1148 3357 1244 3422 pacto,
1267 3354 1298 3406 22
1317 3351 1392 3408 22112
1412 3365 1478 3406 2222
1500 3355 1652 3406 remaneret
1672 3349 1722 3406 dos
1742 3349 1816 3422 apud

384 3444 520 3500 maritum.
1834 3453 1863 3496 sc

306 3533 365 3593 241
438 3531 570 3599 cunnos
587 3531 703 3588 1222222
721 3529 880 3586 Scaeuons
898 3527 966 3587 libro
985 3527 1142 3599 singulari“
1129 3547 1210 3600 epea.
1237 3529 1273 3584 lu
1282 3529 1358 3584 'rutis
1376 3524 1416 3611 [Β.
1428 3541 1450 3596 2,
1461 3541 1484 3596 2,
1495 3541 1548 3586 222.
1569 3539 1613 3586 RS.
1622 3541 1659 3592 lt,
1670 3540 1693 3594 4,
1702 3538 1777 3586 isch.
1786 3539 1816 3586 22
1850 3537 1877 3594 Α

386 3621 488 3679 ··222212
506 3637 541 3677 22
558 3626 630 3688 2222,
649 3635 736 3694 quae
737 3625 811 3676 terra
829 3635 883 3676 non
901 3625 1029 3676 tenentur
1043 3633 1169 3688 quaeque
1181 3633 1265 3688 opere
1277 3618 1393 3674 structili
1405 3618 1556 3674 tectorioue
1568 3633 1622 3673 non
1635 3603 1816 3674 continentur.

307 3711 367 3771 242
437 3712 608 3768 Iauolenus
630 3709 699 3765 libro
723 3689 845 3765 2222222
862 3724 897 3780 es
915 3708 1111 3780 posterioribus
1129 3707 1275 3764 Labeonis.
1311 3707 1412 3764 Maium
1431 3707 1510 3762 nauis
1528 3721 1590 3762 2222
1607 3711 1728 3778 partem,
1746 3710 1817 3760 arte·
1836 3705 1870 3762 'S

385 3817 493 3858 monem
512 3804 604 3855 autem
624 3815 679 3856 non
696 3813 758 3854 esse
776 3797 869 3854 Labeo
888 3799 934 3868 ait,
953 3798 1019 3868 quia
1035 3798 1182 3868 pleraeque
1201 3812 1286 3852 naues
1305 3797 1363 3852 sine
1376 3797 1448 3853 malo
1460 3797 1570 3851 inutiles
1582 3800 1682 3865 essent,
1700 3794 1817 3864 ideoque

353 3902 365 3947 1
385 3907 449 3962 pars
462 3890 540 3945 nauis
552 3888 682 3944 babetur:
695 3892 800 3943 artemo
812 3892 904 3942 autem
918 3888 1006 3956 magis
1018 3887 1219 3942 adiectamento
1231 3902 1313 3957 qoam
1326 3902 1390 3956 pars
1402 3887 1481 3942 nauis
1493 3889 1545 3941 est.
1568 3887 1643 3942 12222
1660 3879 1816 3968 [Q
1835 3898 1864 3939 so

385 3977 553 4051 ‘proiectum'
573 3984 601 4034 et
620 3975 786 4034 'immissum'
804 3977 857 4033 hoc
875 3977 1007 4032 interesse
1025 3977 1064 4032 ait
1081 3975 1188 4046 Labeo,
1208 3975 1282 4046 quod
1299 3977 1450 4046 proiectum
1470 3980 1544 4031 essct
1561 3975 1590 4030 id
1607 3975 1680 4044 quod
1698 3976 1738 4030 iia
1754 3991 1817 4046 pro·

385 4069 532 4126 ueheretur
544 4073 575 4124 ut
587 4083 720 4138 nusquam
734 4067 926 4138 requiesceret,
940 4065 1033 4135 qualia
1044 4066 1189 4140 maeniaqa
1199 4071 1229 4144 et
1240 4064 1415 4136 suggrundae
1426 4069 1533 4120 essent:
1551 4065 1702 4122 immissum
1716 4071 1817 4137 autem,

384 4175 578 4243 NXYMOO)

386 4299 649 4454 12222121212212.)1
720 4323 843 4397 ²Odyas.
856 4323 947 4389 4230
1017 4325 1156 4380 12222222
1175 4333 1222 4380 222.
1298 4325 1418 4380 ‘desani
1434 4331 1547 4380 22122222
1568 4325 1601 4380 at
1618 4331 1725 4399 ubsque
1741 4335 1817 4400 parta

383 4418 502 4472 proam

385 4545 553 4615 barborum]
569 4555 727 4618 expectamus
740 4547 881 4616 glandium
894 4546 1074 4634 2212222222-
1129 4547 1163 4602 19
1180 4547 1252 4602 tiues
1271 4547 1307 4600 F¹
1373 4547 1408 4602 23
1426 4545 1520 4603 22222
1540 4549 1576 4600 il
1641 4549 1675 4604 21
1694 4548 1778 4604 habet
1795 4551 1821 4604 F

385 4637 455 4688 rum,
473 4621 520 4673 sed
535 4637 567 4672 ne
584 4627 661 4672 mutu.
682 4637 732 4672 anu
749 4623 830 4674 solum
851 4620 889 4673 B:
907 4621 947 4687 τῷ
966 4618 1073 4674 bsonari
1127 4621 1163 4673 30
1188 4618 1273 4688 libris]
1302 4619 1347 4682 Ρ,
1373 4619 1474 4674 libratas
1501 4617 1537 4672 F‘
1614 4621 1649 4675 32
1675 4621 1816 4692 sentirent]

386 4693 442 4746 2222
461 4689 616 4762 3xpobprcoa
638 4689 786 4762 (22221221)
809 4691 892 4744 22222
915 4691 946 4744 13
970 4692 1074 4762 lislpa,
1128 4690 1197 4754 Hui,
1215 4691 1334 4744 22221222
1347 4691 1372 4742 F
1427 4692 1462 4746 33
1480 4691 1630 4746 secundum
1644 4691 1697 4747 hou
1714 4693 1815 4764 222222]

386 4764 525 4818 sedetiam
540 4761 696 4832 Gyriiliunae
712 4764 813 4833 piosaco
829 4783 855 4833 p.
850 4761 1012 4833 ..373srepa
1024 4772 1075 4818 aio:
1128 4761 1193 4826 FM,
1220 4761 1370 4816 secuudum
1391 4762 1444 4818 hoc
1464 4763 1531 4818 21222
1556 4764 1644 4820 (cidus
1664 4764 1706 4830 X)
1728 4764 1815 4828 XOO‚

386 4832 1422 4906 2262222222222222221,2222·121229222222-222222222221222
1433 4805 1815 4896 222221122222222222

385 4905 572 5032 [32222ἀιὲ1211ὕΙ
603 4903 783 5040 1{7r'reqerartrlljris
804 4904 1017 5030 Ρμιιοςὲἑιέω
1037 4905 1082 5028 F}
1128 4903 1180 4960 lroc
1195 4912 1271 5030 aciat}
1287 4905 1347 5030 2121
1341 4908 1431 5031 ciffi
1452 4915 1478 4960 la
1496 4907 1567 5033 {l-
1559 4923 1587 4961 rn
1604 4905 1673 5032 hbfro
1675 4907 1816 5035 &gasaw

388 4984 592 5104 1411221211·
628 5047 663 5103 16
671 4983 853 5102 2122121121
882 4978 923 5102 Ι111
933 4995 1075 5102 2222111111
1127 4991 1461 5119 1212021122121121122101221Β
1473 4993 1639 5120 suggr3330d1ae
1651 4992 1714 5104 ἕο
1756 4995 1769 5034 r
