3428 5460
25 277 301 333 unmranmue
725 253 814 336 445
1273 263 1395 332 XXXX
1416 265 1436 332 b
1455 273 1491 328 ae

26 416 224 477 uadumtnr
241 413 453 470 manumittendi
470 429 563 484 eausa,
581 429 616 469 ox
634 414 679 470 dio
696 429 771 484 nero,
789 431 844 486 qno
856 417 945 486 petita
956 421 1007 486 εει,
1025 417 1137 486 ingenui
1149 422 1305 475 nmoantur.
1331 421 1491 491 plerumque

29 507 138 565 enim
152 519 196 574 per
211 504 350 574 ignauiam
369 503 415 558 uel
431 518 482 573 per
501 503 511 575 l
531 503 704 558 timiditatem
723 518 826 574 eorum,
845 504 945 574 quibus
962 506 1124 575 relinquitur
1141 506 1253 562 libertas
1269 506 1490 579 fideicommissa,
1507 514 1524 562 t.
1535 515 1579 563 aar
1636 565 1639 570 ,

31 595 105 652 uei
130 593 297 662 ignorantiam
316 592 384 648 iuris
402 593 444 648 sui
463 593 507 647 uei
524 605 575 662 per
592 593 783 648 austeritatem
802 599 831 648 ει
854 593 1016 662 dignitatem
1041 609 1150 665 eornm,
1174 595 1309 666 aquibus
1326 597 1421 652 reliots
1438 602 1490 666 est,

32 684 104 739 uel
131 683 205 736 serim
220 681 326 751 petitur
342 681 388 736 uei
405 681 434 736 in
451 685 539 736 totum
559 695 614 736 nou
631 681 735 750 petitur
751 679 964 738 fideicommissa
975 681 1101 738 libertas:
1120 697 1191 752 quae
1205 700 1249 740 res
1261 684 1360 740 obesse
1372 685 1491 740 libertati

33 787 122 826 mon
142 769 222 824 debet.
249 770 325 840 qnod
346 769 432 840 igitur
453 768 640 838 defendimus,
664 769 705 824 ita
727 768 965 824 determinandum
989 774 1046 840 εει,
1069 775 1100 826 ει
1121 771 1233 840 ingenui
1257 773 1374 842 quidem
1389 773 1490 829 exinde
1508 783 1522 824 ε

34 862 214 927 mearant,
233 873 269 912 ex
288 874 343 928 quo
362 873 439 914 moro
456 857 575 914 libertati
593 856 668 913 laeta
685 862 741 927 est,
760 858 916 914 manumitti
935 864 1027 916 autern
1046 863 1154 928 partum
1173 859 1228 916 diei
1246 861 1359 932 debeat,
1380 877 1415 917 ex
1434 877 1489 932 quo

35 947 124 1017 peti
138 946 239 1002 libertas
256 947 362 1016 potnit,
385 947 512 1017 quamuis
530 961 584 1002 non
603 946 639 1002 sit
655 945 751 1015 petita
778 951 853 1002 oorte
876 945 1026 1004 minoribus
1050 948 1147 1017 uiginti
1166 950 1286 1020 quinque
1308 951 1388 1006 annis
1411 956 1441 1006 ot
1461 952 1490 1005 ιε

37 1034 117 1089 hoe
136 1033 297 1090 tribuendum
317 1039 362 1090 est
378 1036 518 1106 auxilium,
537 1041 568 1090 ut
586 1034 713 1091 uideatur
731 1035 759 1090 in
779 1049 809 1090 re
828 1051 904 1090 mora
921 1050 998 1091 ease:
1022 1051 1086 1091 uam
1104 1051 1160 1106 qua
1177 1038 1285 1094 rationo
1302 1038 1443 1094 deoratnm
1461 1045 1490 1094 st

39 1137 62 1176 a
97 1123 165 1178 diuo
180 1121 281 1180 Senem
306 1123 484 1178 eonstitutom
507 1128 551 1178 est
572 1123 602 1178 io
623 1139 652 1179 re
677 1137 781 1180 moram
806 1137 870 1180 esso¹
891 1125 965 1180 oiooa
987 1125 1145 1194 pecuniaria
1167 1124 1393 1196 tideioommissa,
1418 1141 1489 1196 quae

5 1219 20 1263 s
40 1211 203 1266 minoribm
220 1211 317 1266 reliota
334 1214 411 1280 sunt,
436 1212 522 1268 multo
541 1212 629 1282 magis
647 1211 731 1268 debet
748 1211 831 1268 etiam
855 1212 883 1268 in
906 1211 1079 1270 libertatibus
1100 1213 1153 1270 hoo
1176 1215 1249 1270 idem
1267 1215 1384 1270 admitti.
1420 1215 1488 1271 (inm
1508 1227 1537 1267 ro

43 1299 168 1368 quidam
181 1300 315 1356 caecilius
333 1300 468 1370 ancillam,
485 1314 567 1369 quam
585 1301 694 1371 pignori
713 1299 891 1370 obligauerat,
910 1301 1023 1358 dimisso
1042 1301 1176 1358 oreditore
1188 1301 1489 1372 perfideioommissum

47 1390 208 1444 manumitti
231 1389 366 1445 noluisset
387 1387 586 1458 etbesedibua
609 1389 771 1445 traditorem
796 1405 851 1445 noo
869 1388 1048 1446 liberantibus
1065 1389 1199 1460 inientes,
1223 1392 1271 1462 qni
1293 1397 1391 1464 postea
1406 1397 1490 1448 'erant

48 1474 140 1547 editi,
154 1478 289 1534 uenissent
307 1493 325 1533 a
342 1476 484 1548 creditore,
503 1477 652 1549 imperator
670 1483 763 1533 noster
781 1493 843 1532 oum
862 1483 941 1548 patre
959 1480 1100 1548 resoripsit
1117 1480 1267 1538 seeundum
1280 1495 1322 1550 ea,
1340 1495 1412 1551 quae
1423 1481 1489 1538 dino

51 1562 113 1618 Pio
131 1567 280 1636 piaouerint,
299 1582 334 1622 ne
351 1567 429 1637 pueri
447 1567 618 1637 ingenuitate
635 1566 774 1622 destinata
790 1565 991 1639 fraudarentur,
1009 1569 1100 1647 pretio
1111 1569 1226 1639 emptori
1239 1569 1365 1625 restituto
1376 1569 1502 1640 perinde-=

23 1657 112 1708 teos
132 1655 254 1726 ingenuos
271 1654 344 1726 lore,
368 1670 402 1711 ao
424 1657 561 1712 rimator
584 1670 678 1712 eornm
702 1669 752 1712 suo
775 1659 899 1726 temporo
917 1658 1086 1713 manumissa
1103 1655 1210 1714 tuimet
1245 1657 1323 1714 ldom
1341 1659 1489 1728 imperator
1507 1669 1535 1711 rs

57 1747 153 1798 uesta
171 1757 231 1800 oum
253 1749 334 1815 patre
357 1745 509 1815 rescripsit,
536 1745 560 1799 si
587 1748 651 1814 post
676 1745 891 1815 quinquennium
915 1747 1010 1802 mortis
1033 1747 1174 1802 testatoris
1197 1745 1307 1802 tabulae
1329 1747 1488 1804 testamenti

60 1837 168 1897 tiaertse
184 1839 277 1890 essent
293 1833 339 1889 uei
356 1833 473 1890 oodioilii
490 1837 520 1890 et
536 1838 632 1904 partus
650 1833 740 1889 modio
758 1839 882 1904 temporo
899 1834 991 1890 editus
1003 1835 1047 1904 eit,
1066 1850 1101 1892 ne
1112 1834 1226 1890 fortuita
1237 1851 1314 1892 mora
1326 1837 1487 1892 εεεειιειεεε

34 1920 150 1984 *partu
164 1922 332 1993 inoganerit,
350 1922 431 1978 matri
448 1927 556 1993 partum
575 1921 753 1992 tradendum,
772 1929 803 1978 ot
821 1922 856 1978 ab
875 1937 909 1978 ea
926 1921 963 1978 sd
980 1922 1140 1980 libertatem
1152 1923 1327 1993 perdonatur.
1364 1924 1487 1996 Apparet

64 2003 190 2073 igiturex
205 2011 258 2066 boo
275 2011 417 2082 rosoripto,
436 2011 501 2066 item
521 2011 647 2082 eoquod
666 2027 683 2066 a
700 2011 766 2068 diuo
783 2012 832 2066 Pio
851 2011 1011 2080 reseriptum
1030 2011 1158 2082 diximus,
1177 2013 1298 2068 noluisse
1315 2029 1364 2069 eos
1382 2029 1486 2070 moram

39 2091 174 2156 libertati
189 2099 329 2156 iomoitam
347 2114 446 2156 nooere
465 2099 539 2156 edito
556 2115 592 2156 ex
609 2115 657 2169 ea,
682 2101 726 2156 oni
744 2099 957 2158 tideioommissa
973 2099 1085 2156 libertae
1102 2100 1168 2155 data
1185 2106 1237 2156 εει.
1272 2102 1335 2158 Non
1351 2103 1487 2160 tamensi
1505 2113 1536 2154 ao

66 2193 81 2234 a
98 2187 235 2246 substituto
253 2188 403 2260 impuberis
421 2187 633 2244 fideicommissa
650 2187 763 2244 libertas
780 2188 846 2244 data
863 2189 900 2244 sit
917 2189 1030 2244 aneiliae
1048 2203 1136 2258 eaque
1149 2189 1212 2244 uiuo
1225 2190 1366 2260 impubere
1377 2197 1486 2262 partum

66 2269 179 2346 didono
195 2279 239 2334 uei
256 2279 281 2334 ai
298 2283 364 2348 post
380 2284 494 2347 tempos
507 2277 552 2332 uei
570 2275 623 2332 sub
641 2277 801 2334 eondioione
819 2275 974 2334 libertatem
992 2278 1131 2348 aooeporit
1147 2281 1177 2334 et
1194 2283 1258 2334 ante
1275 2278 1347 2334 diem
1360 2280 1405 2334 oei
1422 2294 1486 2335 oon·

65 2355 187 2422 dicionem
204 2371 313 2438 parturn
332 2365 458 2435 ediderit,
476 2363 513 2420 ad
529 2364 683 2421 libertatem
701 2372 797 2436 partos
814 2365 993 2436 perdnoetnr,
1017 2367 1082 2436 quia
1100 2365 1195 2422 borum
1214 2367 1269 2422 aiis
1285 2366 1410 2424 oondioio
1428 2369 1484 2422 est:

41 2445 119 2504 lton
135 2456 196 2510 anim
219 2469 323 2511 moram
346 2453 501 2524 fortuitam,
524 2454 575 2510 sed
598 2468 633 2508 ex
656 2455 949 2510 εοιεειειειεειεειιε
971 2456 1046 2525 passi
1064 2459 1142 2510 εεει.
1179 2454 1209 2510 Si
1232 2471 1282 2524 pro
1305 2471 1360 2511 non
1382 2456 1485 2526 seripto

65 2528 342 2602 tenimentorum
366 2543 447 2598 alieni
470 2543 593 2612 legatus,
620 2543 665 2598 oni
691 2557 773 2598 seruo
799 2558 848 2612 por
870 2542 1111 2600 fideicommissum
1136 2543 1248 2600 libertas
1270 2545 1411 2615 admnptn
1433 2547 1485 2615 est,
1506 2555 1535 2597 ao

64 2633 221 2690 tutationis
237 2637 289 2702 est,
308 2647 374 2688 num
393 2630 605 2688 lideioommissa
622 2631 734 2687 libertae
752 2631 854 2688 debeat
871 2631 1033 2688 iuteroidore
1050 2637 1094 2688 ειι
1108 2649 1153 2703 an,
1170 2634 1195 2688 ai
1206 2647 1304 2694 seruus
1314 2637 1393 2702 petat
1409 2631 1485 2688 ildoi-

63 2719 224 2777 οῐιῑιιειεεεει
241 2719 397 2777 libertatem
413 2719 448 2776 ab
466 2735 514 2790 eo,
531 2735 618 2790 penes
636 2735 717 2791 quem
735 2721 914 2776 remandaret
930 2736 979 2790 pro
998 2735 1052 2777 non
1070 2721 1173 2792 soripto
1191 2721 1284 2778 habite
1301 2723 1393 2792 iegato
1411 2720 1486 2791 qood

63 2807 124 2860 orat
137 2809 252 2866 εειιειεει
269 2810 296 2864 ει
313 2810 360 2880 qni
379 2823 442 2864 eum
460 2813 573 2880 rogatus
590 2807 681 2864 iuerat
699 2810 899 2880 manumittere,
918 2810 979 2864 nei²
991 2811 1015 2865 si
1032 2809 1092 2880 ipse
1109 2825 1214 2881 seruus,
1232 2815 1264 2866 ut
1280 2825 1364 2880 supra
1380 2809 1485 2866 dietum

62 2893 115 2960 Μ,
131 2893 174 2954 tuit
189 2899 306 2968 legatus,
324 2913 360 2954 an
376 2897 489 2953 libertas
506 2913 562 2954 non
580 2896 682 2953 deboat
699 2898 869 2954 interoidere.
897 2902 926 2952 et
943 2901 1037 2968 potem
1055 2897 1156 2955 debere
1174 2898 1228 2954 dioi
1246 2898 1485 2966 lideieommissam

62 2969 204 3042 lsbemtem
223 2987 329 3042 saluam
347 3001 418 3056 esse,
436 2987 502 3041 iioet
519 2987 554 3042 sd
573 3001 635 3042 eam
654 2985 719 3042 nihii
737 2987 905 3058 pertinuerit,
924 2988 971 3057 qui
989 3003 1052 3044 aum
1071 2991 1184 3059 rogatus
1202 2992 1262 3043 erat
1280 2987 1484 3044 manumittere:
1505 2997 1534 3040 so

61 3073 167 3138 ionem
187 3076 270 3146 igitar
293 3074 447 3130 libertatem
470 3081 611 3143 praestare
629 3076 653 3132 is
676 3075 711 3132 ad
730 3091 810 3146 qoem
829 3077 958 3147 peruenit
972 3077 1107 3145 legatum,
1130 3075 1196 3146 quia
1217 3075 1329 3132 libertas
1346 3074 1485 3132 iidoioom·
1512 3121 1515 3126 .

35 3144 143 3216 'miano
160 3165 261 3220 nodum
283 3163 510 3234 impedimentum
532 3165 590 3234 pati
613 3163 704 3220 debet.
747 3163 917 3220 Subnentum
945 3163 1117 3222 libertatibus
1143 3169 1187 3220 est
1212 3169 1325 3220 senatos
1350 3165 1485 3236 eonsulto,

60 3249 134 3306 quoi
147 3249 244 3308 ιεειειε
267 3259 311 3308 εει
332 3251 503 3324 temporibus
526 3252 584 3308 diui
601 3253 712 3308 Traiani
729 3251 833 3310 Rubrio
851 3253 930 3310 dallo
948 3258 977 3309 ει
994 3253 1105 3310 daeiio⁸
1123 3254 1246 3324 Hispone
1263 3253 1439 3310 εεεεειιιεεε*Ι
1456 3253 1485 3310 ιε

61 3323 130 3428 ,Μ
142 3341 235 3398 uerba:
255 3341 287 3398 ‘si
304 3340 341 3412 ni,
359 3341 494 3412 aquibus
512 3341 665 3398 libertatem
683 3342 817 3412 praestari
834 3347 950 3413 oportet,
969 3341 1076 3398 enooati
1094 3346 1250 3412 apraetore
1267 3341 1367 3398 adem
1383 3342 1485 3398 εειειε-

68 3429 142 3496 sent,
160 3430 184 3485 si
204 3445 290 3487 eausa
312 3431 425 3501 oognita
445 3434 557 3502 praetor
578 3429 784 3500 pronuntiasset
807 3429 959 3510 libertatem
982 3431 1025 3486 bis
1049 3429 1156 3501 deberi,
1180 3429 1277 3486 eodem
1300 3430 1359 3486 iure
1381 3435 1491 3486 statum<
1504 3437 1534 3482 ts

36 3500 172 3586 sterant,
188 3533 222 3576 ao
239 3519 264 3574 si
282 3518 387 3574 direoto
405 3519 566 3574 manumissi
583 3516 694 3574 essent'.
730 3519 790 3574 Ηοε
808 3525 920 3578 aeneum
938 3520 1094 3576 consultam
1108 3519 1147 3574 ad
1164 3533 1213 3574 eos
1230 3519 1361 3589 pertinet,
1385 3517 1485 3589 quihus

64 3605 99 3650 0¹
118 3616 188 3662 unsa
198 3605 403 3663 lideioommissi
415 3606 527 3664 libertas
540 3606 681 3662 debeatur.
709 3606 823 3676 proinde
835 3607 859 3662 si
871 3606 983 3663 libertas
995 3623 1049 3664 non
1062 3606 1216 3676 deberetur,
1234 3607 1378 3678 obreptum
1390 3612 1485 3664 tamen

64 3693 171 3749 brittoni
186 3701 228 3752 est
245 3696 280 3752 de
299 3695 426 3752 libertate
443 3695 726 3766 proluuntiatumque,
745 3711 779 3750 ox
798 3695 850 3752 hoo
867 3700 980 3751 senatus
998 3697 1123 3753 oonsulto
1140 3695 1252 3752 libertas
1270 3712 1326 3752 non
1344 3697 1484 3766 oompetit.
1501 3701 1519 3749 t.
1530 3699 1583 3750 aal'

38 3765 51 3811 ⁹
66 3773 93 3824 01
110 3776 143 3834 iu
156 3783 299 3856 imperator
317 3788 411 3840 noster
429 3799 492 3840 oum
509 3789 587 3856 patre
605 3799 656 3840 suo
674 3783 822 3854 roeoripeit.
859 3785 975 3842 Euooari
999 3790 1091 3842 autem
1116 3797 1133 3840 a
1157 3789 1283 3855 praetore
1300 3789 1410 3855 oportet
1428 3799 1485 3855 eos,

66 3862 112 3924 qni
127 3866 352 3930 ldeioommissam
370 3872 524 3929 libertatem
544 3871 659 3928 debant:
678 3878 799 3930 aeterum
818 3871 870 3928 nisi
889 3871 989 3929 luerint
1007 3874 1128 3942 euooati,
1147 3877 1239 3928 eesnat
1256 3873 1424 3928 Rubrianum
1443 3889 1485 3929 ae·
1503 3883 1533 3924 aa

25 3939 52 3986 ¹⁰
66 3953 140 4012 ml1⁸
153 3963 312 4019 oonsultnm.
339 3961 453 4033 proinde
466 3960 720 4018 denuntiationibus
732 3967 761 4018 ει
772 3959 871 4018 ediotis
882 3961 1034 4031 litterisque
1046 3962 1184 4018 onooandi
1199 3967 1273 4017 aaut
1300 3963 1361 4018 Ηοε
1372 3967 1485 4018 sesama

68 4044 201 4107 wmnitnm
220 4051 257 4108 ad
274 4065 371 4108 omnes
387 4051 508 4122 pertinet
524 4051 673 4119 latitantes,
691 4065 762 4120 quoe
779 4047 1018 4106 fideicommissam
1037 4049 1190 4106 libertatem
1208 4055 1349 4122 praestare
1367 4055 1484 4122 oportet

67 4127 165 4192 lfoirdo
181 4141 238 4196 sine
256 4139 337 4196 bores
355 4141 484 4212 εεεειεεΒ
497 4139 556 4196 εἰεε
568 4140 630 4210 quia
642 4139 721 4210 alius,
740 4143 853 4194 senatun
870 4139 996 4214 eonsulto
1007 4139 1084 4195 ioous
1097 4143 1153 4194 est:
1172 4154 1267 4196 omnes
1280 4137 1352 4196 onim
1364 4139 1485 4211 omnino,

69 4223 265 4316 itarzuoo)
673 4303 675 4308 ,

69 4319 1484 4358 mmmm-..Um

70 4361 173 4438 'aaa
240 4385 332 4456 ἐρεε
351 4396 397 4442 ει.
467 4386 637 4458 waepero
655 4391 700 4460 ns.
713 4387 821 4442 trema
838 4388 863 4452 ε,
881 4387 956 4455 sora,
1018 4387 1073 4460 ιε.
1088 4387 1150 4442 σε.
1164 4387 1217 4442 103
1286 4386 1354 4441 *stt
1372 4394 1419 4440 ιε.

69 4455 474 4498 m

69 4509 161 4592 Νι),
175 4524 217 4581 'sis
235 4528 298 4598 τέκῃ
317 4529 362 4592 (=
376 4528 399 4582 si
411 4528 519 4598 pariat),
538 4527 601 4598 atro]
619 4528 650 4600 τῇ
664 4529 738 4598 ssrpl
794 4529 954 4584 aaracrs'ooac
973 4528 1138 4583 aaraneaorne
1152 4569 1157 4581 .
1169 4569 1174 4581 .
1186 4568 1192 4581 .
1206 4528 1244 4581 κει
1263 4527 1299 4581 ἔτι
1316 4529 1419 4581 τῶκτοε
1436 4527 1485 4588 τοι

70 4583 213 4725 {marg}
233 4597 437 4735 ?1;ex3eicl(=
455 4597 607 4724 ipsiMmatlrg
623 4599 740 4654 traditur
794 4599 1029 4726 auniorpb‘rexeanrl
1049 4599 1251 4738 eggfusssasss
1294 4601 1485 4738 2(283θείῗιθῗιειεέι*

276 4687 339 4725 ort:
391 4679 480 4724 auore
536 4689 563 4725 ee
630 4679 739 4724 'oetn-
794 4685 866 4725 enim
988 4677 995 4699 ⁸
1047 4686 1060 4724 ε
1156 4680 1230 4724 x·

72 4715 182 4842 Ὕιιεε
203 4759 254 4794 non
276 4742 348 4794 medi
366 4747 429 4794 erim
503 4689 744 4795 insufflatur?
793 4743 828 4796 29
847 4741 960 4797 libertus
978 4741 1014 4796 i*
1068 4741 1104 4796 33
1121 4739 1238 4796 trebiani
1256 4742 1302 4806 Fi
1323 4739 1410 4794 boelio
1428 4740 1484 4805 RS,

73 4778 330 4865 2iltioommissa‘m'
343 4809 378 4864 ι’*
423 4809 601 4880 8qua'm'F2
644 4812 677 4865 13
689 4817 740 4865 *aa*
793 4813 838 4866 abt
855 4816 968 4867 comba
985 4815 1129 4886 afferantur
1148 4813 1242 4866 Latine
1299 4811 1334 4866 oe
1352 4825 1386 4866 ao
1404 4810 1428 4865 si
1444 4811 1485 4865 dtr

75 4863 136 4921 omn
152 4877 180 4955 r*
225 4881 493 4951 reprendantur
541 4883 575 4938 ra
591 4882 691 4936 maren
704 4883 740 4935 re
794 4883 830 4934 rt
846 4885 851 4949 l
867 4879 1223 4938 sonansmmuitoums*
1251 4878 1483 4950 erumnarum!

76 4918 230 5006 ²9d1nex
247 4967 282 5006 ea
296 4954 321 5004 F
368 4954 402 5008 ‘21
421 4951 600 5008 substitutum
618 4953 656 5005 F'
672 4957 676 5020 Ι
693 4967 741 5007 an·
794 4951 944 5009 dabuntur
967 4955 1016 5008 F’:
1044 4953 1131 5008 oicrrct
1223 4952 1419 5023 κεχρεώιτετειἶ
1434 4950 1485 5030 BS

77 4995 281 5092 uumorquae
302 5023 350 5078 F’:
373 5021 419 5077 iio
443 5024 473 5076 at
496 5021 588 5092 indeq
612 5043 652 5078 nc
676 5021 739 5086 ino·
794 5025 830 5079 38
847 5023 1023 5094 uonJhaoffl
1073 5024 1109 5080 40
1122 5029 1235 5080 senatm
1247 5020 1434 5079 oonsult'o'nm
1446 5019 1484 5074 F*
