3608 5460
246 211 571 296 urrunnun-4
705 235 707 240 ·
926 199 1050 280 ιιι
1423 219 1679 293 »omnmo
1746 181 1783 268 ἦ

247 370 414 426 condicionis
433 383 518 423 causa
536 365 682 437 acceperit,
701 362 854 432 deduxerit,
874 362 1035 432 exceptione
1054 360 1270 416 summouendus
1288 361 1352 416 erit:
1375 364 1404 415 ιι
1421 359 1488 414 hacc
1508 359 1548 414 ita
1565 357 1679 414 lulianus

247 474 356 530 quoque
375 457 492 513 scribsit,
522 457 546 511 si
564 461 657 510 mmen
676 468 710 508 ex
729 468 759 508 re
777 451 909 520 emptoris
927 451 972 506 uel
990 465 1025 504 ex
1043 449 1163 521 peculio,
1187 448 1262 518 quod
1287 448 1496 518 ademptorem
1521 445 1679 517 pertinebat,

246 548 390 618 pecuniam
409 545 517 600 dederit
533 542 685 612 statuliber,
703 545 796 612 potest
814 539 868 594 dici
887 538 1077 610 exceptionem
1096 553 1151 594 non
1169 551 1277 607 nocere,
1295 538 1361 608 qula
1378 537 1441 594 dole
1458 551 1515 591 neu
1532 533 1643 590 laceret

65 609 70 618 .
141 633 148 652 ⁸
210 639 229 698 3
301 637 420 690 Pennus
438 633 507 690 libro
526 631 750 702 septuagenslmo
767 629 856 698 primo
875 627 911 682 ad
929 627 1059 682 edictum.
1095 627 1163 681 Item
1183 625 1207 680 si
1225 625 1261 682 ob
1279 625 1322 696 id,
1345 625 1433 696 quod,
1452 629 1528 679 ante
1548 619 1720 708 [ΜΕ

246 741 328 794 quam
348 723 497 778 dominium
517 721 553 776 ad
572 735 615 776 me
633 715 826 784 transferatur,
853 714 989 770 uenditori
1007 713 1115 770 dederit
1132 713 1236 784 decen,
1261 729 1341 784 agam
1360 729 1396 768 ex
1413 717 1523 784 empto,
1540 721 1574 768 ut
1591 712 1680 768 decem
1697 725 1710 764 ι

247 813 391 882 recipiam,
415 812 454 866 ite
477 815 544 880 puto
568 810 724 877 competere
748 803 813 860 mihi
838 803 988 871 ιιιίοιιιιι,
1013 803 1036 856 si
1054 805 1167 872 paratus
1185 802 1237 858 sim
1256 818 1291 858 ex
1309 802 1409 874 duplae
1427 801 1606 873 stipulatione
1623 817 1682 857 eum

246 901 370 957 liberare.

209 995 228 1052 4
302 989 451 1044 Uurrauus
468 985 538 1040 libro
556 980 780 1053 septuageuslmo
798 983 878 1036 sexto
896 978 932 1034 ad
950 978 1080 1034 edictum.
1107 978 1190 1049 Apud
1203 978 1312 1036 Οιῑιιιιιι
1329 979 1476 1050 quaeritur,
1495 979 1528 1048 sl,
1547 974 1720 1062 [QE

247 1095 309 1134 cum
328 1077 401 1132 Titio
426 1073 603 1130 mandassent
626 1070 776 1126 creditores
800 1067 969 1136 hereditarii,
991 1072 1023 1122 ut
1041 1067 1129 1122 adiret
1146 1067 1341 1137 hereditatem,
1365 1083 1436 1123 uuus
1455 1083 1509 1124 non
1528 1067 1683 1124 mandasset

247 1163 401 1235 decipiendi
420 1163 479 1218 elus
498 1175 590 1228 causa,
610 1159 789 1214 mandaturus
808 1156 936 1226 alloquin,
955 1156 979 1210 ei
998 1169 1053 1212 non
1070 1154 1142 1212 ieret
1160 1155 1219 1212 hie¹
1232 1156 1366 1227 editurus,
1385 1156 1484 1212 deinde
1497 1161 1573 1226 agat,
1592 1165 1721 1212 anax-1⁰

216 1267 227 1310 t
247 1255 373 1326 ceptione
396 1250 555 1322 repellatur:
579 1253 608 1302 et
632 1247 671 1302 ait
689 1247 785 1304 Celsus
808 1245 864 1300 doli
881 1259 945 1299 eum
963 1245 1126 1315 exceptione
1144 1244 1340 1316 repellendum.
1376 1245 1499 1300 lulianus
1516 1243 1640 1314 scribsst,
1662 1245 1684 1300 si

247 1344 316 1414 quis,
335 1357 397 1397 cum
417 1353 500 1408 aeger
518 1340 600 1404 esset,
620 1339 729 1390 centum
748 1347 846 1390 aureos
866 1333 959 1388 ιιιοιίι
977 1348 1044 1388 errae
1062 1332 1226 1389 consobrino
1244 1333 1446 1404 spopondisset,
1468 1334 1565 1388 uolens
1583 1333 1683 1388 scilieet

247 1447 308 1486 eam
326 1429 471 1499 pecuniam
490 1424 525 1480 ed
544 1423 684 1478 mulierem
701 1422 854 1492 peruenire,
873 1421 973 1476 deinde
992 1421 1170 1492 condoluerit,
1188 1437 1225 1478 an
1243 1421 1403 1491 exceptione
1419 1422 1460 1478 uti
1471 1422 1570 1492 poeni,
1588 1422 1613 1476 si
1624 1436 1682 1477 con·

215 1519 382 1576 nunciatur.
418 1521 447 1571 et
469 1511 553 1568 relert
570 1509 693 1566 Labeoni
716 1509 852 1580 placuisse
875 1509 931 1565 doli
955 1511 1020 1564 mali
1043 1511 1084 1564 uti
1107 1525 1170 1566 eum
1192 1525 1283 1580 posse.
1320 1509 1350 1565 Si
1367 1511 1396 1565 in
1414 1509 1546 1566 arbitrum
1564 1525 1683 1581 compro

248 1607 430 1672 misserimus‚
451 1600 551 1657 deinde
570 1615 631 1654 cum
652 1614 707 1654 uon
725 1599 863 1654 stedseem
883 1597 919 1654 ob
937 1598 1083 1654 aduersam
1101 1597 1290 1668 ualitudinem,
1309 1612 1398 1668 poena
1415 1599 1565 1654 commissa
1582 1605 1720 1669 ostenti

216 1707 229 1751 ι
247 1696 288 1750 uti
306 1693 409 1766 possim
428 1690 484 1745 doli
502 1686 683 1756 exceptione?
709 1691 738 1742 et
755 1687 795 1742 eit
812 1687 978 1757 Pomponius
997 1685 1128 1756 prodesse
1146 1685 1212 1742 milri
1228 1686 1284 1742 doli
1295 1687 1495 1757 exceptionem.
1522 1687 1682 1757 itemquae

247 1785 327 1852 ritur,
347 1781 370 1836 si
388 1795 451 1834 oum
470 1792 517 1846 eo,
536 1793 553 1830 a
571 1790 626 1845 quo
645 1773 695 1830 tibi
713 1774 877 1844 sexaginta²
894 1774 1068 1845 deberentur,
1086 1775 1329 1846 compromisseris,
1348 1775 1447 1832 deinde
1465 1791 1515 1848 per
1533 1776 1683 1846 impruden·

248 1873 314 1928 tiam
333 1883 450 1940 poenam
469 1869 579 1922 centurn
598 1863 745 1934 stipulatus
763 1861 856 1918 meris.
885 1863 979 1918 Labeo
996 1867 1077 1933 putat
1094 1863 1241 1920 conuenire
1258 1861 1349 1920 officio
1367 1863 1461 1920 arbitri
1472 1863 1568 1920 iubere
1581 1869 1684 1920 tantm

248 1959 299 2016 tibi
318 1958 385 2026 deri,
404 1958 536 2026 quantum
556 1967 586 2008 re
604 1966 670 2007 uere
687 1950 829 2021 debeatur,
848 1955 884 2022 et,
904 1952 928 2007 si
946 1967 1001 2008 non
1019 1951 1075 2021 liat,
1094 1966 1149 2008 non
1167 1957 1272 2022 ιιιιιιι,
1290 1967 1325 2008 ne
1343 1952 1409 2023 quid
1427 1953 1546 2023 amplius
1563 1957 1683 2023 petatur:

249 2047 298 2104 sed
318 2046 425 2102 etiamsi
443 2044 471 2099 id
489 2043 620 2100 omissum
640 2038 730 2109 luerit,
749 2041 806 2110 peti
824 2054 906 2109 posse
924 2040 998 2110 quod
1016 2039 1133 2096 debetur
1150 2039 1244 2096 Labeo
1263 2040 1338 2110 dicit,
1356 2047 1385 2096 et
1402 2042 1425 2096 sl
1445 2039 1515 2097 forte
1533 2057 1626 2112 poena
1641 2055 1684 2112 pe·
1700 2047 1730 2090 ιθ

215 2147 231 2192 t
249 2141 337 2204 tatur,
361 2134 416 2190 doli
440 2132 505 2186 mali
526 2129 715 2200 exceptionem
735 2127 914 2198 profuturam.
951 2127 981 2184 Si
999 2129 1060 2198 quie
1078 2129 1181 2199 pupillo
1199 2129 1313 2184 soluerit
1330 2129 1390 2184 eine
1407 2130 1507 2186 tutoris
1524 2131 1685 2186 auctoritate

249 2224 278 2279 id
296 2221 369 2293 qued
388 2221 484 2278 debuit
501 2233 591 2289 exque
609 2233 643 2272 ea
656 2217 791 2274 solutione
803 2215 965 2286 locupletior
977 2215 1066 2273 iactus
1079 2218 1116 2272 sit
1127 2218 1255 2289 pupillus,
1275 2217 1426 2293 rectissime
1439 2217 1540 2274 dicitur
1550 2219 1685 2290 exceptio

249 2327 313 2368 nem
334 2307 492 2382 petentibus
515 2321 628 2363 nocere:
652 2321 715 2360 nam
737 2311 766 2360 et
783 2306 807 2360 si
826 2310 949 2360 mutuam
968 2306 1105 2377 acceperit
1121 2307 1266 2378 pecuniam
1285 2307 1331 2361 uel
1348 2321 1456 2376 exque
1473 2308 1528 2362 alin
1546 2311 1686 2364 contactu

249 2400 410 2470 locupletior
433 2395 524 2452 lactus
547 2396 597 2465 sit,
621 2393 740 2450 dandam
766 2408 827 2450 esse
851 2394 1051 2464 exceptionem.
1078 2394 1206 2464 idemque
1230 2395 1309 2450 etin
1333 2395 1431 2450 ceteris
1456 2395 1508 2452 erit
1531 2395 1685 2466 dicendum,

217 2499 231 2545 t
250 2488 349 2560 quibus
368 2503 423 2543 non
440 2489 514 2540 recte
533 2483 664 2540 soluitur:
688 2499 751 2538 narn
770 2483 794 2538 si
812 2481 879 2538 lacti
901 2483 956 2538 sint
978 2483 1183 2554 locupletiores,
1206 2483 1333 2552 exceptio
1351 2485 1440 2540 locum
1459 2483 1582 2540 babebit.
1619 2485 1686 2540 ltom
1702 2471 1801 2533 ι’

250 2577 343 2634 Labeo
362 2575 466 2644 scribit,
485 2574 508 2628 si
527 2573 589 2641 quis
606 2570 753 2641 fugitiuum
772 2587 834 2628 esse
852 2571 943 2627 sciens
956 2571 1053 2627 emerit
1065 2585 1175 2626 seruum
1193 2575 1223 2626 et
1236 2572 1277 2626 si¹
1290 2573 1436 2643 stipulatus
1449 2571 1532 2628 fuerit
1550 2568 1685 2657 [Effice

250 2666 397 2736 fugiumn
416 2677 470 2718 uon
489 2676 559 2731 esee,
578 2659 762 2730 deindeaget
779 2673 814 2714 ex
833 2659 973 2730 stipulatu,
992 2674 1048 2716 nou
1065 2674 1127 2714 esse
1145 2675 1208 2716 eum
1228 2661 1389 2732 exceptione
1406 2647 1686 2734 repellendum-‹pfo-

250 2755 323 2810 niam
341 2753 393 2808 hoc
411 2751 541 2808 conuenit
564 2749 702 2820 (quemuis
725 2752 871 2818 exempto
894 2748 1028 2804 actionem
1054 2763 1108 2804 non
1131 2747 1269 2816 haberet):
1293 2749 1356 2821 sed,
1379 2751 1403 2806 si
1427 2766 1481 2806 non
1505 2751 1686 2820 conuenisset,

217 2843 413 2914 conceptione
436 2839 590 2909 repelletur.
628 2837 707 2904 Quod
725 2837 749 2892 si
767 2837 805 2907 is,
830 2837 875 2892 oui
898 2837 1017 2908 pecnnia
1041 2836 1189 2908 debeatur,
1213 2854 1276 2894 cum
1299 2837 1422 2895 debitore
1445 2839 1549 2894 decidit
1566 2846 1596 2896 et
1613 2835 1686 2924 Q]

250 2945 350 2988 nomeu
368 2931 428 2986 eius
445 2927 571 2983 uendidit
590 2925 662 2996 Seio,
681 2926 725 2981 cui
743 2923 852 2981 debitor
871 2925 1057 2993 mandauerat,
1077 2929 1108 2980 ut
1125 2941 1225 2982 nemen
1241 2933 1355 2998 emeret,
1373 2927 1463 2997 deque
1481 2941 1517 2984 ea
1533 2943 1563 2982 re
1581 2933 1686 3000 emptor
1703 2925 1802 2977 ³⁸0⁴

251 3019 398 3089 stipulatus
421 3020 478 3085 est,
507 3015 606 3072 deinde
631 3014 750 3070 creditor
772 3029 833 3070 earn
857 3015 1002 3084 pecuniam
1027 3015 1141 3085 retinet,
1170 3029 1252 3084 quern
1276 3031 1326 3085 per
1352 3015 1470 3072 iudicem
1497 3015 1628 3087 abstulit,
1653 3033 1687 3074 an

251 3112 358 3178 emptor
376 3121 411 3162 ex
428 3105 560 3175 stipulatu
579 3103 668 3174 possit
686 3101 822 3173 experiri?
848 3109 878 3157 et
895 3101 990 3158 Ofilius
1008 3107 1101 3172 putat,
1126 3103 1150 3158 si
1168 3102 1295 3159 uenditor
1312 3105 1429 3160 nominis
1446 3109 1562 3175 paratus
1581 3121 1636 3166 unu
1653 3107 1687 3162 sit

251 3196 379 3265 reddere,
403 3199 536 3264 qnantum
555 3191 590 3247 ab
608 3197 731 3262 emptore
749 3191 899 3261 acceperit,
922 3205 977 3246 non
1000 3191 1152 3246 nocituram
1176 3192 1365 3262 exceptionem
1389 3192 1446 3248 doli
1468 3193 1546 3249 mab:
1570 3201 1601 3250 et
1622 3199 1687 3266 puto

219 3285 414 3342 tsentontiam
435 3284 446 3351 ΙΙ
465 3280 537 3337 Ofilii
554 3295 657 3336 ueram.
694 3279 788 3334 Labeo
806 3280 859 3348 ait,
878 3280 902 3335 si
921 3279 956 3334 de
974 3279 1083 3336 homine
1101 3279 1189 3350 petito
1212 3279 1363 3336 seeundum
1381 3286 1501 3338 actorem
1520 3280 1604 3338 merit
1621 3283 1687 3340 ludi·
1703 3285 1766 3334 t!-

251 3378 343 3430 catum
362 3377 390 3428 et
407 3373 484 3428 iussu
502 3369 601 3424 iudicis
618 3368 782 3424 satisdatum
800 3367 837 3424 sit
854 3367 992 3424 hominem
1010 3368 1082 3423 intre
1099 3373 1204 3424 certum
1222 3367 1294 3424 diem
1313 3368 1393 3439 uadi,
1411 3374 1449 3440 et,
1468 3371 1491 3426 si
1504 3371 1624 3428 traditus
1636 3388 1689 3430 non
1705 3377 1730 3420 ⁸⁵
1762 3357 1802 3404 ²

252 3461 365 3531 lueret,
387 3474 501 3530 poenm
520 3458 666 3528 stipulatus
684 3457 733 3526 sit,
757 3457 917 3527 petitorem,
941 3456 987 3525 qni
1007 3460 1035 3512 ct
1052 3454 1190 3512 hominem
1209 3457 1331 3513 uindicat
1353 3463 1382 3513 et
1398 3473 1516 3528 poenam
1535 3461 1621 3533 petit,
1644 3477 1688 3518 ox-

252 3551 378 3620 ceptiooe
397 3562 458 3604 esse
477 3545 676 3617 repellendum:
701 3546 824 3616 iniquum
842 3546 915 3600 enirn
933 3559 994 3600 esee
1018 3549 1047 3600 et
1071 3543 1208 3601 homiuem
1226 3545 1369 3616 possidere
1388 3551 1419 3604 et
1434 3562 1551 3618 penum
1570 3551 1688 3622 exigere

220 3645 234 3691 ι
252 3639 322 3694 ltem
340 3637 488 3707 quaeritur,
506 3635 530 3690 si
549 3635 664 3690 uniones
682 3632 732 3690 tibi
750 3634 857 3704 pignori
875 3633 977 3689 dedero
996 3637 1025 3688 et
1042 3634 1209 3704 conuenerit,
1228 3639 1259 3690 ut
1271 3635 1362 3690 solute
1373 3637 1491 3706 pecurda
1503 3637 1689 3708 redderentur,

253 3727 327 3784 ethi
346 3727 460 3782 uniones
479 3724 560 3794 eulpa
578 3729 627 3778 tue
649 3723 780 3793 perierint
804 3727 833 3777 et
850 3721 995 3792 pecuniam
1012 3725 1101 3791 petae.
1130 3727 1223 3778 exstat
1239 3723 1348 3780 Neruae
1366 3729 1395 3778 et
1411 3723 1535 3781 Atilicini
1554 3727 1691 3784 sententia

253 3815 402 3872 dicendum
421 3815 459 3868 ite
477 3827 540 3868 esse
557 3811 764 3882 excipiendum:
783 3809 815 3866 ‘ei
833 3811 905 3866 iuter
923 3825 968 3865 me
986 3815 1015 3865 et
1032 3815 1060 3866 ιι
1079 3825 1133 3866 non
1146 3811 1283 3882 conuenit,
1302 3816 1334 3868 ut
1345 3813 1435 3870 soluta
1447 3814 1691 3884 pecunia'uniones
1706 3823 1733 3863 ιι

221 3909 235 3955 ι
254 3903 327 3960 'mihi
346 3900 516 3958 reddantur':
541 3900 592 3956 sed
610 3906 653 3956 est
670 3901 763 3956 uerius
787 3899 976 3970 exceptionem
995 3898 1051 3954 doli
1069 3899 1133 3956 mali
1150 3913 1250 3956 nocere
1268 3899 1378 3958 debere.
1414 3901 1444 3958 Sl
1462 3903 1552 3959 minor
1569 3903 1637 3960 mibi
1653 3906 1691 3962 in·

253 3992 357 4048 tantem
376 3990 529 4059 donauerit,
548 3987 648 4044 deinde
666 4003 728 4044 eum
747 3988 877 4058 uindicet,
896 3988 1058 4058 exceptione
1075 3987 1132 4045 doli
1150 3990 1213 4046 mad
1232 3989 1404 4060 repellendus
1420 3995 1472 4062 est,
1491 3991 1546 4048 nisi
1563 3993 1693 4050 alimenta

207 4085 236 4132 ιο
253 4081 352 4136 reddat
370 4085 399 4134 et
416 4080 440 4134 si
458 4079 520 4148 quie
539 4079 609 4152 elius
628 4082 754 4147 sumptus
772 4075 921 4147 probabilis
939 4077 968 4132 in
986 4091 1049 4132 enm
1066 4075 1157 4136 lactus
1175 4079 1220 4135 sit
1257 4079 1403 4135 Praeterea
1424 4079 1570 4136 sciendum
1588 4085 1648 4152 eet,
1669 4082 1693 4138 ei

254 4169 315 4240 quis
335 4167 401 4238 quid
420 4183 454 4222 ex
472 4171 640 4222 testamento
658 4169 754 4222 contm
771 4167 942 4222 uoluntatem
960 4169 1045 4235 petat,
1064 4167 1227 4237 exceptione
1245 4182 1308 4223 eum
1327 4167 1382 4224 doli
1400 4167 1466 4224 mall
1476 4170 1573 4239 repelli
1591 4171 1693 4228 solere:

206 4263 234 4307 11
255 4263 284 4313 et
302 4256 365 4312 ideo
383 4255 471 4325 heres,
490 4256 609 4328 quinon
627 4253 712 4310 habet
728 4243 908 4324 uoluntatem,
926 4268 975 4325 per
993 4255 1182 4326 exceptionem
1200 4255 1255 4311 doli
1273 4256 1419 4328 repellitur.
1447 4256 1477 4312 Si
1489 4258 1552 4328 quin
1564 4273 1602 4316 ex
1613 4261 1695 4317 uncle
1711 4267 1736 4310 ιι

253 4361 446 4432 ΗΧΥΜΟΟ)

256 4525 265 4559 ¹
284 4521 368 4576 hinc?
438 4521 449 4555 ²
467 4526 594 4577 sescenta
611 4523 647 4590 (n.
661 4517 709 4586 til
779 4522 791 4557 ¹
810 4521 850 4576 sio
869 4521 1018 4590 (Potbter)i

255 4681 274 4736 4
300 4679 389 4749 primo
416 4699 464 4732 ιιι.
486 4679 523 4732 F¹
597 4681 614 4734 b
641 4679 732 4748 ιειιιι]
762 4684 792 4736 ιι
818 4696 899 4750 mam
926 4681 953 4734 F
1001 4679 1574 4751 spaoilflfflnonl,sexcentaX⁸YMOG
1605 4683 1698 4740 ibex·

258 4751 291 4805 11
311 4748 436 4806 scrib‘s'it
453 4751 491 4802 Ρ
554 4751 588 4804 12
611 4755 717 4806 centem
737 4751 774 4804 1²¹
838 4752 872 4806 15
894 4751 946 4820 est]
1000 4750 1086 4822 qu'a'e
1105 4751 1141 4804 F’
1188 4751 1223 4806 23
1241 4755 1367 4807 mutuum
1387 4753 1422 4806 ΡΙ
1471 4753 1508 4807 28
1526 4759 1601 4808 nou*
1614 4753 1698 4811 habe·

228 4826 240 4847 ’
257 4827 332 4908 essct
349 4822 406 4904 F’¹
433 4821 474 4906 ⁸ll
493 4820 729 4906 sexagintalFX·
747 4822 947 4908 camtllrn'ccte:
999 4825 1043 4878 ret
1061 4823 1099 4876 Ρ
1152 4823 1187 4878 30
1205 4821 1328 4905 deqn‘a'e
1346 4820 1398 4876 μ’
1428 4822 1464 4878 36
1482 4837 1603 4893 poenam
1622 4825 1698 4912 stip]

257 4911 296 4944 κιι
316 4911 331 4945 o
350 4909 412 4944 κιτι
430 4909 535 4955 esacrae
553 4909 641 4946 ustrou
654 4902 830 4963 ιιιιρωτιιθειι
842 4911 946 4962 npocrr·
999 4907 1172 5020 &cenamque
1190 4896 1254 4963 slep.
1273 4893 1343 4959 FX',
1364 4907 1482 4964 poenam
1500 4909 1615 4966 quoque
1633 4903 1699 4970 stip.

256 4981 306 5017 ιιοι
325 4961 373 5024 roi
391 4960 506 5024 ὶιιιθοῨι
522 4961 615 5034 χριογι
627 4961 756 5034 (κιχριιτιι
770 4963 852 5026 edict
864 4981 946 5034 napa·

1031 4961 1134 5029 tinto,
1151 4977 1305 5035 penemque
1323 4977 1433 5034 quoque
1451 4964 1518 5036 stip.
1537 4965 1561 5020 0
