3504 5452
71 253 232 303 nram
771 231 853 311 161
1203 233 1353 304 xxxiiii
1375 236 1394 305 3
1418 239 1535 296 16-28

64 393 195 462 tegani
213 391 342 462 quidquid
365 407 430 447 eum
453 390 519 446 milri
543 391 609 446 dare
633 389 725 446 iuuere
749 396 859 460 oportet
881 390 1053 462 oportebitue
1077 395 1109 447 ut
1128 391 1231 448 sineret
1250 390 1330 446 heres
1351 388 1404 446 sibi
1425 387 1535 446 bebere.

61 483 195 538 Nerua
208 479 357 549 Atilicinus,
377 480 401 535 si
419 479 500 535 ireres
517 479 674 550 prohiberet
690 495 753 534 eum
766 477 827 549 frui,
847 495 882 534 ex
894 479 1038 550 eonduoto,
1057 481 1152 536 silure
1163 479 1306 536 inustionis
1319 479 1385 548 quid
1398 478 1535 548 retineret,

59 585 90 628 ex
126 571 317 624 testamento
341 567 401 623 iore
424 567 575 639 obligatum
599 569 691 638 aiunt,
714 569 779 638 quia
800 566 866 623 nibil
884 568 1043 639 interesset,
1068 573 1207 639 peteretur
1225 583 1261 624 an
1278 568 1423 624 retineret:
1447 571 1535 624 totam

58 658 166 718 enim
192 657 350 712 ioestiouem
367 658 488 726 legistam
506 657 603 727 uideri,
1554 668 1568 707 ι

10 757 42 819 17
113 746 317 802 Issonssns
334 745 405 801 libro
417 745 539 801 seeundo
551 745 688 801 Labeonis
699 745 891 815 posteriorum.
919 745 1025 816 reliqua
1036 759 1160 816 qnoque:
1180 746 1226 800 ¹in
1238 744 1340 802 iudidio
1359 737 1534 827 Q
1555 750 1590 803 'S

57 835 238 896 locationis
255 834 359 889 uenire.

11 935 45 998 18
115 923 265 978 Pronus
278 921 434 978 libronono
447 921 640 977 adl'lautium.
669 923 801 978 Crestus.
820 923 912 978 Etiam
924 921 948 977 si
960 920 1094 978 habitatio
1108 922 1235 978 eomodo
1247 923 1341 992 legata
1359 913 1534 1004 [Q
1567 924 1594 978 Ε

60 1015 180 1080 met,
196 1012 341 1081 gratuitam
359 1010 557 1067 habitationem
576 1009 656 1066 heres
674 1015 816 1082 proestare
834 1011 955 1066 deberet.
984 1015 1013 1065 et
1030 1015 1173 1080 praeterea
1184 1009 1288 1080 pleonit
1300 1023 1383 1078 agere
1395 1023 1477 1078 posse
1489 1023 1534 1064 oo·

61 1109 189 1162 tonum
206 1115 266 1154 eum
285 1099 388 1155 herede
406 1115 442 1155 ex
458 1102 635 1170 testamento,
654 1105 686 1154 ut
702 1098 834 1155 liberetur
852 1099 1048 1156 eonduetione:
1066 1099 1141 1169 quod
1158 1098 1310 1155 reotissime
1328 1095 1436 1152 dieitur.
1553 1105 1567 1146 ι

19 1203 50 1264 19
124 1187 426 1244 nonmusios
445 1202 518 1244 nono
535 1187 699 1257 regolsrum.
728 1186 797 1243 Onm
815 1189 855 1242 ita
869 1191 1016 1244 testemur:
1036 1186 1340 1244 ‘heresmenedsmnas
1359 1181 1533 1267 Qus—‚re
1567 1187 1594 1242 Ε

66 1283 159 1338 ‘osto
183 1275 294 1332 liberere
313 1277 403 1346 illum,
422 1276 497 1346 quod
515 1276 540 1332 is
557 1277 670 1346 riegotis
687 1291 750 1332 meu
768 1277 864 1346 gessit,
880 1279 912 1331 et
930 1275 953 1330 si
972 1275 1040 1345 qnid
1057 1291 1120 1331 eum
1139 1275 1206 1332 milri
1223 1274 1290 1330 dare
1306 1271 1397 1328 intere
1416 1277 1533 1343 oportet,

69 1369 112 1426 'ab
147 1379 192 1420 eo
208 1381 261 1421 non
279 1363 407 1434 exigere',
426 1363 572 1420 damnatur
589 1363 669 1420 heres
687 1379 739 1421 nee
756 1365 875 1420 oreditss
893 1363 929 1420 ab
947 1379 981 1420 eo
999 1379 1109 1434 quoque
1120 1361 1252 1434 peeuuiss
1265 1362 1385 1432 exiget&
1412 1361 1535 1418 insimili

72 1461 189 1516 nutem
209 1455 300 1524 legato
324 1454 372 1508 uix
389 1456 448 1523 est,
471 1456 503 1508 nt
520 1453 555 1508 de
573 1467 607 1508 eo
619 1467 735 1523 quoque
752 1453 871 1524 legendo
888 1457 968 1523 pater
985 1450 1103 1508 familias
1121 1451 1252 1521 senserit,
1275 1449 1349 1520 quod
1368 1449 1456 1506 seruis
1474 1449 1534 1504 eius

74 1542 197 1620 peculii
215 1541 324 1598 nomine
342 1540 468 1597 debetur.
891 1535 895 1545 '
1554 1545 1583 1585 1⁴

36 1645 68 1705 ιι)
141 1631 225 1686 lnru
241 1629 311 1686 libro
329 1629 438 1685 deeimo
455 1643 658 1699 responsorum.
689 1627 809 1684 ‘Aurelio
828 1627 989 1700 Sempronio
1006 1627 1084 1684 fratri
1102 1643 1172 1684 meo.
1196 1627 1339 1684 Neminem
1358 1619 1534 1709 Q
1566 1627 1594 1681 Ε

83 1717 257 1778 'nsuslesturi¹
278 1719 342 1774 uolo
364 1719 475 1774 nomine
492 1717 578 1773 debiti
601 1731 691 1786 neque
715 1718 826 1787 exigere
848 1717 951 1787 aliquid
972 1717 1007 1773 eb
1025 1732 1072 1787 eo,
1097 1715 1229 1787 quamdiu
1247 1716 1366 1782 uiueret,
1391 1729 1480 1784 neque
1498 1713 1534 1768 ds

87 1813 183 1866 ‘sone
197 1812 243 1862 aut
258 1821 359 1863 usurae
376 1807 488 1862 nomine
506 1805 606 1860 debiti:
625 1809 654 1860 et
671 1803 786 1861 absoluo
804 1805 830 1861 ei
848 1810 878 1860 et
894 1805 980 1862 libero
998 1821 1034 1872 ex
1049 1803 1211 1876 pignoribus
1229 1805 1289 1860 eius
1307 1803 1419 1858 domum
1432 1807 1460 1857 et
1471 1817 1534 1872 pos·

91 1896 253 1954 'sessionem
270 1893 460 1966 Caperlatam'.
487 1893 657 1950 Modestinus
675 1893 818 1963 respondit
835 1893 925 1964 ipsum
944 1895 1104 1963 debitorem,
1124 1893 1148 1950 si
1166 1892 1352 1961 oonuenintur,
1372 1891 1535 1962 exceptione

71 1991 191 2046 sumu
206 1999 276 2039 esse:
295 1983 436 2038 diuersum
456 1984 484 2038 in
501 1997 619 2053 persons
635 1981 744 2042 heredis
763 1982 830 2037 eius.
858 1981 945 2038 Gaius
963 1981 1043 2039 Seius
1060 1997 1123 2038 eum
1142 1981 1317 2049 adoleuisset,
1337 1981 1444 2050 soeepit
1456 1994 1534 2036 oum·

100 2083 181 2129 tores
194 2071 311 2128 Publium
329 2073 467 2127 Maeuium
492 2077 522 2126 et
537 2071 652 2126 Lusium
672 2070 871 2140 Sempronium.
903 2071 953 2126 aed
975 2071 1065 2126 euim‘
1083 2070 1156 2126 idem
1175 2069 1262 2126 Gaius
1280 2067 1360 2124 Seius
1377 2069 1450 2124 intro
1467 2068 1534 2138 legi·
1554 2075 1584 2117 to

104 2161 198 2215 ϊιιιιιιι
216 2165 332 2216 estatem
359 2161 525 2216 mustitutus
543 2175 605 2214 uum
623 2159 652 2214 in
670 2157 757 2214 istum
777 2159 953 2228 eonoederet,
978 2163 1144 2214 mstumento
1162 2171 1214 2212 suo
1232 2155 1267 2212 de
1285 2155 1458 2212 ourutoribne
1476 2156 1535 2212 suis

110 2249 149 2302 ita
166 2249 240 2304 osuit:
257 2249 453 2320 'quaestionem
471 2247 644 2304 curatoribus
662 2249 731 2304 meis
749 2263 829 2303 nemo
848 2246 944 2302 suniat:
962 2261 1019 2302 rem
1038 2247 1111 2302 enim
1129 2248 1189 2315 ipse
1206 2241 1340 2300 uuotaui'.
1369 2259 1479 2314 quaero,
1498 2259 1534 2300 un

114 2334 230 2392 rationem
251 2353 333 2393 esrae
353 2337 469 2392 heredes
487 2337 573 2392 ndulti
591 2351 609 2390 a
626 2335 798 2391 turstoribus
816 2341 909 2406 petere
927 2335 1048 2404 possint,
1073 2349 1136 2390 oum
1154 2331 1315 2401 deiunotus,
1339 2337 1370 2388 ut
1388 2347 1423 2388 ex
1441 2331 1533 2388 uerbis

118 2425 253 2482 monent
269 2431 393 2496 apparet,
411 2423 555 2480 confessus
573 2425 610 2480 sit
626 2439 657 2479 se
675 2439 784 2480 omnem
797 2439 854 2479 rem
867 2440 946 2479 sunm
959 2423 1173 2479 administrasse.
1200 2419 1370 2476 Modestinus
1381 2420 1533 2490 respondit,

123 2505 209 2576 siquid
223 2513 283 2570 dolo
301 2518 443 2570 curatores
460 2511 585 2569 iaeemnt
602 2518 651 2568 out
668 2513 692 2568 si
710 2527 782 2583 qnae
798 2527 843 2568 res
861 2511 1002 2568 testatoris
1020 2523 1106 2582 penes
1124 2523 1173 2566 eos
1191 2514 1270 2579 sunt,
1289 2521 1322 2566 eo
1339 2508 1449 2564 nomine
1468 2522 1532 2564 oon·
1552 2516 1581 2558 as

124 2595 193 2652 usuri
209 2615 251 2658 sos
267 2617 359 2673 posse.

79 2675 109 2730 Ἢ
165 2683 319 2748 sturmus
337 2690 478 2747 Gonnus
498 2688 568 2745 libro
591 2688 755 2745 duodeoimo
778 2688 814 2744 ad
834 2689 923 2758 legem
942 2688 1039 2744 Iuliam
1057 2689 1086 2743 et
1103 2687 1227 2756 Papiam.
1263 2684 1293 2741 Si
1310 2683 1339 2740 id
1357 2679 1532 2767 ΜΕ
1564 2686 1609 2761 Es

123 2769 177 2830 quud
193 2779 253 2834 milli
270 2781 373 2834 dederes
390 2782 431 2834 uel
448 2780 495 2833 tibi
513 2780 554 2832 uel
570 2780 617 2832 ulii
634 2781 752 2849 lepuuero
772 2778 846 2850 idque
863 2777 928 2831 milti
946 2776 1060 2832 nolueris
1078 2776 1124 2832 uel
1141 2772 1264 2844 qualibet
1280 2773 1336 2828 sliu
1348 2773 1454 2828 ratione
1466 2772 1532 2828 libe·

94 2851 103 2894 ¹
119 2857 177 2912 ”ile
192 2879 212 2920 a
227 2883 269 2922 me
284 2865 377 2938 fueris,
396 2866 581 2936 exstinguitur
593 2864 604 2934 ΙΙ
616 2865 748 2935 legatum.
776 2863 855 2920 Unde
867 2864 972 2920 lulisuo
984 2863 1088 2934 plseuit
1100 2867 1129 2919 et
1141 2863 1165 2920 ei
1176 2861 1294 2919 debitori
1305 2861 1384 2918 heres
1397 2859 1534 2916 exstiterit
1550 2864 1567 2912 t
1578 2865 1607 2913 τι

115 2943 217 3009 “editor
231 2960 381 3026 postesque
398 2956 457 3025 ipse
476 2953 595 3010 ereditur
612 2953 770 3022 deoesssrit,
788 2953 910 3022 legatum
928 2953 1066 3023 extingui:
1085 2954 1114 3008 et
1130 2951 1184 3006 boo
1202 2966 1297 3006 uerum
1316 2954 1367 3020 est,
1386 2950 1451 3020 quis
1469 2965 1532 3006 eon·
1552 2957 1581 2998 ιο

85 3018 206 3096 Nlibbe
222 3044 332 3114 perinde
350 3043 533 3112 exstinguitur
551 3041 682 3112 obligstio
700 3057 734 3096 ae
751 3042 894 3098 solutione.
923 3040 978 3098 ssd
990 3041 1014 3096 ti
1032 3039 1084 3096 sub
1099 3039 1260 3096 eondioione
1272 3037 1338 3094 dato
1349 3039 1441 3108 legato
1453 3037 1533 3094 heres

103 3125 337 3204 lfflouuupsnerit
354 3137 384 3187 et
401 3131 525 3202 exegerit
541 3129 677 3200 debitum,
702 3129 777 3184 sliud
795 3129 849 3184 diei
867 3133 988 3199 oportet,
1013 3129 1079 3200 quis
1095 3130 1124 3184 iu
1143 3127 1253 3184 arbitrio
1271 3125 1380 3182 heredis
1398 3141 1460 3182 esse
1477 3140 1533 3182 uon

100 3197 194 3302 aflet,
216 3227 247 3276 ut
271 3220 435 3290 quaudoque
459 3218 620 3275 oondioione
637 3218 774 3274 existente
791 3231 881 3287 neque
898 3217 952 3288 ipsi
969 3217 1102 3287 legatario
1120 3215 1254 3274 debeatur
1271 3215 1408 3285 legatum,
1432 3215 1455 3270 si
1473 3219 1533 3270 tum

97 3299 167 3351 '¹¹¹⁸‘
191 3313 222 3364 et
237 3324 334 3380 repere
352 3309 454 3379 possit,
478 3323 567 3378 neque
585 3307 624 3377 ei,
649 3307 685 3362 ad
703 3319 785 3376 quem
803 3305 856 3362 hon
874 3304 1049 3362 eommodum
1066 3304 1206 3374 peruenit,
1225 3305 1249 3360 si
1265 3303 1415 3373 legatarius
1433 3316 1533 3373 erpere
1556 3363 1558 3368 ,

93 3389 139 3434 bon
158 3398 262 3457 pontt·
1552 3397 1581 3439 ιι

47 3451 78 3514 ²²
136 3469 327 3541 PQuuxxus
344 3482 413 3540 libro
430 3497 503 3538 uono
521 3483 628 3539 deoimo
645 3483 847 3552 quaestionum.
874 3481 961 3548 ‘Quod
979 3480 1045 3536 mihi
1064 3479 1241 3550 Sempronius
1259 3477 1355 3548 debet,
1373 3477 1430 3548 peti
1447 3475 1533 3534 nolo':
1562 3475 1591 3528 P

89 3567 137 3610 '¹⁰¹²
158 3567 273 3630 hoium
292 3572 482 3643 exeeptionem
501 3571 602 3628 bebere
620 3570 780 3641 debitorem,
799 3569 849 3627 sed
867 3573 896 3626 et
907 3568 1148 3626 fldeieommissum
1160 3572 1192 3624 ut
1203 3565 1333 3623 liberetur
1344 3571 1439 3636 petere
1450 3579 1533 3635 posse

88 3655 254 3718 morsuum
271 3667 325 3718 est

43 3721 74 3782 ²3
134 3731 226 3806 Ibus
240 3750 311 3808 libro
329 3751 446 3822 septimo
464 3763 665 3819 responsorum.
692 3748 863 3816 Pronurstor,
882 3761 900 3800 ιι
917 3759 971 3814 quo
989 3745 1122 3801 rationem
1137 3743 1217 3799 hores
1229 3743 1339 3812 exigere
1358 3735 1533 3824 Q
1564 3739 1591 3792 P

87 3815 247 3896 imbibitus
264 3855 353 3910 eoque
371 3837 481 3895 nomine
498 3841 702 3906 proenratorem
721 3833 837 3891 liberere
855 3833 1001 3890 damnatus
1020 3837 1077 3904 est,
1095 3833 1240 3903 pennulam
1259 3829 1295 3886 ab
1313 3829 1468 3900 argentario
1486 3829 1532 3884 de·
1550 3833 1581 3874 ⁴0

68 3999 70 4004 Ι
88 3902 182 3975 bitu„
202 3942 234 3984 ιι
250 3931 402 3999 oontruetu²
421 3941 502 3997 quem
520 3929 552 3981 ut
568 3927 729 3994 proenrator
745 3921 822 3993 feeit,
838 3922 897 3978 iure
915 3921 1038 3978 mandeti
1057 3925 1171 3991 negetur
1188 3919 1333 3976 restituere
1351 3919 1396 3973 uel
1411 3917 1533 3974 notiones

88 4007 243 4073 influens.

90 4095 338 4192 ι’(Ρῖίιιιιιιοιι)

92 4247 99 4280 ¹
115 4249 195 4330 [flens
213 4272 308 4328 Graes
325 4274 360 4338 (u.
373 4271 417 4336 sl:
435 4285 498 4326 nrm
516 4284 551 4324 ea
567 4281 677 4340 qnoque
696 4276 743 4322 ιιι.
761 4267 883 4393 Qui)
947 4265 960 4301 ¹
980 4277 1015 4318 ne
1033 4261 1068 4318 ab
1086 4275 1120 4318 eo
1138 4259 1257 4316 ereditas
1274 4273 1384 4329 quoque
1401 4257 1533 4328 peounius

90 4327 210 4395 mm?
268 4343 280 4378 ⁸
299 4343 366 4397 edm
382 4341 478 4397 &nect
494 4344 530 4408 (n.
544 4343 586 4408 tl:
604 4338 746 4396 Aurelium
802 4335 956 4407 mpronium
974 4331 1086 4390 tratrem
1104 4346 1195 4388 meum
1213 4331 1348 4386 neminem
1369 4325 1534 4386 molestare?

91 4386 177 4461 Ἧι
196 4413 273 4482 susm]
292 4411 378 4467 ιιιιι

93 4533 786 4698 leutiberedum
839 4552 1041 4695 ιιι,
1067 4565 1317 4684 ι
1340 4546 1537 4675 ιιιι

95 4688 201 4769 ΜΕ]
218 4703 325 4757 tielibri
337 4721 393 4756 oum
407 4701 530 4757 Graecis:
548 4701 671 4754 sonnisse
686 4699 787 4753 buolsec
839 4693 1097 4752 uteonoideretl*1
1142 4693 1176 4746 2⁷
1195 4691 1220 4746 sl
1237 4690 1267 4745 id
1278 4689 1317 4774 (id
1330 4709 1378 4744 om.
1392 4691 1446 4753 10)
1459 4686 1534 4772 quoti

98 4763 130 4801 ⁸⁸²
158 4771 208 4824 riu
230 4771 384 4827 inuitemus
412 4773 600 4842 sersotposrer
625 4772 651 4824 B
674 4769 786 4855 (Τίμα.)
839 4765 906 4822 mibi
924 4764 1040 4820 deberes
1058 4761 1155 4830 (debes
1167 4763 1220 4829 10)
1238 4761 1282 4816 uel
1301 4761 1357 4827 (uel
1372 4778 1420 4844 qm.
1434 4760 1464 4824 Ι)
1482 4757 1535 4813 tibt

101 4817 675 4914 ¹⁵‚²urelio...16n0101rptnesoonor·
691 4840 788 4902 ογιιιιι
839 4838 886 4893 uel
903 4836 950 4892 ulii
966 4835 1096 4904 leganero
1114 4833 1196 4902 idque
1214 4831 1407 4886 mibisoluerts
1429 4828 1534 4912 Didio,

104 4897 222 4966 ΒῦΥλιιιιιι
246 4913 367 4984 &suxerim
393 4913 597 4984 προιειιεχθέιιιιι
626 4912 653 4966 Β
677 4911 789 4982 (Tipur.)
840 4909 865 4965 si
888 4906 963 4977 quod
986 4905 1052 4960 mibi
1073 4903 1174 4960 debere
1192 4903 1237 4958 uel
1260 4901 1376 4958 uolueris
1426 4939 1436 4964 ,
1457 4899 1482 4954 sl
1505 4895 1535 4952 td

107 4961 134 5017 Π
162 4991 253 5040 ueurne
272 4987 297 5039 F
311 5005 358 5042 nec
380 4994 516 5058 quisquom
539 4983 697 5039 eumdum
717 4983 722 5049 Ι
742 4979 789 5036 de·
841 4978 917 5050 quod
934 4975 1000 5034 milri
1018 4975 1134 5032 uolueris
1152 4973 1227 5040 ΝΚ

254 5076 282 5120 ll.
1288 5061 1320 5114 11
