3464 5444
17 284 63 332 ιι·
84 247 339 334 nnsrmoureus
691 260 778 342 867
948 325 950 328 .
1069 266 1278 334 XXXXVIIII
1300 269 1317 332 1
1342 273 1493 362 rte-aa·

17 421 130 478 nomine
148 421 175 476 id
194 421 286 478 iacere
307 425 408 492 petest.
435 422 477 478 ein
501 437 567 478 uero
590 431 680 492 neque
704 422 831 478 dominus
853 437 943 492 neque
966 423 1036 480 alius
1059 438 1109 493 pro
1133 423 1244 480 dominc
1267 423 1455 496 appellauerit,

17 509 73 579 ipsi
90 525 180 580 seruo,
199 511 247 579 qai
265 512 429 566 sententiam
447 511 553 567 tristem
572 527 672 582 passus
690 517 741 580 est,
761 512 891 566 auxilium
911 512 964 568 sibi
981 513 1127 582 implorare
1145 528 1200 568 ncrr
1218 512 1396 582 denegamus.

72 599 267 655 lionnsrrreus
284 598 353 654 libro
372 603 451 660 sexto
469 599 692 656 differentiarum.
729 599 958 669 Constitutionee,
981 616 1053 670 quae
1075 601 1111 656 de
1135 600 1299 670 recipiendis
1317 595 1454 684 [ιἰᾟζῑᾶ
1472 604 1501 660 Ε

17 700 72 742 nee
88 701 144 742 non
162 686 392 756 appellationibus
409 689 582 757 loquuutnr1,
601 693 632 744 ut
649 688 714 744 nibil
733 689 797 744 noui
815 687 872 756 dat,
890 689 980 745 locum
999 704 1054 744 nou
1067 687 1170 744 babent
1182 690 1210 744 in
1222 704 1315 744 eorum
1329 676 1455 760 pere'drss

18 789 90 844 quos
108 775 255 832 damnatos
272 777 366 832 statim
384 776 474 846 puniri
491 775 601 846 publice
618 778 746 834 interest:
765 783 796 832 ut
813 782 879 832 sunt
890 777 1013 846 insignes
1025 778 1145 832 latrones
1158 778 1202 832 uel
1215 777 1379 834 seditionum
1392 794 1455 834 ccu-
1475 785 1487 826 ⁵

19 863 150 920 nituisses
169 864 213 920 nel
231 864 316 920 duces
333 863 493 920 sectionum.
524 903 525 906 ,

74 952 152 1007 Innrr
170 951 239 1008 libro
257 957 357 1009 octauo
375 955 540 1022 regnintum.
571 952 640 1009 (lum
659 953 686 1008 in
704 969 761 1010 una
778 969 863 1010 causa
881 953 1028 1023 separatim
1046 952 1148 1024 duplex
1164 954 1302 1010 sententie
1319 950 1457 1037 [W
1474 956 1502 1012 Ε

20 1039 112 1096 diuisa
128 1040 220 1110 datur,
237 1041 325 1096 ueluti
342 1057 399 1098 una
415 1041 505 1111 sortis,
524 1041 578 1096 alia
596 1057 749 1111 usurarum,
768 1041 870 1111 duplex
888 1043 1034 1111 appellatio
1052 1043 1208 1098 necessaria
1226 1047 1277 1112 est,
1295 1059 1330 1100 ne
1343 1045 1456 1100 alteram

23 1127 204 1198 adgnouisse,
227 1129 263 1184 de
287 1131 373 1184 altera
395 1145 561 1200 prouocasse
583 1131 767 1200 intellegatur.
804 1132 892 1186 Tutor
915 1131 1019 1202 pupillo
1037 1130 1118 1186 datus
1137 1131 1161 1186 si
1178 1137 1324 1202 prouocet,
1349 1133 1489 1188 inarime

24 1217 34 1282 Ι
52 1217 156 1286 pupillo
174 1221 284 1273 curator
301 1218 419 1274 dabitur.
456 1218 506 1274 scd
524 1219 548 1274 si
566 1219 666 1274 tutoris
684 1220 834 1274 auctoritas
847 1223 936 1292 suerit
952 1219 1122 1288 necessaria,
1145 1221 1232 1276 ueluti
1249 1220 1285 1274 ad
1303 1220 1456 1276 meandum
1473 1223 1491 1271 t.
1502 1219 1554 1271 sec'

23 1302 211 1373 hereditatem,
229 1312 305 1362 tutor
323 1307 348 1362 ei
365 1307 521 1362 necessario
539 1306 657 1377 dabitur,
675 1308 803 1377 quoniam
823 1308 957 1362 curatoris
975 1309 1125 1363 auctoritas
1143 1307 1179 1364 ad
1196 1307 1250 1364 hoc
1266 1309 1369 1364 inutilis
1387 1313 1439 1363 eet.
1596 1303 1601 1310 “

73 1393 153 1448 Iners
169 1394 239 1450 libro
257 1396 376 1465 septimo
394 1395 501 1452 decimo
519 1411 722 1466 responsorum.
760 1396 861 1452 Lucius
879 1396 969 1450 Titius
992 1410 1043 1466 pro
1066 1411 1147 1452 seruo
1165 1411 1229 1466 suo,
1252 1397 1299 1466 qui
1319 1393 1457 1478 [Q
1475 1397 1503 1452 E

24 1480 61 1536 sd
76 1480 180 1538 bestias
198 1483 281 1538 datus
299 1489 351 1552 est,
369 1485 592 1554 prouocationem
610 1485 787 1554 interposuit:
806 1497 917 1553 quaero,
936 1499 971 1540 an
985 1483 1142 1540 huiusmodi
1154 1485 1345 1555 appellationis
1357 1499 1456 1540 causas

22 1583 71 1638 per
87 1575 292 1639 procuratorem
310 1572 425 1628 reddere
443 1573 538 1641 possit.
565 1572 736 1628 Modestinus
753 1572 896 1643 respondit
912 1587 1003 1642 posse.
1476 1579 1506 1620 1⁴

76 1659 154 1714 lnsrs
175 1659 247 1716 labro
268 1660 402 1730 singulari
425 1660 460 1716 de
482 1661 633 1716 enucleatis
657 1661 776 1718 casibus.
813 1659 843 1717 Si
867 1661 1017 1730 expressim
1043 1660 1182 1716 senoentia
1204 1663 1300 1716 contra
1318 1655 1456 1742 [Q
1475 1661 1502 1716 E

23 1747 88 1802 iuria
105 1748 224 1818 rigorem
242 1747 309 1804 deta
325 1747 420 1818 inerit,
444 1749 537 1804 ualere
554 1752 609 1804 scir
627 1749 724 1804 debet:
747 1755 776 1804 et
793 1749 856 1804 ideo
875 1754 904 1804 et
920 1749 980 1804 sine
1005 1750 1187 1818 appellatione
1206 1764 1291 1804 cansa
1308 1749 1399 1804 denuo
1416 1749 1456 1804 in·

23 1835 85 1890 duci
101 1841 203 1906 potest
230 1852 285 1892 ncu
303 1836 517 1907 intepretentur
534 1838 679 1907 sententia,
698 1839 722 1896 ei
740 1838 895 1908 specialiter
912 1844 1008 1892 contra
1025 1838 1102 1907 leges
1114 1838 1159 1892 uel
1171 1842 1283 1894 serratus
1301 1837 1456 1892 consultum

24 1924 67 1979 uel
90 1926 314 1981 conalitutionem
338 1924 421 1981 luerit
443 1926 558 1995 prolata
586 1926 659 1980 unde
683 1927 706 1982 si
730 1927 792 1996 quis
817 1942 852 1982 ex
876 1925 927 1980 bac
949 1925 1104 1980 senwntia¹
1123 1925 1304 1996 appellauerit
1327 1930 1355 1980 et
1377 1939 1456 1995 pree·

23 2011 169 2082 scriptione
187 2019 341 2068 summotus
359 2015 403 2084 sit,
421 2014 533 2069 minime
551 2012 728 2069 confirmatur
746 2030 780 2070 ex
798 2014 850 2069 bac
867 2014 1082 2085 praescriptione
1100 2015 1245 2070 sententia
1273 2013 1346 2070 unde
1355 2017 1458 2084 potest

22 2114 106 2155 causa
123 2100 160 2156 ab
177 2102 255 2156 initio
273 2101 380 2171 agitari.
1431 2111 1432 2114 ’
1477 2110 1506 2152 ¹⁰

73 2189 152 2243 inrerr
169 2187 239 2244 libro
256 2190 388 2260 singulari
406 2189 442 2245 de
459 2190 730 2262 praescriptionibus.
767 2191 819 2256 Qui
837 2193 994 2260 suspectum
1014 2193 1132 2246 tutorem
1151 2188 1219 2246 iacit
1237 2191 1329 2260 etqui
1348 2190 1382 2244 de
1401 2203 1456 2246 non
1477 2183 1503 2238 Ε

23 2277 179 2346 recipienda
195 2277 283 2333 tutela
301 2279 523 2336 excusationem⁸
536 2280 632 2350 agitat,
651 2281 739 2334 slierro
758 2279 868 2336 nomiae
886 2292 968 2348 agere
987 2277 1187 2348 intellegendus
1205 2283 1257 2332 cst.
1283 2279 1311 2334 ls
1325 2293 1392 2334 uerc
1410 2277 1458 2348 qui

23 2364 50 2419 in
67 2380 124 2420 rem
144 2381 222 2420 suam
240 2374 401 2436 procurator
419 2367 502 2422 datus
520 2373 571 2436 est,
590 2368 662 2424 intra
679 2367 793 2424 biduum
812 2368 951 2438 appellare
969 2366 1060 2435 debet,
1079 2367 1145 2435 quia
1162 2381 1241 2422 suam
1259 2381 1371 2422 causam
1390 2367 1478 2442 agit,

23 2452 152 2508 llilitibus
171 2455 326 2524 appellandi
344 2461 469 2524 tempora
485 2470 540 2511 nco
558 2457 746 2526 remittuntur,
770 2461 799 2512 et
820 2457 887 2512 uicti
909 2457 933 2511 si
956 2471 1011 2512 non
1033 2455 1246 2524 prouocauerint
1269 2458 1298 2510 et
1315 2453 1458 2510 sollemnia

23 2539 144 2611 iecerint,
162 2547 260 2612 postea
278 2559 332 2600 non
351 2544 507 2600 audiuntur.
1476 2547 1505 2588 ’ὅ

74 2631 216 2686 Parnasus
234 2632 341 2687 lueres
359 2633 428 2688 libro
446 2634 534 2703 primo
557 2633 592 2690 de
611 2631 860 2690 constitutionibus.
896 2633 1079 2702 imperatores
1096 2629 1252 2686 Antemnae
1271 2635 1300 2686 et
1331 2641 1456 2713 Q
1475 2629 1520 2700 Es

23 2718 111 2776 Uerus
134 2721 334 2788 rescripserunt
357 2722 568 2792 appellationes,
592 2737 663 2792 quae
685 2728 761 2778 recto
784 2721 820 2778 ad
842 2721 993 2790 principem
1012 2719 1102 2775 imtac
1120 2723 1185 2774 sunt
1207 2719 1316 2774 omissis
1340 2718 1397 2787 his,
1421 2716 1457 2772 ad

22 2821 91 2877 quoe
109 2805 264 2864 debuermn
281 2807 340 2864 fieri
364 2825 400 2866 ex
423 2811 478 2866 imo
501 2811 609 2879 ordine,
633 2811 669 2865 sd
687 2810 828 2880 praesides
846 2810 956 2866 remitti.
993 2807 1069 2868 idem
1087 2810 1287 2878 rescripserunt
1305 2805 1340 2862 ab
1358 2805 1456 2876 iudice,

22 2911 103 2965 quern
121 2912 140 2952 a
156 2896 284 2964 praeside
301 2899 460 2966 prouinciae
478 2899 540 2968 quie
553 2905 705 2970 acceperat,
724 2913 778 2954 non
790 2901 866 2954 recte
879 2898 1071 2967 imperatorem
1083 2898 1251 2966 appellatum
1265 2910 1326 2950 esse
1338 2894 1456 2964 ideoque

22 2984 123 3040 reuerti
141 2998 204 3040 eom
223 2983 257 3039 ed
276 2985 431 3054 praesidem
450 2985 559 3042 debere.
596 2985 626 3042 Sl
644 2987 822 3056 magistratus
845 2990 955 3042 creatus
973 2985 1165 3055 appellauerit,
1188 2985 1320 3054 collegam
1339 2983 1399 3038 eius
1417 2981 1456 3036 in·
1475 2985 1503 3026 ⁸⁰

21 3072 101 3126 terim
120 3072 261 3142 utriusque
280 3072 400 3130 cilicium
419 3076 555 3130 suednere
573 3074 687 3130 debere:
705 3075 730 3129 si
748 3078 863 3143 uterque
881 3075 1073 3144 appellauerit,
1092 3074 1175 3128 alium
1194 3072 1302 3128 interim
1320 3071 1456 3126 inlocum

22 3173 116 3215 eorum
134 3160 299 3216 creandam:
322 3167 351 3216 et
368 3177 444 3232 eum,
469 3163 516 3232 qui
534 3178 588 3218 non
606 3163 678 3218 iuste
698 3163 889 3232 appellauerit,
907 3162 1037 3216 damnum
1056 3161 1246 3231 adgnitumm,
1271 3160 1294 3214 si
1318 3157 1393 3228 quod
1411 3173 1456 3212 res

20 3246 132 3317 publica
148 3264 233 3318 passa
249 3250 298 3306 sit:
324 3250 349 3306 ei
366 3266 433 3306 uero
451 3252 525 3306 iusta
542 3252 578 3306 sit
596 3251 743 3322 appellatio
765 3255 794 3306 et
816 3249 869 3306 boc
885 3251 1089 3319 pronuntietur,
1113 3265 1162 3305 eos
1180 3249 1388 3313 aestimaturos,
1412 3245 1456 3299 oui

20 3333 72 3392 boe
91 3336 301 3394 adscribendum
320 3339 366 3394 sit.
393 3339 528 3394 inlocum
547 3343 639 3394 autem
658 3339 799 3408 curatoris,
818 3339 865 3408 qui
884 3351 1020 3392 annonam
1039 3337 1278 3392 administraturus
1296 3340 1353 3404 eet,
1372 3334 1456 3390 alium

21 3425 129 3480 interim
147 3426 362 3496 adsumendum,
380 3426 472 3497 quoad
490 3441 578 3497 usque
596 3427 742 3498 appellatio
760 3427 888 3497 pendeat.
925 3426 1002 3480 Idem
1020 3425 1232 3495 rescripserunt,
1256 3423 1383 3493 quamuis
1401 3422 1456 3476 usi·
1476 3425 1505 3467 δῦ

20 3517 109 3568 tatum
128 3529 183 3569 non
201 3515 238 3570 sit
254 3521 318 3585 poet
335 3516 546 3586 appellationem
564 3513 671 3572 tructus
689 3516 757 3584 agri,
776 3515 811 3570 de
829 3529 885 3585 quo
903 3513 1066 3584 disceptatio
1082 3513 1127 3584 sit,
1145 3512 1253 3584 deponi,
1273 3518 1374 3578 tamen
1393 3525 1456 3565 oum

20 3602 132 3672 pepuli⁴
149 3601 322 3658 traherentur
341 3603 376 3660 ab
394 3603 561 3674 aduersario,
579 3620 697 3674 acquum
717 3603 769 3658 sibi
787 3603 874 3659 uideri
892 3601 998 3656 tructus
1015 3601 1090 3671 apud
1108 3605 1265 3670 sequestres
1284 3599 1392 3668 deponi.

73 3689 255 3746 Parmranns
273 3691 342 3748 libro
360 3691 483 3748 secundo
501 3707 703 3762 responsorum.
739 3691 785 3746 Ad
807 3691 958 3761 principem
981 3691 1097 3746 remissa
1119 3689 1239 3758 cognitio
1262 3687 1297 3743 ab
1315 3681 1454 3771 [ffl
1475 3683 1502 3737 P

20 3789 54 3832 ec
72 3777 239 3834 circumduci
257 3784 358 3850 potest,
376 3780 424 3850 qui
442 3779 555 3836 remisit.

22 3881 213 3953 samoe)

21 4025 30 4060 ²
49 4024 85 4080 de
104 4025 332 4095 appellationibus
347 4026 387 4082 sio
399 4043 454 4082 non
467 4025 631 4096 recipiendia
643 4026 792 4094 loquuntur
804 4027 847 4097 (es.
860 4026 898 4078 D.
909 4025 953 4088 49,
965 4025 991 4091 5,
1003 4024 1027 4078 6.
1047 4023 1090 4089 dil,
1102 4025 1127 4088 7,
1140 4023 1157 4076 1
1167 4021 1240 4095 pali
1311 4021 1323 4056 ²
1341 4035 1395 4077 ocrr
1409 4029 1456 4076 tas.

19 4095 152 4152 ⁸tutelae
170 4098 348 4152 excusatione
367 4097 542 4170 (Sedultlaffi
613 4098 624 4132 ⁴
642 4097 737 4166 pupilli
757 4099 791 4163 (a.
806 4095 853 4163 tl?

19 4237 161 4292 ttristem
179 4252 280 4306 passus
298 4237 350 4305 est]
370 4237 397 4301 F,
421 4252 521 4307 passus
544 4243 587 4292 est
604 4237 709 4292 tristem
764 4235 881 4308 apostoli
892 4233 1115 4302 trahunturX⁸?,
1133 4233 1239 4288 ιιι.οἰ
1259 4239 1383 4304 truerpm
1396 4252 1453 4286 uer-

19 4306 113 4371 Xffl‘,
125 4322 225 4376 passus
237 4309 478 4372 esttristeistriete
488 4307 713 4372 X')X'YM⁵00
763 4317 817 4364 teas
835 4307 873 4362 ὅτι
892 4305 1000 4361 inrisere
1019 4303 1199 4360 detestaturos
1220 4302 1257 4372 (ol
1277 4304 1380 4372 aupaci)
1398 4312 1453 4356 bra·

18 4379 107 4434 4neo
125 4378 191 4446 non]
210 4378 263 4440 ri),
286 4393 373 4434 necne
395 4377 512 4434 mro
574 4379 608 4434 10
628 4377 711 4434 fuerit
764 4380 883 4448 ripoarsr
897 4377 964 4448 παρὰ
976 4378 1032 4431 reba
1045 4375 1184 4430 turritanae
1198 4373 1286 4437 sirtica
1301 4375 1454 4442 B(Aaca.)‚

19 4449 59 4502 bis
81 4449 107 4501 F
166 4451 201 4504 13
224 4449 328 4504 uestias
351 4449 386 4501 Ρ
449 4449 484 4504 23
508 4448 621 4504 uiduum
647 4450 709 4520 F·l
765 4453 793 4504 td
809 4459 846 4504 eat
863 4465 925 4503 cum
941 4447 1053 4572 ΕυρίΙΙίε
1071 4444 1243 4515 litigantibus
1257 4443 1454 4500 fructusdissi·

18 4518 147 4588 curae*
183 4519 397 4590 ascoperam
436 4519 710 4575 280rdine'm'adFt
763 4525 863 4591 pantur
876 4519 940 4574 aba
961 4517 1089 4573 uersariis
1101 4532 1205 4586 ecrrrm,
1223 4523 1289 4570 certe
1299 4535 1348 4584 pac
1361 4515 1454 4584 populi

18 4589 53 4644 31
72 4587 195 4644 officium
213 4589 555 4656 om.1·'¹ldebereom.l⁴⁸¹
610 4591 645 4646 33
662 4605 711 4646 eos
764 4586 1336 4661 aetteprsautbpeseartsaeuaeetpupilli.
1355 4593 1455 4656 lupone

17 4661 214 4717 aestimaturos
232 4661 276 4716 cul
295 4661 350 4722 (etri
363 4680 411 4714 om.
422 4661 467 4727 F'')
485 4659 537 4715 hoc
555 4660 711 4716 adscriben·
764 4681 851 4716 cesum
869 4668 906 4714 ito
922 4661 1033 4729 pupilles
1050 4659 1269 4712 uindicanteeaca
1282 4657 1456 4710 obtinnirent

18 4731 84 4786 dum
104 4732 149 4801 sit]
168 4730 271 4787 ¹erreirscc
289 4733 379 4786 bibrum
398 4730 446 4786 rr'rrr
460 4732 559 4795 zaaiaa,
579 4731 611 4786 ba
629 4733 653 4786 oi
672 4741 711 4786 tr·
764 4733 904 4802 appellasse
917 4734 961 4800 (ej.
974 4727 1070 4783 Paulus
1081 4727 1158 4792 5,36,
1172 4729 1204 4792 1),
1223 4727 1313 4781 driade
1322 4745 1454 4808 parasseq-

18 4803 106 4856 ascrsi
126 4803 290 4865 boarsiccecr
311 4803 467 4868 Eirinon).
488 4803 711 4874 ss.D.as,10,1
764 4804 1012 4860 remittemlrerlsse
1048 4799 1083 4852 39
1095 4797 1252 4852 circumdici
1264 4797 1295 4850 F:
1309 4796 1455 4850 desereres

17 4872 51 4928 37
71 4874 167 4944 popei
178 4873 360 4942 traherentur]
373 4881 411 4928 sic
424 4875 621 4944 (necquicquam
634 4875 710 4926 addi·
763 4869 916 4934 tenueere
929 4869 1026 4925 sacrati
1037 4868 1174 4933 brs'sacreru
1187 4866 1340 4930 Ῡιιοθὲοεωε
1348 4867 1454 4928 licerer

17 4945 118 4998 amatr
131 4948 172 4998 erl
185 4948 317 5011 meatum)
332 4945 360 5008 d}
374 4941 711 5012 poculentorum,
764 4943 852 4996 τειιεῑιι
866 4939 947 5002 ΔῩτὴιι
963 4939 1118 5007 Bistam),
1136 4939 1181 4992 ubi
1191 4937 1279 4993 τειιεῐιι
1294 4945 1379 4991 atram
1398 4937 1456 4990 inde

17 5013 252 5086 depopularentur
269 5013 313 5078 0⁸,
330 5013 549 5083 populitarentur
562 5012 649 5078 Taua,
667 5012 712 5067 uel
763 5011 1043 5084 eeatctqecdleperiat
1051 5007 1455 5072 circumcidiletBreacmaaaua

1182 5093 1243 5149 55!
