3480 5460
89 259 288 308 maceremur
769 237 856 318 205
1236 241 1352 310 XXXV
1376 247 1396 308 2
1419 251 1532 306 14-17

83 394 174 454 ntus
196 395 378 452 subsdtutum
401 396 509 466 utrique
529 385 659 452 heredem
675 398 838 454 existentem
856 399 885 454 in
903 399 1014 454 almrius
1031 398 1183 455 hereditate
1201 399 1323 455 Falcidia
1341 415 1394 456 non
1413 401 1452 455 uti
1470 415 1533 456 cou-

78 485 186 555 neuit,
213 486 238 540 ai
261 485 296 541 de
318 485 399 542 bonis
422 486 532 542 alterim
555 485 704 556 impuberis
728 495 852 558 quartam
875 493 981 559 purtem
1004 487 1164 544 hereditatis
1187 489 1286 560 patris,
1311 505 1382 559 quae
1405 489 1441 544 ad
1463 487 1534 544 filios

70 575 266 648 peruenerit,
288 576 414 631 redueat.
451 575 576 642 Quodsi
602 575 686 632 irater
709 575 786 632 fratri
809 578 948 648 legitimus
970 577 1049 634 heres
1072 579 1178 634 ιιιιιιιι
1200 583 1228 633 et
1249 577 1383 648 impuberi
1406 593 1534 646 supremo

68 661 273 734 flubstitutus,
291 665 381 735 portio
399 665 508 735 quidem
526 669 700 735 paternorum
718 664 860 736 bonorum,
880 683 961 738 quam
980 668 1127 722 intestatus
1144 681 1212 738 puer
1230 667 1343 738 accepit,
1362 668 1459 722 rationi
1474 667 1534 722 Fal·

71 750 185 808 aeridiae
209 768 265 809 non
285 752 480 824 confundetur,
503 754 552 810 sed
570 759 696 825 quartam
714 755 774 811 eius
792 759 898 811 tantum
917 757 1085 826 portionem¹
1105 755 1270 812 substitutus
1287 755 1427 826 retinebit,
1451 771 1532 825 quam
1552 771 1565 809 ι

68 840 215 910 inpubes
233 844 341 914 accepit
358 843 405 914 qui
423 842 602 899 substitutum
620 843 725 900 habuit.

148 930 228 986 Inurr
250 930 319 988 libro
342 933 423 988 tertio
447 931 554 989 decimo
578 948 780 1004 responsorum.
817 933 897 1000 Quod
918 933 998 990 bouis
1020 935 1079 990 iure
1097 933 1235 990 Falcidiae
1258 933 1356 990 contri-
1375 928 1533 1018 Q
1551 941 1579 996 Ρ

72 1017 237 1076 Ιιιιιιιιιιιιι
255 1025 299 1076 est
317 1037 334 1076 a
352 1020 484 1093 debitore,
502 1022 547 1077 cui
566 1023 661 1078 mortis
679 1039 764 1079 musa
780 1028 863 1094 pacto
882 1022 1005 1080 debitum
1018 1024 1161 1080 remissum
1174 1030 1225 1095 est,
1243 1025 1272 1080 in
1284 1023 1386 1079 iactum
1399 1028 1534 1094 concepta

72 1109 274 1177 replicatione
290 1110 460 1166 retinebitur.
489 1112 587 1167 Frater
603 1127 666 1168 cum
684 1112 812 1168 heredem
830 1127 951 1168 sororem
970 1111 1115 1183 scriberet,
1134 1113 1216 1168 alium
1234 1113 1270 1168 ab
1288 1129 1322 1169 ea
1340 1114 1384 1168 cui
1402 1113 1532 1168 donatum

80 1198 209 1255 nolebat
231 1199 356 1271 stipulari
379 1201 498 1272 curauit,
522 1217 557 1256 ne
574 1201 696 1258 Falcidia
718 1205 841 1258 uteretur
859 1207 888 1258 ct
909 1205 940 1257 ut
957 1207 1059 1257 certam
1078 1202 1237 1274 pecuniam,
1260 1203 1283 1258 si
1302 1207 1397 1257 contra
1415 1201 1533 1271 lecisset,
1554 1213 1580 1253 ro

80 1293 258 1362 pausaret
290 1290 459 1360 priuatorum
484 1291 611 1348 cautione
633 1291 741 1362 legibus
763 1307 818 1347 non
842 1305 903 1348 esse
926 1291 1118 1362 refragandum
1142 1293 1266 1348 constitit
1288 1296 1316 1346 et
1333 1291 1395 1347 ideo
1414 1305 1533 1346 sororem

17 1412 41 1456 ι,
89 1377 158 1436 ime
180 1378 290 1450 publico
312 1380 492 1436 retentionem
515 1379 670 1436 habituram
694 1385 722 1436 et
745 1381 879 1437 actionem
903 1397 938 1436 er
961 1381 1094 1450 stipulatu
1119 1381 1317 1451 denegandam.
1354 1381 1415 1436 Non
1432 1379 1534 1435 idcirco

89 1466 188 1524 ninus
204 1467 342 1524 Falcidiae
364 1469 498 1524 rationem
520 1469 548 1524 in
571 1471 669 1526 ceteris
694 1471 791 1526 annuis
815 1470 914 1540 legatis
932 1469 1040 1526 admitti
1057 1471 1146 1526 uisum
1166 1475 1221 1540 est,
1245 1469 1318 1540 quod
1336 1469 1423 1540 prium
1442 1483 1475 1524 ac
1492 1483 1533 1524 ae·

43 1582 66 1624 ι
100 1557 188 1614 cuneo
211 1573 283 1614 anuo
305 1558 365 1614 siue
388 1558 444 1613 ulla
466 1557 635 1615 detractione
658 1558 774 1615 tuissent
796 1559 928 1630 legatario
951 1559 1050 1614 soluta
1087 1557 1166 1624 Quod
1191 1575 1260 1614 auus
1278 1574 1313 1614 ex
1331 1573 1415 1613 causa
1431 1558 1534 1612 tutelae
1554 1569 1582 1609 ιι

103 1647 191 1716 neoti
208 1646 312 1719 debuit,
329 1664 392 1704 cum
411 1663 465 1705 auo
483 1663 569 1718 nepos
587 1649 662 1705 solus
681 1648 759 1704 heres
778 1649 937 1719 exstitisset,
956 1649 1026 1704 ratio
1038 1647 1176 1703 Falcidiae
1194 1649 1217 1703 si
1232 1652 1386 1718 poneretur,
1400 1647 1411 1718 11
1430 1648 1458 1702 in
1470 1661 1534 1702 aere
1550 1653 1566 1702 ι
1579 1656 1619 1701 ιιι

113 1733 187 1792 dono
209 1735 288 1794 bonis
310 1735 501 1792 deducendum
526 1736 663 1808 respondi.
695 1752 746 1793 neo
769 1737 805 1793 ad
829 1753 885 1792 rem
903 1739 1054 1808 pertinere,
1080 1738 1154 1808 quod
1172 1737 1300 1792 heredem
1319 1751 1388 1792 auus
1406 1735 1533 1806 idemque

113 1827 175 1882 tutor
190 1831 347 1898 negauerat,
370 1829 416 1895 ut,
439 1825 464 1880 si
481 1825 540 1881 siue
558 1826 650 1882 liberis
668 1831 733 1882 ante
751 1831 853 1883 certam
873 1833 992 1883 aetatem
1011 1827 1170 1896 decederet,
1195 1832 1250 1882 ιιιι
1270 1825 1434 1882 hereditaria
1450 1839 1532 1896 quam

114 1915 207 1986 propria
228 1913 302 1972 bona
323 1915 494 1971 restitueret:
520 1929 574 1971 non
598 1915 670 1971 enirn
689 1931 724 1972 ex
742 1916 793 1973 hoo
810 1917 990 1973 hereditatem
1009 1915 1102 1972 debito
1121 1921 1325 1986 compensatam
1343 1915 1445 1985 uideri,
1470 1929 1532 1969 eum

111 2003 146 2058 uel
168 2003 226 2061 ideo
250 2005 369 2061 maxime
391 2004 545 2060 declaretur
563 2019 617 2060 non
642 2020 703 2061 esse
727 2007 977 2076 compensationem
1000 2004 1128 2076 tactam¹,
1152 2007 1279 2076 quonism
1306 2003 1433 2062 heredem
1452 2017 1531 2058 sunm

105 2087 199 2150 babere
222 2095 333 2166 propria
354 2093 429 2150 bona
450 2092 598 2150 defunctus
622 2095 749 2151 ostendit.
787 2097 868 2166 plane
890 2095 914 2151 si
936 2095 1059 2152 condicio
1082 2093 1286 2150 fideicommissi
1308 2093 1391 2149 tuerit
1411 2093 1532 2162 impleta,
1552 2105 1580 2146 sc

101 2175 204 2238 hactus
224 2181 384 2239 hereditatis
408 2189 472 2255 post
495 2187 609 2240 mortem
630 2184 676 2239 aui
693 2186 815 2255 percepti
833 2186 892 2256 puri
909 2183 1027 2255 pecunia
1044 2183 1137 2240 debito
1155 2183 1257 2240 tutelae
1275 2181 1531 2253 compensabuntur,

75 2269 170 2325 tred⁸
186 2277 305 2342 quartam
323 2273 403 2328 heres
421 2274 529 2344 nepotis
547 2273 582 2329 dc
600 2272 679 2328 bonis
697 2272 849 2344 dumtaxat,
867 2289 937 2344 quae
950 2261 1068 2329 moriens
1081 2289 1150 2328 suus
1163 2273 1279 2342 reliquit,
1297 2271 1434 2328 retinebit.
1462 2270 1530 2327 Oum

93 2355 351 2433 fideicommissum,
373 2377 408 2417 ex
426 2359 567 2418 uoluntate
585 2362 679 2418 matris
697 2378 715 2416 a
731 2367 809 2433 psus
828 2362 960 2418 moriente
978 2361 1115 2432 debitum,
1134 2360 1189 2418 lilio
1208 2365 1287 2432 pater
1304 2360 1455 2416 hereditate
1473 2375 1532 2430 sua,

91 2459 186 2517 qum
205 2451 231 2506 in
250 2449 336 2506 filiurn
354 2449 527 2522 conserebat,
550 2451 721 2522 compensari
738 2452 838 2507 uoluit:
865 2451 940 2522 quod
956 2449 1012 2507 tilio
1030 2451 1158 2522 debetur,
1183 2452 1206 2506 si
1224 2451 1294 2506 ratio
1311 2449 1449 2506 Falcidiae
1467 2450 1532 2521 poni

90 2541 230 2610 coeperit,
247 2537 295 2596 dni
311 2539 482 2611 quadrantis,
500 2556 581 2611 quem
601 2557 635 2596 ex
652 2540 732 2597 bonis
750 2542 837 2612 patris
855 2555 917 2596 cunr
936 2541 1035 2598 edoctu
1054 2541 1191 2612 percepit,
1210 2538 1431 2611 compensabitur
1449 2544 1532 2609 atque
1550 2551 1579 2592 ιι

64 2623 131 2679 sea
158 2628 318 2699 superfluum
337 2628 408 2684 aeris
426 2630 508 2685 alieni
525 2629 651 2686 dodranti
668 2635 777 2686 tanturn
795 2629 960 2706 detrahetur.
988 2631 1031 2686 Ex
1049 2629 1241 2687 donationibus
1259 2631 1288 2686 in
1300 2643 1412 2685 uxorem
1426 2628 1531 2683 collatis

90 2715 182 2780 quod
199 2715 274 2775 heres
297 2719 357 2774 eius
374 2718 490 2776 reddere
508 2720 568 2776 uiro
587 2720 705 2790 cogitur,
728 2719 756 2774 in
774 2719 854 2776 bonis
872 2720 992 2776 mulieris
1011 2736 1065 2776 non
1084 2721 1143 2775 erit
1175 2735 1237 2775 nam
1257 2720 1296 2775 ita
1312 2717 1345 2774 dt
1362 2717 1530 2788 locupletior,

66 2803 122 2854 tut
147 2807 224 2865 tane
239 2809 387 2880 pauperior
404 2823 466 2864 esse
484 2809 624 2865 uideatur:
643 2809 717 2880 quod
735 2813 827 2864 autem
845 2808 925 2865 heres
942 2807 1006 2864 iude
1024 2809 1130 2880 minuit,
1149 2809 1208 2864 uiro
1226 2823 1281 2865 non
1298 2809 1377 2880 perit.
1414 2809 1530 2863 Fructus

93 2894 267 2957 mediorum
291 2897 345 2954 sub
368 2897 528 2955 condicione
550 2897 642 2955 uerbis
665 2896 869 2954 fideicommissi
893 2898 1044 2953 relictorum
1067 2898 1095 2953 in
1119 2913 1231 2954 causam
1251 2896 1454 2953 fideicommissi
1476 2909 1530 2952 non

95 2974 230 3044 ᾶθᾱιιιιοι
247 2986 326 3044 heres
343 2987 372 3043 in
390 2988 496 3044 ratione
513 2987 651 3042 Falcidiae
669 2989 710 3043 sio
726 2992 840 3059 accepto
857 2986 948 3043 facere
965 2985 1018 3042 sibi
1036 2987 1150 3057 cogitur,
1169 2991 1201 3043 ut
1217 2991 1352 3058 quartam,
1371 2991 1399 3042 et
1416 2991 1530 3057 quartae
1550 2996 1578 3036 eo

98 3060 204 3130 [fucus
219 3091 252 3133 er
269 3077 316 3134 die
333 3078 438 3149 mortis,
455 3077 589 3133 bonorum
607 3091 679 3146 quae
697 3077 792 3134 mortis
809 3082 932 3148 tempore
950 3074 1060 3132 fuerunt
1078 3075 1186 3133 habeat.
1214 3093 1265 3133 nec
1283 3077 1318 3132 ad
1334 3091 1392 3131 renr
1403 3076 1529 3146 pertinet,

100 3161 208 3221 impio
224 3165 346 3222 Falcidia
368 3167 413 3223 lex
436 3166 557 3222 admissa
578 3166 627 3222 sit:
651 3181 714 3221 nam
737 3167 790 3222 etsi
815 3167 931 3222 maxime
949 3169 1013 3236 post
1030 3165 1168 3236 impletam
1188 3166 1374 3222 condicionem
1392 3164 1529 3221 fideicom-

102 3239 239 3311 mimerum
250 3256 341 3313 locum
353 3255 455 3312 habere
467 3256 567 3326 coepit,
583 3257 677 3312 tamen
690 3271 724 3310 er
736 3256 781 3312 die
795 3255 891 3312 monis
902 3253 1008 3312 fructus
1019 3254 1179 3326 quadrantis
1192 3256 1265 3326 apud
1276 3254 1403 3310 heredem
1415 3254 1530 3324 relinqui

80 3338 211 3426 'Q
226 3349 278 3402 est.
314 3345 567 3401 Fideicommissnm
586 3345 718 3416 portionis
736 3344 904 3415 supplendae
922 3346 1019 3416 gratia
1041 3359 1091 3415 pro
1109 3359 1163 3414 qua
1180 3350 1294 3400 manem
1312 3343 1384 3400 filius
1402 3343 1529 3399 heredem

105 3423 225 3505 Mittit,
249 3434 339 3491 cidem
367 3433 449 3489 matri
476 3433 570 3496 datum
594 3435 699 3490 ratione
721 3433 859 3490 Falcidiae
882 3435 1011 3490 minuitur
1035 3439 1063 3490 et
1086 3449 1146 3490 ιιιιι
1169 3434 1313 3504 pecuniam
1338 3437 1425 3488 mater
1447 3447 1530 3503 supra
1549 3442 1577 3482 ss

84 3514 221 3579 'Qum
238 3524 371 3594 portionis
388 3537 456 3579 suae
473 3523 615 3595 percipiet.
643 3523 753 3594 Quarta,
772 3537 843 3593 quae
860 3537 909 3594 per
920 3525 1009 3594 legem
1022 3522 1170 3579 Falcidiam
1182 3523 1322 3593 retinetur,
1341 3521 1529 3578 aestimatione

108 3603 179 3660 quam
197 3615 313 3670 lestatm
330 3611 396 3668 iecit
413 3627 469 3668 uon
486 3613 575 3684 magis
592 3613 677 3668 minui
696 3615 795 3684 potest,
813 3627 896 3684 quarn
914 3612 1022 3669 auferri.

69 3677 97 3734 ¹⁸
152 3687 308 3760 ῧῦιειιοιιι
324 3700 394 3758 hbro
412 3701 493 3758 tertio
507 3703 710 3772 ‘quaestionum
738 3701 767 3758 Si
785 3717 819 3757 ex
837 3702 960 3774 pluribus
978 3701 1059 3757 rebus
1071 3699 1261 3772 legatisheres
1273 3715 1353 3770 quas·
1372 3695 1528 3784 Qffl
1548 3705 1574 3758 P

109 3763 159 3832 ⁶⁸¹⁰
176 3793 298 3862 coluerit,
316 3807 351 3847 ex
368 3791 480 3861 reliquis
497 3789 646 3847 Falcidiam
664 3793 773 3862 plenam
791 3807 840 3862 per
852 3791 907 3847 doli
925 3792 1114 3861 exceptionem
1132 3789 1249 3845 retinere
1266 3793 1359 3859 potest
1376 3790 1458 3845 etiam
1478 3805 1527 3860 pro

87 3850 149 3934 ¹⁸⁸1
173 3891 245 3949 quse
266 3881 322 3937 iam
345 3881 411 3937 data
431 3885 504 3936 sunt.
541 3879 596 3937 Sed
614 3884 643 3936 et
661 3881 684 3936 si
703 3895 819 3936 encres
837 3881 874 3936 sit
891 3881 996 3951 legata,
1020 3880 1097 3936 euius
1115 3895 1179 3950 pars
1198 3879 1288 3935 soluts
1305 3878 1353 3948 eit,
1372 3893 1406 3934 ex
1424 3879 1528 3950 reliquo
1547 3889 1576 3930 ιι

107 3955 187 4020 bobas
205 3971 284 4040 plena
302 3969 426 4026 Falcidia
443 3969 561 4026 retineri.

71 4020 96 4078 Π
143 4041 225 4114 Iucu
241 4057 314 4115 hhro
327 4063 407 4115 sexto
424 4060 624 4129 quaestionum.
652 4057 682 4114 Si
699 4064 762 4130 post
780 4058 936 4115 missionem
954 4056 1039 4114 sucht
1056 4057 1194 4114 codicillos
1210 4056 1288 4112 miles
1305 4056 1527 4112 etintrasnnum
1549 4057 1575 4111 P

105 4119 220 4219 dcem,
237 4163 272 4205 ex
290 4153 464 4219 memento,
482 4148 557 4219 quod
574 4149 602 4204 in
620 4147 718 4204 militis
734 4149 793 4204 iure
810 4148 920 4204 militari
938 4145 1011 4218 fecit,
1029 4148 1111 4218 plena
1127 4147 1227 4217 legata,
1246 4161 1281 4201 ex
1292 4145 1424 4202 codicillis
1435 4145 1529 4201 habita

103 4206 233 4294 fllcidm
254 4239 360 4294 ratiorm
384 4237 517 4309 praestari
537 4235 638 4293 debere
656 4236 764 4294 dieitur.
801 4237 851 4293 aed
868 4251 913 4292 res
930 4237 970 4292 ita
987 4236 1161 4308 expedietur:
1188 4236 1226 4306 si,
1249 4251 1310 4291 cum
1329 4234 1530 4305 quadringenta

198 4331 218 4396 t,
233 4331 400 4385 testamento
418 4325 627 4398 quadringenta,
645 4325 777 4383 codicillis
795 4331 905 4384 centum
923 4325 1064 4398 legauerit,
1084 4341 1118 4382 ex
1136 4325 1231 4396 quinta
1248 4330 1334 4396 parte,
1352 4323 1381 4379 id
1399 4327 1443 4379 est
1454 4329 1528 4379 octo·
1547 4333 1576 4375 ιι

101 4405 339 4504 liWnuoron)

100 4565 256 4650 ιιῦῐῑίοιιιι
273 4593 378 4663 (Humi
448 4594 532 4650 ¹nou
549 4609 612 4650 esse
629 4593 881 4665 compensationem
898 4591 1001 4649 betam
1019 4595 1066 4648 det
1138 4594 1149 4628 ³
1168 4592 1215 4648 et?

98 4671 519 4714 xa...-

99 4723 409 4823 ¹⁵,faleeise1frouue
428 4753 463 4805 F²
512 4754 547 4808 29
564 4753 729 4825 relictorum]
746 4761 784 4810 stc
836 4753 946 4810 relictos
963 4753 991 4808 in
1010 4765 1121 4807 eausam
1133 4749 1335 4808 fideicommissi
1354 4769 1402 4805 om.
1414 4748 1529 4804 WEFO

101 4795 222 4884 Qu
236 4826 371 4880 smmum
389 4824 558 4892 sinnas:
581 4825 606 4880 οι
628 4825 784 4896 aspersisse
837 4827 872 4881 ss
907 4823 1188 4893 fidecommissorum]
1225 4821 1380 4889 swsorc
1412 4841 1468 4877 sem
1500 4820 1526 4873 s

101 4883 570 4968 1¹¹⁰«ipsualursreretaroclppot,
585 4895 782 4959 eiudaais'rroi
836 4898 961 4966 (Aream
983 4896 1027 4950 dre
1047 4896 1091 4967 rip
1110 4896 1208 4950 ιιιιιοτε
1227 4895 1272 4966 oxu]
1292 4893 1379 4965 χώριιι
1398 4892 1414 4946 ὁ
1432 4891 1526 4946 Φιικι-

104 4951 300 5030 εἔιιίιιειιιιιιιι
313 4975 338 5024 ιι
350 4967 399 5023 RS
410 4968 508 5056 (Off-li
524 4969 549 5024 oi
562 4969 652 5040 rspuoi
664 4970 721 5024 τῶιι
733 4967 784 5031 iud
837 4977 901 5034 troc,
920 4965 1008 5024 fidele.
1027 4971 1085 5037 (cic)
1103 4967 1168 5033 ΗΚ,
1188 4965 1427 5023 fideicommissum
1448 4963 1526 5017 Toum

109 5031 198 5090 ”Feta
213 5039 423 5104 lararcretarcrs
434 5042 529 5111 alpes,
548 5041 658 5098 relictos
671 5039 783 5106 mels,
