3616 5468
287 253 409 322 llllllll
431 259 547 316 se-et
977 245 1034 328 98
1512 269 1560 316 nu
1582 265 1724 315 areauna

288 409 404 466 heredes
421 407 551 464 nauibus
569 407 659 476 rogati
676 411 770 463 essem
787 407 941 477 restituere,
959 408 1043 462 etiam
1061 407 1097 463 ad
1115 421 1223 464 sorores
1240 407 1398 477 pertineret.
1425 404 1568 476 respondit
1581 403 1724 474 pertinere,

255 499 342 554 tnlsi
359 498 433 553 allud
452 497 571 553 sensisse
587 499 748 551 testatorem
766 494 905 565 probetur.
932 495 1055 566 collegio
1072 495 1211 552 fabrorum
1229 495 1345 552 ibndum
1363 509 1425 550 ourn
1444 494 1530 564 silub,
1548 507 1620 562 qnae
1638 493 1665 547 ei
1683 505 1725 547 ee·

288 586 354 642 dere
372 587 473 655 solent,
491 585 532 641 nti
551 584 670 655 optimus
690 584 879 654 maximusque
898 591 985 655 esset,
1004 586 1116 655 legauit
1146 599 1258 655 quomo,
1277 599 1312 640 an
1330 599 1365 640 ea
1381 598 1499 654 quoqne,
1517 597 1589 653 quae
1605 583 1636 636 in
1652 580 1725 636 diem

288 675 384 731 monis
400 673 439 730 ibi
457 672 581 742 tuissent,
600 672 628 728 id
647 677 690 728 est
706 671 817 728 faenum
829 671 959 743 pabulum
971 673 1060 744 palen,
1078 675 1145 729 item
1157 671 1292 744 maehina,
1310 687 1380 728 ussa
1391 673 1505 742 uinaria,
1523 671 1553 726 id
1564 676 1726 740 estouppae

288 767 318 820 et
335 763 421 833 dolia,
440 777 511 832 quae
529 763 557 816 in
575 761 644 817 eella
661 760 753 817 detlxa
771 765 847 831 sunt,
866 762 933 818 item
951 763 1079 831 maneria
1096 761 1189 833 legata
1205 766 1307 817 essent
1334 761 1476 832 respondit
1493 776 1548 816 non
1565 765 1642 816 reete
1659 757 1726 829 peti,
1742 769 1777 809 e-

255 851 362 923 equod
383 851 505 921 legatum
528 865 584 906 non
606 855 688 906 esset
725 851 769 906 lix
794 856 873 921 parte
897 843 1011 906 dimidia
1033 849 1128 906 benedt
1150 851 1276 908 instituto
1293 865 1343 920 per
1359 865 1438 921 prae·
1461 841 1726 934 [westan]

288 940 443 1010 eeptionem
465 938 580 995 fundum
603 939 708 1009 legauit
729 944 759 994 et
780 939 816 994 ab
839 953 873 995 eo
896 940 937 994 ita
953 940 1036 1009 petit:
1056 939 1141 1009 peto,
1158 941 1206 994 uti
1223 940 1292 994 nelis
1311 939 1472 994 eoheredem
1491 937 1541 993 tibi
1558 937 1681 1006 reeipere
1698 936 1727 990 in

288 1027 381 1084 'fundo
398 1028 504 1084 Iuliano
515 1043 586 1098 meo,
604 1043 685 1098 quem
699 1027 815 1098 amplius
826 1032 855 1083 te
867 1029 988 1098 reeipere
1000 1029 1067 1083 iussi
1075 1032 1092 1098 ¹,
1112 1028 1235 1084 Clodium
1251 1027 1351 1084 Uerum
1365 1032 1494 1098 nepotem
1507 1041 1607 1094 meum,
1626 1039 1725 1093 segna-

288 1117 354 1173 'tum
366 1115 461 1172 tuum'.
486 1131 597 1188 quaero,
614 1133 649 1173 au
661 1133 726 1186 pars
738 1115 816 1172 nnat
829 1131 864 1172 ex
876 1131 961 1172 eausa
971 1115 1175 1172 fideicommissi
1187 1117 1281 1186 nepoti
1293 1115 1447 1173 deberetur.
1470 1113 1612 1186 respondit
1624 1111 1726 1168 deberi.
1743 1123 1781 1163 ν

230 1206 270 1264 94
340 1205 461 1262 Ueneres
483 1205 553 1262 libro
576 1206 697 1261 seeundo
718 1204 1000 1262 tideieommiesorum.
1037 1206 1078 1274 Is,
1103 1207 1150 1275 qui
1168 1206 1323 1276 eomplures
1340 1204 1453 1260 libertos
1471 1205 1551 1260 redu·
1570 1196 1726 1286 [Q
1742 1205 1783 1259 f

287 1293 398 1364 quebet,
416 1293 505 1350 tribus
523 1309 558 1350 ex
575 1294 619 1349 bis
636 1293 751 1350 lendum
769 1295 911 1364 legauerat
928 1298 957 1350 et
973 1295 1099 1364 petierat,
1117 1298 1150 1349 nt
1166 1299 1300 1364 curarent,
1319 1309 1354 1350 ue
1372 1295 1407 1349 de
1419 1293 1543 1364 nolmine
1561 1307 1612 1347 suo
1631 1290 1726 1346 exiret
1742 1297 1780 1342 t.

288 1382 483 1454 quaerebatur,
503 1397 537 1438 ex
555 1383 643 1438 tribua
661 1384 709 1453 qui
726 1383 831 1453 primus
849 1382 1017 1438 moriebatur
1034 1387 1125 1438 utrum
1145 1384 1252 1453 utrique
1270 1384 1314 1439 uel
1333 1383 1411 1438 alteri
1429 1397 1463 1438 ex
1481 1381 1537 1450 his,
1561 1380 1609 1450 qni
1627 1379 1680 1434 sibi
1697 1380 1727 1434 in

286 1473 381 1542 legato
398 1471 537 1526 ooniuuoti
554 1477 659 1541 essent,
677 1473 830 1542 relinquere
847 1476 955 1542 partem
974 1487 1052 1526 suam
1070 1469 1198 1541 deberet,
1222 1487 1258 1526 an
1276 1472 1364 1542 possit
1381 1471 1426 1525 uel
1444 1469 1489 1526 alii
1507 1468 1658 1524 oouliberto
1676 1483 1726 1523 suo

287 1575 347 1615 eam
367 1560 528 1629 relinquere.
556 1560 667 1630 plaeult,
686 1561 739 1615 etei
757 1560 907 1616 uoluntatis
925 1561 1052 1632 quaestio
1070 1565 1158 1630 esset,
1176 1560 1244 1614 eatis
1262 1559 1338 1614 idum
1357 1558 1506 1628 laetorum,
1530 1557 1584 1612 etsi
1602 1557 1648 1612 alii
1665 1556 1726 1612 reli·

287 1649 401 1718 quisset.
429 1647 503 1718 qnod
522 1648 545 1703 si
563 1648 630 1704 nulli
648 1647 778 1718 dedisset,
797 1649 958 1718 oeoupautis
976 1665 1011 1704 an
1027 1650 1146 1705 omnium
1160 1647 1372 1704 ooulibertorum
1385 1653 1414 1703 et
1425 1663 1490 1702 num
1503 1661 1598 1702 eorum
1610 1649 1726 1714 tantum
1744 1657 1753 1694 ι
1767 1651 1783 1690 2

287 1735 388 1807 qulbus
409 1736 513 1806 pariter
536 1736 657 1806 legatum
680 1741 769 1806 esset,
792 1737 890 1807 petitio
912 1735 1116 1793 fideicommissi
1140 1742 1226 1808 esset,
1251 1735 1437 1792 dubitabatur.
1467 1741 1496 1790 et
1513 1735 1635 1790 lolianus
1652 1737 1727 1789 reete

288 1824 415 1881 omnibus
433 1823 535 1880 debere
552 1823 670 1894 putauit.

231 1915 270 1976 95
340 1915 517 1970 Mandanes
548 1912 618 1968 libro
648 1912 769 1969 seeundo
799 1911 1080 1970 tideieommissorum.
1120 1913 1257 1984 'Quisquis
1282 1913 1349 1969 mibi
1375 1913 1455 1968 berea
1481 1913 1542 1982 erit,
1569 1905 1728 1994 [thfflt]
1744 1910 1783 1968 F

287 2003 411 2059 ‘damnas
433 2007 495 2058 esto
518 2001 585 2056 dare
607 1999 727 2071 fideique
750 2002 810 2058 eius
834 2003 987 2072 eommltto,
1012 2004 1053 2058 uti
1075 2003 1135 2073 det,
1160 2006 1277 2073 quantae
1300 2017 1422 2057 sommas
1445 2001 1585 2056 dietauero
1607 1997 1727 2056 dedero'.

287 2091 381 2148 Aristo
400 2105 445 2147 res
463 2105 573 2162 quoque
591 2091 747 2160 corporales
765 2092 899 2146 eontineri
916 2091 964 2161 ait,
981 2097 1013 2146 ut
1030 2091 1143 2162 praedia
1160 2092 1298 2161 mancipia
1314 2094 1421 2146 emtam
1439 2095 1597 2160 argentum,
1615 2089 1683 2158 quia
1700 2093 1729 2144 et
1745 2097 1783 2139 ι«Ι

286 2181 340 2238 boe
357 2180 472 2236 uerbum
492 2177 625 2249 'quanm'
642 2194 697 2234 non
717 2179 752 2234 ad
770 2184 942 2236 numeratam
966 2181 1111 2236 demutat
1133 2181 1276 2252 peeuniam
1302 2177 1397 2234 referri
1415 2193 1450 2234 ex
1468 2177 1541 2234 dotis
1558 2178 1728 2246 relegatione

255 2293 258 2300 ¹
287 2274 316 2326 et
334 2265 556 2340 stipulationibus
574 2273 685 2338 emptae
702 2267 861 2324 hereditatis
880 2274 995 2338 apparet
1012 2275 1041 2324 et
1053 2268 1191 2325 'summae'
1203 2267 1351 2339 appellatio
1363 2268 1486 2322 similiter
1498 2266 1586 2336 aeeipi
1604 2265 1728 2334 deberet,

286 2362 319 2414 ut
336 2357 364 2413 ln
381 2355 424 2412 his
442 2357 612 2426 argumentis
634 2371 706 2427 quae
727 2357 815 2412 relata
837 2362 931 2412 essent
953 2357 1115 2413 ostenditur.
1141 2359 1310 2412 uoluntatem
1334 2361 1478 2426 praeterea
1495 2353 1631 2425 deiunoti,
1656 2369 1729 2424 quae

287 2447 405 2502 maxime
422 2446 451 2500 iu
468 2443 687 2501 fideieonrmissis
704 2445 818 2514 ualeret,
837 2446 862 2500 ei
881 2447 1034 2502 sententiae
1058 2447 1215 2516 suffragari:
1239 2459 1329 2516 neque
1352 2445 1424 2501 euim
1447 2449 1513 2516 post
1535 2457 1596 2498 earn
1620 2441 1728 2512 praeia-

286 2535 390 2591 tionem
408 2533 578 2589 adieeturum
596 2537 757 2589 testatorem
774 2532 861 2589 inisse
878 2549 923 2589 ree
937 2535 1100 2605 eorporalee‚
1118 2535 1299 2590 sidnmtaxat
1309 2533 1454 2606 peeuniam
1465 2537 1636 2600 numeratam
1648 2546 1728 2601 prae-
1746 2542 1783 2583 a.

286 2623 354 2679 starl
370 2622 512 2679 noluisset.

229 2715 268 2776 96
339 2709 433 2768 etms
456 2709 526 2766 libro
549 2709 672 2765 seeundo
694 2707 976 2766 fideicommissorum.
1013 2709 1043 2766 Si
1060 2710 1151 2766 littus
1174 2725 1209 2766 ex
1230 2715 1309 2781 parte
1332 2711 1412 2766 heres
1434 2713 1548 2780 rogator
1566 2702 1727 2791 [Q
1743 2709 1783 2770 l=

286 2801 323 2854 sit
340 2799 448 2854 Maeuio
472 2797 652 2854 hereditatem
675 2799 821 2854 restituere
845 2803 874 2854 et
896 2813 990 2854 rursus
1009 2799 1082 2855 Titio
1104 2798 1217 2854 eoberes
1239 2801 1298 2855 eius
1320 2804 1434 2869 rogatus
1457 2799 1494 2854 sit
1514 2801 1620 2868 partem
1645 2813 1726 2853 auam

285 2892 334 2943 aut
351 2887 437 2958 partis
455 2891 561 2958 partem
580 2887 740 2958 restituere,
760 2903 795 2942 an
813 2886 884 2942 bane
901 2901 1011 2957 quoque
1027 2893 1148 2958 partem,
1171 2902 1254 2958 qoam
1273 2902 1291 2943 a
1307 2887 1441 2944 etheredo
1459 2901 1495 2942 ex
1511 2883 1726 2942 fideieommisso

285 2977 396 3047 resipit,
420 2976 510 3031 Titius
527 2976 671 3031 restituere
689 2975 797 3030 llaeuio
815 2973 929 3046 debeat,
954 2975 1035 3031 diune
1053 2975 1209 3032 Antoninus
1227 2977 1368 3032 consultus
1391 2975 1532 3032 reseribsit
1549 2990 1605 3031 non
1622 2974 1726 3030 debere
1745 2985 1783 3027 ιι

285 3065 438 3134 restituere,
456 3065 522 3134 quia
539 3063 699 3120 hereditatis
716 3064 898 3134 appellatione
916 3075 1006 3134 neque
1022 3065 1117 3135 legata
1133 3079 1222 3136 neque
1240 3063 1452 3121 fideieommiasa
1469 3065 1653 3120 eontinentur.

229 3159 268 3220 97
339 3153 458 3209 Patruus
475 3153 545 3208 libre
563 3152 685 3208 seeundo
703 3152 884 3208 deeretorum.
911 3151 1043 3210 Hosidius
1060 3153 1171 3223 quidam
1188 3155 1315 3210 instituta
1331 3153 1388 3210 filia
1403 3153 1548 3210 Ualeriana
1566 3147 1727 3236 [Q
1743 3155 1783 3214 1Σ

286 3241 386 3297 herede
405 3242 491 3297 aeteri
509 3255 560 3297 suo
572 3240 709 3297 Antioebo
727 3239 794 3296 data
810 3240 937 3297 libertate
955 3241 1068 3312 praedia
1085 3248 1162 3297 eerta
1179 3247 1208 3297 et
1225 3245 1362 3313 pedulium
1380 3243 1525 3312 etreliqua
1537 3242 1727 3312 relegauerat¹

285 3333 343 3385 mm
362 3345 413 3385 sua
430 3345 512 3400 quam
531 3331 703 3385 eolonorum:
727 3330 876 3399 legatarius
899 3328 1057 3400 proferebat
1079 3346 1162 3386 manu
1180 3333 1267 3402 patrie
1285 3330 1404 3388 familiae
1422 3332 1585 3401 reliquatum
1604 3331 1651 3386 et⁸
1668 3337 1727 3386 tarn

286 3433 337 3474 sno
355 3431 438 3487 quam
456 3419 614 3474 oolonornm
632 3418 754 3473 nomine:
779 3419 845 3474 item
869 3419 897 3474 in
920 3419 1017 3474 eadem
1041 3420 1176 3489 seriptura
1199 3421 1336 3476 adieotum
1359 3422 1388 3476 in
1410 3421 1483 3476 hune
1507 3419 1633 3476 modum:
1653 3420 1727 3475 'item
1745 3428 1783 3472 s!

286 3507 409 3576 ‘qnorum
432 3497 566 3563 rationem
589 3507 704 3563 reddere
728 3505 845 3578 debeat',
869 3507 974 3564 seilieet
996 3523 1067 3578 quae
1089 3509 1118 3564 in
1141 3509 1251 3565 eondito
1274 3509 1408 3566 habuerat
1429 3515 1508 3580 pater
1530 3507 1649 3564 familiae
1671 3507 1727 3564 iru-

287 3595 372 3650 menti
390 3595 447 3651 uini
470 3599 499 3652 et
523 3599 675 3650 ceterarum
698 3610 802 3652 rerum:
821 3609 892 3666 quae
911 3603 940 3652 et
956 3597 1018 3667 ipsa
1034 3597 1148 3652 libertus
1166 3598 1280 3668 petebat
1296 3604 1325 3654 et
1342 3614 1377 3654 ex
1393 3599 1504 3670 reliquis
1521 3603 1583 3654 etse
1601 3597 1727 3653 dieebat:

287 3683 402 3753 etapud
413 3683 567 3754 praesidem
578 3685 749 3764 optinuerat.
777 3699 812 3740 ex
830 3685 940 3742 diuerso
958 3703 1020 3742 oum
1039 3686 1176 3741 dieeretur
1193 3687 1298 3756 reliqua
1315 3689 1472 3744 eolonorum
1490 3687 1526 3744 ab
1545 3701 1578 3742 eo
1596 3701 1652 3742 non
1669 3686 1728 3757 peti

287 3786 339 3826 nee
356 3773 475 3843 propria,
493 3773 632 3828 diuersam
651 3777 743 3828 autem
761 3788 873 3829 musam
892 3789 953 3830 esse
972 3789 1076 3844 eornm,
1094 3789 1165 3844 quae
1183 3775 1211 3830 in
1229 3775 1339 3832 eondito
1358 3781 1459 3847 essent,
1477 3776 1626 3846 imperator
1643 3776 1728 3831 iuter-

287 3861 397 3930 rogauit
414 3865 520 3932 partem
537 3861 675 3932 legatarii:
695 3861 852 3931 'quaerendi
870 3877 955 3918 mosa
971 3862 1059 3933 poue',
1078 3863 1175 3933 inquit,
1194 3864 1228 3918 ‘in
1241 3865 1351 3920 eondito
1364 3865 1486 3920 centiens
1499 3880 1642 3920 aureorum
1656 3879 1727 3935 esee,
1746 3869 1783 3914 tc

289 3947 413 4018 ‘quaein
432 3964 512 4004 usum
531 3950 601 4005 anmi
620 3950 751 4005 solerent:
770 3949 877 4006 dieerea
894 3951 1086 4022 totum,·quod
1104 3955 1179 4008 esset
1196 3953 1320 4008 relietum
1339 3955 1367 4009 in
1381 3969 1454 4024 area,
1474 3951 1595 4009 deberit
1622 3957 1652 4008 et
1669 3953 1727 4023 pla·

289 4051 531 4122 HWDEQIGK)

290 4212 299 4246 ¹
318 4225 400 4281 quem
417 4210 470 4266 hoo
488 4212 605 4283 amplius
622 4215 651 4266 te
669 4211 827 4282 praecipere
845 4213 913 4268 inssi
930 4217 947 4268 l.
957 4235 1023 4286 pem.
1077 4216 1282 4285 'relegaueratl
1297 4219 1439 4288 legauerat
1450 4220 1485 4284 (u.
1498 4216 1547 4284 t.)i
1600 4215 1662 4284 ⁸et]
1677 4214 1728 4270 ee?

289 4369 462 4425 tremuisse
480 4369 516 4423 F*
537 4372 542 4438 Ι
561 4369 720 4425 iabrorum
739 4370 776 4422 pu
797 4371 801 4438 Ι
823 4369 979 4427 o'a'edere‘i'
1033 4371 1161 4428 rebatur*
1174 4376 1214 4428 ΙΝ
1258 4375 1293 4430 14
1310 4373 1500 4444 reli‘n'quisset
1512 4375 1550 4429 1³²
1595 4373 1727 4429 1500011-

289 4439 379 4494 solent
397 4440 448 4494 F':
471 4441 535 4495 aar&
558 4442 614 4494 ruba
638 4442 830 4511 uepeueaiutoa
849 4441 921 4504 Ῡλῶιι
940 4445 980 4512 τῷ
1033 4445 1143 4514 pantu
1166 4446 1203 4498 Ρ
1259 4448 1292 4501 17
1315 4445 1424 4517 putabit
1447 4447 1483 4499 Ρ
1538 4445 1573 4501 18
1596 4459 1658 4500 eres
1682 4446 1726 4512 F‘,

288 4508 360 4580 irpti
379 4510 406 4564 Β
423 4511 467 4576 (Τι’
486 4516 503 4576 .)
560 4512 700 4566 lmortes
718 4511 754 4566 pn
775 4514 779 4578 Ι
800 4513 880 4583 palea
911 4513 980 4579 Edi,
1033 4515 1087 4570 eris
1108 4517 1144 4568 F·
1197 4518 1233 4571 20
1251 4515 1298 4586 ait]
1323 4517 1361 4572 alt
1379 4517 1415 4570 pr.
1467 4517 1503 4572 22
1526 4516 1726 4588 appellatio'ne'

288 4581 396 4666 paleam
409 4531 547 4647 1²wa
566 4582 692 4667 omhsslt'
722 4583 860 4650 basal‘l
896 4583 982 4638 inuria
1034 4586 1141 4641 simF‘
1176 4587 1212 4641 24
1224 4589 1375 4658 suffragare
1387 4587 1435 4640 ΡΙ·
1463 4587 1498 4642 25
1511 4589 1677 4644 adieetorem
1691 4591 1728 4643 F·

288 4651 326 4705 F¹
342 4652 347 4719 Ι
362 4649 391 4706 rd
408 4655 532 4707 est...b
594 4669 672 4709 uana
689 4673 737 4710 om.
750 4655 788 4708 Ρ
842 4652 980 4725 tiberedi]
1034 4657 1070 4711 28
1096 4655 1245 4712 sinautem
1272 4659 1298 4712 F
1319 4660 1394 4712 lodie
1461 4659 1497 4712 30
1522 4659 1664 4729 reseripsit
1690 4659 1728 4714 Ρ

289 4723 305 4775 t
317 4741 384 4794 pem.
403 4729 427 4776 et
440 4721 532 4788 WQO,
569 4724 650 4780 erede
670 4725 795 4784 melis
806 4725 810 4792 Ι
825 4723 906 4794 per‘e'
919 4725 979 4794 F‘!
1034 4727 1069 4782 32
1087 4727 1192 4782 osidius
1211 4729 1236 4780 F
1283 4730 1319 4784 33
1337 4727 1508 4797 relegaberat
1524 4731 1567 4795 Ρ,
1585 4731 1728 4799 legauerat

288 4791 527 4862 pra⁴eeeptionem
551 4795 589 4846 Ρ)
641 4798 767 4861 effundo
786 4794 862 4851 'mee'
880 4795 981 4850 iuliano
1040 4795 1239 4864 WDEQIOK:
1272 4799 1431 4863 sasantinae
1458 4798 1530 4868 ιῨιῷ
1562 4800 1587 4855 Β
1615 4801 1727 4872 (Pipae.)

289 4876 350 4918 meo
368 4863 405 4915 Ρ*
427 4865 432 4932 Ι
452 4863 520 4919 inssi
542 4863 576 4918 'in
599 4864 683 4931 fundo
705 4888 769 4939 meo
795 4865 903 4924 iuliano'
928 4867 981 4921 olo·
1034 4869 1069 4922 liti
1082 4875 1171 4938 quiae
1185 4870 1222 4922 Fi
1237 4871 1241 4934 Ι
1257 4868 1466 4939 paterfamiliae
1477 4871 1513 4924 ΡΙ
1530 4872 1535 4938 l
1550 4869 1678 4926 frementi
1690 4872 1726 4924 Ρ

288 4931 362 4987 dium
381 4933 419 4986 Ρ*
462 4935 591 4990 amun
609 4939 647 4993 ps
661 4948 667 5018 Ι
682 4951 788 5022 debera
807 4939 844 4996 Ρ
889 4937 923 4992 10
940 4951 981 4992 re·
1034 4939 1069 4994 37
1094 4939 1164 5010 ipsa]
1187 4939 1240 5010 ipsi
1262 4942 1299 4994 F·
1356 4941 1392 4996 38
1420 4945 1449 4995 et
1474 4941 1558 5010 apud]
1586 4941 1661 5013 apud
1688 4942 1728 4996 Ρ

287 5001 510 5073 linqueba‘n'tF2
553 5007 585 5061 ll
603 5009 746 5103 ¹⁰8⁸th
759 5016 800 5082 F!
847 5010 882 5064 12
899 5023 981 5077 quae·
1034 5010 1071 5064 40
1089 5011 1229 5065 sentient
1248 5012 1284 5064 Ρ
