3644 5460
107 255 316 305 remeamus
368 179 371 198 Ι
568 191 571 198 .
694 183 781 312 557
859 193 861 202 v
1107 317 1109 322 ,
1158 237 1456 306 ‘illimes-e

124 393 296 450 commodum
314 394 426 464 (quippe
444 408 506 448 cum
525 393 614 450 secuti
631 397 695 450 sunt
711 407 811 449 nomeu
830 392 964 461 heredisl¹
983 408 1034 450 noc
1052 398 1169 466 possunt
1185 396 1244 452 iam
1259 413 1290 452 ae
1308 396 1344 453 ab
1362 412 1395 453 eo
1414 413 1455 453 se·

107 499 131 554 e,
148 483 196 553 qui
213 481 417 554 quodammodo
435 497 497 540 eum
516 482 666 552 elegerunt.
694 481 744 538 sed
762 487 790 538 et
808 483 831 538 ai
849 498 947 538 usuras
965 482 1001 539 ab
1020 499 1053 540 eo
1071 499 1105 540 ea
1122 489 1214 540 mente
1232 487 1311 556 quasi
1328 501 1390 542 eum
1409 488 1456 542 eli·

107 587 116 627 r
138 576 303 643 exegerunt,
326 571 399 628 idem
423 572 475 628 erit
497 569 677 642 probandum.
713 571 782 626 Item
806 572 960 642 quaeritur,
985 573 1009 628 si
1026 572 1095 629 satis
1113 580 1278 644 acceperunt
1295 573 1331 632 ab
1349 591 1397 646 eo,
1421 591 1456 631 an

107 667 171 718 rent
187 661 396 732 separationem.
424 667 453 716 et
470 675 525 716 non
543 664 624 731 puto:
643 659 687 715 'bi
700 660 771 716 enim
784 662 873 716 secuti
884 666 949 716 aunt
961 676 1032 716 eum.
1060 659 1130 717 forte
1142 677 1221 732 quem
1236 663 1371 720 monebit:
1390 663 1456 734 quid

124 750 148 805 si
165 751 232 806 satis
250 751 323 806 uon⁸
341 737 469 806 idoneum
488 749 672 820 acceperunt?
699 753 728 804 ct
745 749 797 805 sibi
815 749 959 822 imputent,
979 765 1028 806 cur
1045 750 1133 806 minua
1150 750 1264 808 idoneos
1282 751 1456 809 fideiussores
1474 763 1487 804 ι

107 837 204 895 iebant
239 840 386 896 Praeterea
407 839 549 896 sciendum
571 843 626 909 est,
652 843 831 910 posteaquam
857 839 931 895 bona
952 838 1116 894 hereditaria
1138 838 1217 896 bonis
1239 839 1347 898 heredis
1371 843 1457 898 mixta

120 943 175 984 uon
192 943 275 998 possa
293 929 433 1000 impetrari
451 929 666 999 separationem:
685 925 806 984 confusis
824 928 896 984 enim
915 927 995 984 bonis
1013 933 1042 984 et
1059 929 1143 984 unitis
1161 930 1455 1001 separatioimpetrari

107 1017 205 1074 ›otcrit
232 1017 299 1088 quid
317 1033 384 1089 ergo
402 1019 429 1074 si
443 1017 556 1089 praedia
573 1020 670 1074 extent
686 1017 731 1072 uel
749 1018 886 1088 mancipia
902 1017 947 1072 uel
964 1031 1073 1088 pecora,
1092 1017 1137 1072 uel
1155 1017 1229 1073 alud
1248 1018 1321 1089 qnod
1335 1020 1456 1089 separari

107 1106 135 1161 tl
161 1105 205 1161 bic
223 1107 318 1176 utique
335 1107 437 1177 poterit
454 1107 593 1177 impetrari
610 1106 747 1176 separatio
765 1121 816 1162 nec
834 1105 964 1162 serendus
982 1111 1038 1176 est,
1056 1107 1103 1176 qui
1121 1112 1250 1163 causatur
1267 1107 1340 1163 bona
1357 1109 1455 1164 contri·
1474 1118 1488 1160 a

124 1209 186 1250 cum
204 1195 317 1266 praedia
334 1195 470 1252 contribui
487 1211 542 1252 non
559 1196 680 1268 possint,
699 1194 709 1266 i
729 1195 799 1251 nisi⁴
816 1196 857 1251 ita
874 1196 1035 1252 coniunctae
1053 1195 1240 1266 possessiones
1258 1201 1287 1251 et
1304 1197 1456 1266 permixtae
1473 1203 1489 1250 t.
1500 1205 1546 1251 als

107 1284 154 1354 iis,
173 1289 205 1340 ut
221 1283 418 1356 impossibilem
436 1285 635 1356 separationem
654 1283 807 1340 effecerint:
830 1284 904 1356 quod
922 1284 1032 1354 quidem
1050 1299 1161 1354 perraro
1179 1285 1337 1355 contingere
1354 1290 1455 1356 potest.

122 1373 222 1452 dicitur
238 1377 303 1444 post
319 1374 435 1430 multum
453 1374 585 1444 temporis
603 1373 802 1444 separationem
816 1373 956 1445 impetrari
967 1389 1023 1429 non
1034 1387 1124 1444 posse,
1143 1373 1183 1428 lta
1195 1375 1246 1429 erit
1258 1373 1455 1446 accipiendum,

107 1469 151 1520 tra
171 1463 385 1534 quinquennium
409 1469 473 1534 post
494 1462 643 1520 aditionem
669 1455 867 1518 numerandum
895 1462 1034 1533 separatio
1061 1476 1116 1518 non
1142 1463 1304 1532 postuletur.
1344 1463 1387 1519 De
1412 1462 1456 1522 bis

107 1550 275 1620 nomnibus,
297 1567 333 1608 au
355 1551 526 1608 admittenda
547 1551 684 1623 separatio
707 1551 744 1607 sit
767 1566 819 1608 nec
842 1565 892 1621 ne,
915 1549 1049 1621 prastmis
1075 1552 1127 1606 erit
1148 1552 1193 1608 uel
1215 1552 1349 1622 praesidis
1371 1553 1456 1624 notio,

107 1657 125 1697 u
143 1641 268 1712 alterius,
290 1640 343 1697 bcc
360 1643 404 1697 est
421 1641 495 1712 eius,
518 1641 567 1710 qui
584 1640 784 1712 separationem
802 1639 956 1696 indulturus
974 1645 1025 1695 est.
1062 1638 1092 1696 st
1109 1640 1171 1710 quis
1187 1640 1288 1710 pignus
1306 1641 1341 1697 ab
1359 1641 1456 1698 heroda
1475 1651 1503 1692 ιι

107 1730 176 1800 terit,
195 1744 249 1786 non
267 1734 311 1786 eat
328 1730 354 1786 ei
372 1729 548 1788 concedenda
565 1730 722 1801 separatio,
734 1729 814 1800 quasi
831 1745 894 1786 eum
912 1732 1024 1784 secutm
1042 1727 1108 1782 ait‘r
1129 1743 1219 1798 neque
1236 1729 1309 1786 enlm
1326 1729 1456 1787 ferendus

107 1819 143 1890 qni
160 1819 401 1890 qualiterqualiter,
423 1819 547 1890 eligentis
564 1822 658 1875 tamen
676 1823 776 1889 monte,
793 1817 902 1874 heredis
919 1830 1064 1887 personam
1083 1820 1195 1872 secunus
1213 1823 1263 1874 cat
1296 1818 1455 1886 Quaesitum

107 1905 208 1966 iiorts
226 1908 282 1964 sint
298 1909 391 1979 plures
408 1908 570 1978 creditores,
588 1906 699 1979 qnidam
718 1907 807 1963 secuti
825 1905 966 1976 heredem,
985 1903 1096 1976 quidam
1114 1908 1287 1979 consecuti,
1307 1914 1336 1964 et
1353 1908 1389 1977 bi,
1407 1909 1455 1980 qui

107 1999 154 2052 lem
172 1997 260 2054 ιιιιιιί
277 2011 332 2054 non
349 2001 426 2068 sunt,
444 1997 651 2066 impetrauerint
666 1997 879 2068 separationem,
898 2011 934 2051 an
951 2009 1000 2050 eos
1018 2009 1111 2050 secum
1130 1993 1284 2066 admittant,
1302 1997 1349 2066 qul
1367 1998 1456 2054 secuti

125 2091 154 2142 ct
169 2091 264 2157 putem
281 2085 406 2142 nihileis
423 2086 569 2156 prodesse:
592 2085 642 2142 bos
660 2087 732 2142 enim
751 2100 813 2141 enm
831 2083 1012 2140 creditoribus
1030 2082 1138 2139 heredis
1156 2085 1357 2141 numerandos..
1383 2087 1454 2142 Item
1472 2099 1501 2139 ao

107 2175 166 2232 lum
184 2179 227 2232 ιιι
243 2175 329 2245 uulgo
346 2175 455 2244 placere
473 2175 622 2232 creditores
639 2175 750 2246 quidem
768 2174 890 2245 heredis,
913 2173 938 2229 si
955 2173 1021 2244 quid
1038 2169 1204 2244 saperiuerit
1220 2188 1255 2229 er
1273 2173 1352 2231 bonis
1371 2181 1453 2232 testa-

128 2279 210 2335 posse
233 2262 334 2320 babere
351 2263 380 2319 in
398 2278 477 2319 suum
496 2262 632 2335 debitum,
656 2264 806 2320 creditores
828 2279 894 2319 nero
918 2261 1058 2319 testatoris
1081 2277 1116 2317 er
1137 2260 1217 2318 bonis
1234 2261 1342 2320 heredis
1360 2263 1453 2321 nihil⁸.

121 2354 161 2410 rei
179 2353 249 2410 ratio
267 2352 313 2408 illa
329 2356 386 2422 est,
400 2352 478 2423 quod
496 2352 543 2423 qui
561 2353 719 2424 impetrauit
735 2352 950 2424 separationem,
968 2350 1020 2406 arbi
1038 2350 1121 2407 debet
1138 2351 1274 2422 imputare
1292 2369 1369 2409 suam
1388 2353 1454 2410 laci·

107 2459 140 2513 n,
157 2443 189 2514 si,
207 2457 270 2498 oum
289 2445 382 2498 assent
399 2439 472 2498 bona
488 2441 588 2498 idonea
605 2441 721 2512 heredis,
739 2442 777 2497 illi
795 2442 956 2498 maluerint⁷
967 2439 1041 2497 bona
1055 2441 1148 2511 potius
1166 2440 1288 2498 defuncti
1305 2441 1358 2498 sibi
1375 2457 1453 2514 sapa·

107 2531 214 2588 haedis
231 2535 324 2587 autem
342 2529 523 2587 creditoribus
540 2531 593 2588 boc
610 2532 739 2604 imputari
757 2545 811 2588 non
829 2531 926 2602 possit.
953 2533 983 2585 at
999 2529 1023 2585 ai
1040 2529 1189 2586 creditores
1207 2528 1330 2587 deiuncti
1346 2530 1453 2588 deside·
1473 2543 1501 2585 ιι
1602 2545 1607 2550 ·

123 2625 155 2677 ut
171 2620 255 2676 ctiam
272 2621 301 2676 in
317 2619 398 2677 bouis
415 2620 524 2677 heredis
541 2619 757 2691 substituantur,
780 2635 836 2676 non
858 2623 923 2674 sunt
940 2617 1080 2674 audiendi:
1105 2620 1242 2690 separatio
1260 2621 1346 2692 eninr,
1370 2636 1453 2692 quam

107 2710 241 2782 admunt,
260 2723 309 2767 eos
326 2709 362 2766 ab
379 2710 441 2766 istis
458 2709 539 2766 bonis
556 2711 704 2780 separauit
731 2711 755 2765 si
772 2713 864 2765 umen
882 2715 983 2764 tammo
1000 2710 1200 2778 separationem
1212 2710 1350 2780 petierunt
1367 2709 1454 2765 credi·

117 2797 253 2870 defuncti,
275 2800 421 2871 impetrare
444 2799 553 2855 ueniam
575 2804 705 2869 possunt,
728 2799 879 2854 iustissima
901 2797 1005 2854 scilicet
1025 2798 1196 2868 ignorantiae
1219 2813 1304 2854 causa
1326 2799 1453 2869 allegata

111 2887 253 2945 amandum
271 2892 315 2944 est
332 2888 516 2944 necesarium
534 2887 662 2944 heredem
679 2902 791 2944 seruum
813 2902 876 2942 cum
893 2885 1018 2944 libertate
1036 2887 1191 2944 institutum
1208 2888 1354 2958 imperare
1371 2901 1454 2958 posse

107 2977 240 3048 ationem,
262 2977 368 3034 scilicet
385 2982 429 3049 ut,
452 2977 476 3033 si
499 2991 554 3034 nou
577 2977 699 3048 attigerit
721 2975 794 3032 bona
811 2977 932 3046 patroni,
956 2976 984 3032 in
1002 2991 1036 3032 ea
1054 2991 1139 3033 causa
1155 2977 1205 3049 sit,
1228 2981 1260 3033 ut
1277 2977 1303 3033 ei
1321 2975 1454 3048 quidquid
1473 2988 1501 3030 so

107 3082 123 3124 a
140 3066 301 3138 adquisierit
318 3071 472 3137 separetur:
491 3066 542 3122 scd
559 3070 589 3122 ιι
605 3067 630 3122 si
647 3065 714 3136 quid
732 3066 757 3121 ei
775 3081 793 3121 a
810 3070 941 3122 testatore
958 3064 1083 3122 debetur.

107 3145 258 3213 musanus
280 3155 350 3212 libro
372 3156 523 3212 uicensimo
545 3156 641 3226 quinto
663 3155 862 3226 quaestionum.
898 3154 943 3211 Ab
966 3153 1066 3211 herede
1089 3153 1201 3210 uendita
1221 3153 1297 3210 irere-
1315 3149 1454 3238 Q
1471 3162 1500 3216 Ρ.

107 3263 111 3298 l
128 3245 266 3316 separatio
282 3242 383 3318 basma
400 3243 613 3315 desiderabitur,
635 3243 729 3314 utique
752 3244 775 3299 si
794 3244 867 3299 nulla
884 3241 988 3300 fraudis
1005 3243 1126 3300 incurrat
1143 3243 1277 3315 suspicio:
1300 3259 1363 3300 nam
1381 3257 1453 3314 quaa
1473 3293 1478 3302 s

113 3331 168 3390 fide
186 3333 276 3390 medic
294 3338 417 3405 tempore
434 3348 484 3406 per
500 3331 628 3389 heredem
646 3337 726 3404 gesta
743 3338 816 3402 sunt,
834 3337 895 3389 rata
912 3334 1069 3390 conseruari
1086 3333 1184 3390 solent.
1472 3345 1501 3386 ιι

107 3437 155 3478 »ιιι
171 3421 242 3480 lrbro
259 3423 409 3479 uicensimo
427 3423 545 3494 septimo
563 3421 763 3494 quaestionum.
801 3420 915 3478 Debitor
932 3421 1085 3479 fideiussori
1108 3421 1187 3478 berea
1205 3421 1297 3478 extitit
1314 3415 1453 3505 [ffl
1472 3429 1498 3482 Ρ

107 3527 138 3568 uo
155 3510 230 3568 bona
245 3512 400 3568 uenierunt:
419 3512 545 3583 quamuis
563 3510 694 3581 obligatio
713 3509 896 3567 fideiussionis
914 3512 1034 3568 extincta
1052 3513 1096 3582 sit,
1115 3511 1197 3567 nihilo
1210 3511 1300 3566 miuus
1317 3511 1453 3582 separatio

107 3599 214 3658 rabitur
229 3603 341 3672 petente
359 3615 402 3671 eo,
419 3602 464 3657 cui
481 3599 626 3657 fideiussor
643 3599 734 3656 iuerat
750 3599 896 3671 obligatus,
915 3601 974 3657 siue
992 3602 1067 3657 solus
1084 3601 1122 3658 sit
1139 3600 1317 3656 hereditarius
1335 3600 1454 3656 creditor

107 3691 201 3760 plures.
228 3690 407 3760 nequeenim
425 3691 495 3746 ratio
513 3690 594 3761 iuris,
613 3709 678 3762 quor
695 3705 806 3746 causam
825 3687 1008 3746 fideiussionis
1025 3695 1137 3760 propter
1154 3689 1331 3760 principalem
1349 3687 1453 3758 obliga·

107 3795 139 3850 n,
163 3793 235 3850 quae
252 3779 339 3835 maior
355 3777 421 3850 luit,
439 3780 570 3850 exclusit,
593 3779 693 3835 damno
716 3777 799 3834 debet
822 3777 941 3835 adficere
963 3779 1139 3849 creditorem,
1163 3779 1209 3849 qui
1233 3777 1286 3834 sibl
1309 3777 1454 3848 diligenter

107 3873 211 3925 exerat
247 3867 318 3935 Quid
336 3883 416 3939 ergo,
440 3869 464 3924 si
487 3867 567 3925 bonis
589 3867 756 3924 fideiussoris
779 3868 912 3938 separatis
936 3867 1053 3926 solidum
1076 3883 1111 3924 ex
1134 3867 1286 3924 hereditate
1309 3867 1453 3938 stipulator
1470 3879 1500 3919 ao

107 3957 227 4028 quinon
243 3957 352 4028 possit?
374 3961 465 4013 utrum
488 3957 578 4030 portio
602 3973 664 4014 cum
682 3956 782 4014 ceteris
799 3956 908 4013 heredia
925 3955 1106 4014 creditoribus
1131 3957 1156 4012 ei
1174 3955 1331 4028 quaerenda
1348 3956 1400 4011 erit
1417 3971 1452 4010 an

107 4050 168 4102 ntus
191 4059 254 4102 ease
277 4043 389 4102 debebit
411 4043 504 4118 bonb,
528 4061 601 4116 quae
624 4045 745 4117 separari
768 4047 883 4102 maluit?
909 4045 959 4103 aed
982 4062 1045 4104 cum
1068 4046 1212 4117 stipulator
1233 4045 1287 4102 iate
1303 4060 1359 4102 nen
1377 4043 1453 4100 adita

107 4134 193 4191 sacris
210 4150 228 4192 a
244 4150 292 4193 reo
309 4133 461 4194 hereditate
481 4133 561 4193 bunis
577 4134 747 4193 fideiussoris
767 4135 887 4193 uenditis
908 4137 937 4192 ln
954 4135 1093 4194 residuum
1110 4137 1176 4208 pro⁸
1194 4135 1303 4192 mbeerl
1320 4133 1452 4192 debitoris

107 4399 154 4454 ppo
172 4399 235 4440 cum
253 4385 341 4440 secuti
358 4387 539 4448 suntncmen
557 4357 665 4442 bmedis
683 4387 730 4442 del.
806 4386 865 4443 ’et
882 4395 951 4444 ιιι.Ι
998 4387 1020 4430 -⁸
1037 4401 1092 4442 non
1109 4386 1178 4443 satis
1195 4385 1293 4455 (eccli
1368 4385 1453 4440 ‘sint

107 4457 168 4522 ud)
242 4457 254 4493 ⁸
290 4456 351 4512 uari
368 4471 432 4512 eum
449 4459 561 4512 secutum
579 4457 616 4513 sit
633 4458 680 4514 dol
756 4458 935 4516 ‘meditores
1010 4457 1076 4514 nihil
1094 4459 1140 4514 del.
1216 4457 1290 4513 'ille
1308 4456 1452 4512 maluerit?

107 4526 179 4582 tione
197 4529 273 4596 ιιι(
301 4528 394 4584 melis
413 4527 474 4583 cac
491 4529 577 4600 pald)

107 4667 168 4737 nen]
186 4683 285 4724 nouom
298 4669 334 4723 F¹
351 4668 356 4734 Ι
371 4669 566 4739 separaue⁴i⁸⁵
619 4672 712 4726 lenm
764 4669 944 4742 separabitl⁷
959 4672 964 4738 Ι
979 4667 1452 4742 wmero]npcuerch,emere't’F¹

107 4755 109 4762 ¹
145 4745 218 4795 ‘runt
235 4740 271 4794 Ρ
314 4740 540 4810 denegarint?
583 4740 711 4797 bsatis'i'
764 4742 934 4812 lditomlita
944 4743 979 4796 F¹
1009 4743 1289 4814 disspararetnrl'
1318 4743 1452 4811 ddqulac

158 4809 255 4879 laihi*
276 4811 313 4864 Ρ
331 4811 336 4878 Ι
357 4811 457 4883 minus]
479 4813 566 4868 minor
589 4813 634 4879 F!
654 4813 712 4868 ido·
764 4815 803 4867 F’
837 4811 1033 4870 ilbfideiusaeri
1045 4815 1079 4866 F¹
1115 4813 1151 4870 36
1159 4811 1276 4868 nibilb'o
1286 4813 1323 4867 Ρ
1358 4813 1452 4867 blim-

110 4881 149 4934 F·
206 4881 459 4938 chemdtariort
519 4883 553 4939 12
575 4887 657 4971 post*
675 4885 712 4937 F*
763 4885 973 4956 patrauiturF¹
1034 4883 1457 4956 aequeo1xr1a00,eur

107 4951 252 5010 crededeF
290 4954 323 5008 ll
336 4953 576 5026 qualiterqualiter
592 4956 630 5008 Ρ
644 4957 650 5024 Ι
665 4955 711 5010 eli·
763 4957 799 5012 39
817 4956 935 5014 exclusis
953 4956 990 5010 Ρ

107 5023 165 5081 ali
216 5024 424 5094 tbailsicli'
483 5025 710 5098 ll'b'latisF’l
