3616 5468
62 125 142 173 ιιι
157 127 258 174 unmr.
276 127 344 174 unu
362 126 505 175 rususr.
522 126 598 176 uuo.
784 103 869 185 165
1167 108 1317 178 XXXIIII
1338 103 1359 178 3
1381 119 1415 175 31
1435 147 1469 160 ·-
1487 115 1509 180 4
1527 121 1545 177 ι

54 263 183 320 uerba
201 263 238 319 sd
257 265 437 335 praeteritum
455 266 543 321 relata
560 265 701 336 ‘quidquid
719 266 786 323 mihi
804 265 916 322 debuit'.
944 267 1097 338 respondit:
1115 267 1192 338 prius
1211 268 1322 338 quidem
1341 269 1493 326 secundum
1511 287 1546 329 ea

49 368 167 424 quaa
185 359 407 424 proponerentur
424 360 498 410 reete
516 370 678 424 responsum
697 359 763 425 est1,
788 370 884 411 uerum
901 355 1056 424 pertesus·
1073 361 1185 426 propter
1203 372 1249 426 ea,
1273 373 1344 427 quae
1368 359 1397 412 iu
1420 363 1545 429 tempore

47 443 275 512 adderentur,
293 444 334 498 ita
351 442 387 498 ab
404 442 496 498 iudice
514 444 726 514 aestimandum,
744 448 776 498 ut
787 445 942 514 inspiceret,
961 442 1099 500 obliuione
1117 445 1251 515 pecuniae
1269 446 1385 516 solutae,
1404 452 1453 502 ant
1470 449 1544 518 quod

43 545 120 588 ει
141 532 241 586 inscio
258 536 403 586 numerata
420 535 508 600 esset,
533 530 561 586 id
580 530 704 601 fecisset,
729 548 765 588 an
789 533 927 602 consulto,
952 531 1026 600 quod
1050 534 1233 603 quantitatem
1256 533 1395 602 quondam
1413 535 1577 608 debitam,s

42 635 144 675 non
167 621 216 676 ius
235 619 404 676 liberationis
422 619 488 675 dare
506 621 648 675 uoluisset.
684 621 760 676 luter
778 625 869 677 cetera
886 620 993 676 hberto'
1007 621 1046 675 ita
1068 621 1186 691 legauit:
1205 618 1241 676 'et
1258 621 1283 676 si
1302 620 1312 692 l
1331 623 1398 692 quid
1416 639 1460 680 me
1479 626 1544 682 uiuo
1562 631 1620 678 ιιι

44 707 205 778 'gessit
231 709 352 764 rationes
370 708 406 764 ab
424 723 458 764 eo
476 709 550 779 erigi
568 707 650 764 ueto’.
678 710 831 780 quaeritur,
855 725 891 765 aa
914 708 1036 778 chartas,
1061 709 1089 764 in
1112 706 1211 778 quibus
1233 709 1354 765 rationes
1372 713 1544 782 conscriptae

43 801 172 867 sunt,
192 798 263 852 item
282 799 401 868 reliquas
419 798 571 854 secundum
591 801 706 867 accepta
727 802 756 852 et
777 813 898 868 expensa
915 795 1063 852 heredibus
1080 795 1196 852 reddere
1214 795 1323 853 debeat.
1350 800 1493 869 respondit
1510 816 1545 857 ea

41 887 117 942 de
138 885 255 956 quihus
272 891 449 955 quaereretur
465 901 548 957 posse
565 885 694 942 heredem
713 885 866 955 uindicare,
891 885 919 940 id
938 890 1043 955 ιιιιιιιι,
1062 885 1137 955 quod
1156 886 1310 957 conseruis,
1334 887 1381 956 qui
1401 893 1544 945 remanent

41 974 107 1030 im
140 973 319 1044 hereditate,
347 975 493 1031 crediderit
515 981 545 1030 et
567 975 595 1030 iu
620 989 677 1030 rem
702 973 805 1030 domini
829 989 939 1030 uersum
964 979 1052 1044 esset,
1080 973 1186 1029 desisse
1209 975 1240 1029 iu-
1261 975 1372 1043 reliquis
1395 989 1466 1032 esse.
1490 965 1542 1051 [iffi

43 1064 175 1133 Ίιιιι,
196 1077 273 1133 quae
291 1063 361 1119 duos
379 1069 485 1119 tutores
503 1063 645 1134 habuerat,
664 1065 703 1118 ita
718 1063 806 1118 cauit:
818 1063 967 1118 ·'rationem
978 1062 1082 1118 tutelae
1101 1058 1543 1148 Q
1562 1077 1591 1116 ro

41 1152 189 1221 'neae
209 1165 297 1221 quam
315 1151 374 1222 egit
391 1151 503 1208 Publius
521 1153 647 1208 hlaeuius
665 1167 728 1207 oum
746 1152 832 1206 Lucio
850 1151 932 1222 litio,
951 1152 1059 1221 reposci
1078 1150 1113 1207 ab
1132 1167 1165 1206 eo
1184 1152 1267 1208 nolo':
1290 1153 1437 1223 quaeritur,
1456 1171 1500 1222 an,
1519 1155 1543 1210 si

40 1257 138 1312 qna
159 1241 292 1310 pecunia
308 1239 383 1310 apud
400 1257 463 1297 eum
482 1257 517 1297 er
536 1241 623 1296 tutela
641 1239 780 1311 remansit,
798 1241 856 1310 peti
875 1238 962 1295 abeo
981 1240 1077 1310 possit.
1105 1240 1248 1310 respondit
1265 1240 1332 1296 nihil
1349 1242 1477 1312 proponi,
1497 1261 1544 1297 cre

37 1331 228 1402 pecunia,
250 1344 321 1400 quae
338 1330 457 1399 pupillae
476 1334 551 1385 esset
568 1333 597 1385 et
615 1329 690 1400 apud
707 1333 825 1384 tutorem
843 1333 1009 1398 remaneret,
1034 1329 1127 1398 legate
1147 1328 1295 1384 uideretur.
1332 1329 1402 1385 Item
1421 1326 1542 1413 [ffers—u.)

37 1419 253 1491 quaeritur,
277 1433 313 1473 an
336 1423 464 1473 contutcr
481 1418 612 1474 liberatus
630 1417 778 1472 uideretur.
806 1416 947 1487 respoudit
970 1421 1142 1473 contutorcm
1161 1432 1215 1472 non
1232 1416 1350 1472 liberari.
1382 1405 1542 1476 ‘Gaio-Seio

38 1508 203 1580 'optime
230 1507 330 1562 merito
352 1505 404 1562 hoc
427 1508 544 1576 amplius
568 1507 630 1576 lego
654 1505 822 1576 concedique
847 1506 909 1562 uolo
934 1520 1023 1575 neque
1047 1505 1082 1560 ab
1115 1516 1195 1564 sarr.
1213 1517 1264 1576 big.
1282 1519 1297 1563 1.
1311 1517 1361 1564 xil
1374 1519 1428 1566 ιιι
1441 1518 1453 1577 ι
1467 1521 1481 1567 ι
1494 1519 1543 1566 ht
1563 1519 1590 1558 ¹⁵

38 1597 116 1653 'eo
138 1596 209 1668 peti
231 1609 322 1664 neque
341 1593 376 1649 ab
399 1593 546 1650 heredibus
570 1597 644 1665 eius,
669 1594 802 1664 quidquid
825 1593 891 1648 mihi
915 1599 963 1649 aut
987 1593 1175 1665 chirographis
1199 1599 1248 1650 aut
1265 1595 1415 1652 mtionibus
1435 1596 1543 1652 debitor

38 1687 127 1742 'est
150 1684 206 1738 uel
226 1682 363 1753 quidquid
382 1699 399 1736 a
416 1698 460 1737 me
478 1687 603 1738 mutuum
628 1685 735 1756 accepit
752 1683 797 1739 uel
814 1681 897 1738 fidem
916 1697 1004 1738 meam
1024 1699 1074 1752 pro
1093 1697 1126 1738 ιο
1144 1681 1282 1753 obligaui'.
1311 1698 1426 1754 quaero,
1450 1689 1541 1740 utrum

32 1774 98 1831 id
120 1772 242 1840 solum,
261 1771 335 1840 quod
353 1787 386 1827 ec
405 1776 537 1842 tempore,
556 1787 610 1842 quo
628 1776 825 1828 testamentum
843 1770 940 1841 debat,
959 1770 1120 1840 debebatur,
1139 1772 1260 1841 legatum
1279 1771 1316 1826 sit
1334 1787 1369 1827 au
1387 1777 1416 1828 ιι
1433 1773 1457 1827 ιι
1474 1772 1542 1842 quid

32 1880 107 1921 ex
129 1877 175 1917 ea
196 1875 312 1915 summa
329 1875 474 1916 usurarum
493 1861 602 1917 nomine
621 1866 719 1931 postca
737 1860 855 1918 accessit
872 1861 964 1930 legato
983 1855 1072 1916 cedat.
1100 1859 1242 1930 respondit
1254 1861 1405 1916 secundum
1418 1875 1453 1915 en
1469 1876 1541 1931 quae

29 1954 315 2028 proponerentur
337 1948 425 2003 uideri
448 1963 557 2004 omnem
582 1948 777 2018 obligationem
801 1948 865 2004 Seio
888 1949 948 2004 eius
970 1948 1057 2004 debiti
1077 1963 1127 2019 per
1144 1947 1385 2004 fideicommissum
1404 1948 1475 2004 solui
1492 1964 1540 2005 uo·
1560 1958 1589 1998 ιο

30 2041 181 2102 luisse.
215 2038 290 2094 Item
309 2038 457 2107 quaeritur,
477 2038 500 2092 si
517 2043 615 2107 postea
633 2039 782 2093 nouatione
800 2035 875 2092 laeta
895 2041 924 2092 et
941 2037 1072 2106 ampliata
1089 2053 1198 2093 summa
1215 2037 1337 2107 coeperit
1353 2037 1400 2092 de·
1419 2033 1540 2121 Q

33 2135 156 2198 bere,
173 2143 221 2182 -an
241 2125 280 2196 id,
299 2127 373 2196 quod
391 2141 426 2181 er
445 2131 538 2182 uetere
556 2130 699 2182 ιιιιιιιιιιι
717 2125 878 2196 debebatur,
898 2125 981 2181 nihilo
1000 2126 1090 2180 minus
1108 2125 1136 2180 iu
1155 2139 1239 2180 causa
1255 2126 1340 2195 legati
1352 2125 1434 2181 duret
1445 2127 1491 2182 et⁸
1504 2143 1540 2182 an

39 2231 148 2281 nero
171 2215 329 2271 uenatione
347 2213 422 2270 lacta
439 2215 518 2284 quasi
536 2229 625 2270 nouus
644 2213 751 2270 debitor
770 2215 917 2285 ampliatae
936 2228 1059 2269 summae
1073 2213 1161 2284 possit
1176 2214 1324 2270 conueniri.
1351 2215 1493 2284 respondit
1510 2215 1539 2270 id

42 2309 240 2368 dumtaxat
257 2305 379 2374 legatum
398 2303 486 2359 uideri
504 2303 578 2374 quod
596 2308 663 2358 tunc
681 2301 837 2372 debuisset,
861 2303 885 2357 si
909 2306 1002 2359 tamen
1028 2301 1129 2357 mansit
1151 2301 1179 2356 in
1202 2317 1237 2357 ea
1254 2303 1396 2359 uoluntate
1413 2307 1538 2374 testator,

45 2408 157 2470 qnae
177 2397 251 2448 tuno
268 2391 375 2448 fuisset
1388 2397 1390 2400 ’
1556 2400 1586 2441 ¹⁵

128 2693 169 2769 R
213 2689 279 2767 DE
313 2689 572 2766 ADIMENDIS
607 2687 698 2764 UEL
734 2553 1124 2764 TlglllllSFERENDIS
1159 2685 1361 2767 LEGATIS
1395 2687 1487 2764 UEL
1554 2694 1656 2752 sura

591 2811 966 2889 FlDElCOMMISSIS
1005 2813 1044 2890 u

36 2991 59 3046 ι
146 2981 267 3036 Paucos
284 2979 355 3034 libro
373 2978 454 3034 tertio
473 2976 509 3034 ad
527 2976 669 3032 Sabinum.
705 2976 758 3044 Qui
776 2981 840 3031 actu
857 2977 950 3046 legato
968 2976 1020 3032 iter
1038 2975 1150 3046 adimat,
1171 2973 1237 3031 uihss
1256 2975 1360 3045 adimit,
1378 2970 1574 3060 QS

83 3069 159 3138 quia
175 3083 326 3138 numquam
344 3073 424 3122 actus
442 3067 502 3121 sine
520 3066 616 3121 itinere
634 3080 696 3120 esse
714 3069 816 3136 potest.
1108 3105 1109 3110 1
1554 3075 1583 3114 so

50 3165 70 3220 ι
149 3159 320 3213 Pouroums
351 3155 421 3211 libro
453 3155 549 3224 quinto
577 3153 613 3209 ad
640 3151 781 3209 Sabinum.
827 3151 923 3208 Fando
949 3153 1044 3223 legato
1071 3152 1155 3208 adimi
1181 3153 1221 3208 ita
1244 3157 1351 3223 potest:
1378 3149 1575 3237 QS

85 3243 216 3300 ἰιιιιιιιιιιι
234 3246 273 3300 rili
289 3249 400 3314 praeter
417 3259 498 3300 nsum
516 3242 635 3300 fructum
653 3257 743 3312 neque
761 3243 798 3299 do
815 3256 905 3311 neque
922 3240 1001 3312 lego',
1026 3245 1057 3296 ut
1079 3257 1145 3298 usus
1165 3240 1272 3298 fruetus
1293 3242 1322 3296 in
1341 3243 1434 3312 legato
1455 3242 1534 3298 reliu-

40 3339 203 3402 anuatur.
238 3333 294 3389 Sed
317 3337 346 3388 et
368 3331 473 3388 fructus
496 3332 580 3387 adimi
603 3335 709 3402 potest,
732 3335 764 3386 ut
786 3331 938 3401 proprietas
962 3330 1138 3400 relinquatur.
1174 3330 1243 3386 Item
1263 3345 1328 3400 pars
1347 3328 1425 3386 fundi
1450 3331 1536 3400 legati

83 3421 182 3476 adimi
196 3427 296 3493 potest
942 3489 944 3492 Ι
1553 3428 1582 3468 ιι

58 3509 70 3565 3
158 3507 299 3566 Uurrsuus
319 3509 389 3566 libro
412 3509 544 3564 uicesimo
567 3513 665 3578 quarto
689 3506 725 3564 ad
744 3505 884 3562 Sabinum.
921 3505 951 3562 Si
972 3507 1033 3576 quis
1052 3506 1091 3561 ite
1107 3505 1255 3576 legauerit:
1276 3506 1355 3562 'Titio
1388 3502 1571 3576 ιῖιῖι-ιιι

80 3591 218 3654 ‘fundum
235 3599 271 3654 do
289 3600 367 3670 lego:
386 3598 409 3653 ιι
427 3598 518 3654 Titius
536 3597 695 3664 decesserit,
714 3595 777 3651 Seio
795 3595 876 3650 heres
893 3609 971 3650 meus
983 3595 1049 3650 dare
1061 3594 1176 3650 damnas
1188 3593 1264 3663 esto,
1283 3600 1357 3650 recte
1369 3597 1531 3652 translatum

74 3678 216 3748 legatum
234 3687 353 3742 uidetur.
380 3686 430 3740 aed
448 3692 477 3740 et
494 3687 518 3740 si
537 3687 591 3740 iam
609 3690 717 3740 mortuo
736 3699 777 3754 eo,
797 3684 842 3738 oui
859 3684 980 3750 legatum
994 3688 1061 3752 erat,
1080 3683 1190 3738 easdem
1203 3697 1247 3737 res
1260 3685 1438 3754 banstulerit,
1455 3684 1533 3740 Sem-

47 3773 194 3830 lemnio
209 3775 349 3830 debetur‘.
376 3773 406 3829 Si
423 3775 485 3844 quis
497 3775 571 3829 Titio
588 3773 724 3843 legauerit
741 3773 793 3828 sic:
813 3772 893 3826 ‘Titio
912 3770 977 3826 dato
996 3776 1052 3840 aut,
1071 3772 1094 3826 ιι
1106 3771 1196 3827 Titius
1213 3775 1277 3825 ante
1290 3771 1439 3836 decesserit
1450 3788 1533 3841 quam

70 3847 233 3930 'moues
257 3862 420 3932 Sempronio
444 3861 545 3932 dato'⁵,
568 3861 719 3918 secundum
738 3875 840 3916 meram
859 3860 1037 3929 suptilitatem
1056 3860 1164 3928 utrique
1182 3857 1332 3930 obligatum
1351 3859 1439 3916 uideri
1456 3861 1533 3917 here·

65 3933 180 4017 delur,
194 3953 220 4006 id
237 3959 280 4008 ιιι
298 3957 327 4006 ιι
345 3950 507 4021 Sempronio
526 3949 665 4006 etheredi
683 3949 760 4005 Titii.
793 3947 843 4004 sed
861 3949 884 4002 si
903 3947 1013 4017 quidem
1032 3963 1109 4004 mora
1125 3947 1198 4004 Titio
1217 3948 1252 4003 ab
1270 3948 1371 4004 herede
1389 3947 1464 4005 lacta
1481 3954 1532 4020 est,
1551 3959 1580 4000 so

60 4023 123 4116 Jd
167 4035 267 4096 burdes
290 4041 351 4096 eius
374 4041 460 4109 legati
484 4040 591 4095 exactio
610 4038 804 4094 transmittitur
821 4035 982 4106 Sempronio
1000 4037 1170 4107 repellendo:
1192 4038 1346 4093 sinautem
1365 4039 1439 4094 nulla
1456 4053 1533 4094 mora

58 4116 287 4198 mercenarie,
306 4135 373 4184 tuno
391 4127 568 4198 Sempronius
586 4129 707 4196 legatum
726 4126 834 4198 accipit,
853 4129 882 4182 ιι
895 4139 948 4180 non
960 4125 1026 4180 Titii
1038 4125 1161 4181 heredes.
1190 4125 1239 4180 sed
1251 4127 1274 4182 si
1287 4131 1350 4182 ante
1363 4126 1435 4182 diem
1448 4128 1533 4196 legati

27 4199 41 4241 ²
56 4202 236 4273 fficiam
254 4218 406 4272 decesserit
417 4217 516 4287 Titius,
535 4217 586 4272 soli
599 4215 759 4286 Sempronio
778 4213 894 4270 debetur
911 4215 1059 4285 legatum⁴.
1090 4213 1166 4270 Idem
1185 4214 1331 4272 dicendum
1350 4221 1393 4272 est
1410 4220 1439 4272 et
1456 4214 1531 4272 fidei·

51 4283 336 4384 ‘'swnroror)

51 4424 58 4456 ¹
96 4451 176 4507 est
190 4459 231 4512 dal.
302 4456 470 4527 ’pestanus
488 4456 535 4510 del.
607 4455 665 4509 'et
683 4456 730 4510 det
784 4453 863 4510 ‘sed
882 4457 911 4509 et
928 4453 1002 4510 ai...
1016 4453 1133 4510 debetur
1151 4457 1323 4512 colorandam
1336 4463 1396 4528 port
1409 4457 1531 4528 legatum

49 4511 84 4544 ⁸·
115 4522 176 4576 ‘23
189 4529 297 4602 (hirspe)
371 4529 429 4582 'et
445 4531 510 4598 post
527 4525 599 4581 (ιιιιιι
617 4526 701 4596 legati
719 4525 862 4582 cedentem
880 4526 970 4582 Titius
988 4525 1138 4581 decesserit
1156 4534 1203 4580 ins.

49 4619 264 4740 {apidibus
277 4656 327 4712 1²²¹
376 4659 466 4713 bdsri
479 4655 528 4712 prr
544 4661 548 4726 Ι
564 4658 707 4727 quid'e'me
719 4659 785 4715 uiuo
839 4659 873 4714 15
885 4657 993 4743 leg'at'o
1004 4657 1040 4712 F*
1077 4659 1110 4714 21
1124 4657 1484 4730 faetaetam‘etam'pliata
1492 4661 1531 4714 F’

52 4757 98 4811 R
183 4731 222 4815 ¹ll
238 4730 296 4800 cur]
317 4729 472 4814 widi?
495 4735 624 4814 comiaco
641 4739 743 4802 pomino
761 4739 785 4784 ιι
838 4731 872 4784 27
891 4730 926 4784 de
945 4729 1090 4786 adrmentis
1108 4732 1160 4786 sud.
1174 4731 1208 4782 F¹
1225 4731 1229 4798 Ι
1249 4732 1295 4786 uel
1313 4729 1531 4787 fideicommissis

80 4829 100 4848 ι
133 4791 231 4868 Ulpi:
247 4799 386 4854 ιιιιιιειτιι
404 4819 521 4872 χριιιιιτι
535 4801 703 4855 saueiusurs
721 4821 738 4855 ιι
839 4820 888 4854 om.
902 4801 953 4853 ind.
967 4801 993 4852 F
1031 4801 1067 4856 30
1084 4801 1272 4871 ιιιιιιιιιιιιιιιῦ1
1321 4803 1356 4857 33
1375 4801 1475 4859 sed...
1489 4817 1530 4858 re·

54 4846 377 4942 ‘Ruriciuuponiq
391 4887 440 4928 cur
450 4887 505 4928 uon
516 4871 663 4938 FDllGK',
676 4821 786 4928 cuma}
838 4871 978 4941 linquatur
995 4873 1035 4928 bis
1052 4871 1089 4924 F¹
