3644 5460
265 264 429 334 XXXXIII
451 266 470 331 8
489 251 571 326 4-7
940 253 1027 336 576
1091 263 1100 276 “
1199 281 1246 328 ue
1268 281 1352 339 oum
1375 281 1412 328 rs
1434 279 1528 329 uoco
1551 217 1695 328 ruenrco

265 421 454 493 proficiscitur,
473 435 508 476 ex
526 436 581 492 qua
599 424 627 476 et
644 419 782 490 superius:
802 421 830 473 et
848 421 954 473 tantum
973 419 1094 488 interest,
1113 417 1187 488 qu‘od
1205 418 1257 475 hoc
1275 419 1481 489 restitutorium,
1500 417 1567 474 iliud
1580 417 1690 488 promiti·

218 521 247 568 37
265 512 365 567 torium
384 515 435 566 est.
471 511 530 565 Hoc
547 508 693 564 interdicto
711 523 766 563 non
784 508 808 563 ie
826 511 947 578 tenetur,
971 508 1019 578 qui
1041 509 1070 563 in
1093 509 1140 563 uie
1161 508 1272 578 publica
1295 507 1397 579 aliquid
1421 507 1500 577 iecit,
1526 507 1576 562 sed
1594 507 1631 576 is,
1649 507 1691 576 qui

265 599 368 656 iactum
386 598 478 654 hebet.
505 597 621 669 proinde
639 598 662 653 si
681 597 750 652 eiius
768 595 847 666 iecit,
873 597 942 652 alius
964 595 1066 652 sectum
1090 596 1187 668 habet,
1210 599 1235 654 is
1257 603 1379 668 tenetur,
1402 597 1450 668 qui
1472 594 1578 652 iactum
1601 595 1691 650 hebet:

217 699 247 746 eo
266 695 295 744 et
311 691 355 744 est
370 687 423 744 hoc
440 687 546 757 utilius,
571 687 636 757 quie
657 687 681 742 is
703 689 796 756 potest
818 685 975 756 restituere,
998 686 1045 756 qui
1070 684 1172 741 iactum
1195 686 1347 743 immissum
1371 685 1463 742 habet.
1499 685 1611 741 Habere
1633 699 1692 740 eum

266 777 391 847 dicimus,
409 777 456 847 qui
473 775 560 832 utitur
577 781 606 831 et
623 776 682 830 iure
699 775 882 845 possessionis
899 773 1005 850 iruitur,
1024 775 1084 830 siue
1101 775 1161 846 ipse
1172 789 1243 846 opus
1254 774 1321 832 iecit
1335 775 1394 831 siue
1406 791 1441 831 cx
1454 789 1540 830 causa
1551 773 1694 845 emptionis
1710 785 1723 826 s

218 876 247 924 ee
266 866 311 923 uel
329 864 517 922 conductionis
535 865 580 920 uel
598 865 690 934 legeto
707 863 752 920 nel
770 863 922 919 hereditate
940 863 984 920 uei
1002 879 1057 934 qno
1076 864 1129 920 eiio
1148 864 1229 920 modo
1247 864 1385 935 adquisiit
1412 863 1492 920 Unde
1504 862 1601 920 Ofilius
1618 867 1695 934 putet

266 971 338 1027 eum,
356 955 403 1026 qui
420 971 470 1026 pro
488 954 618 1010 derelicto
636 951 746 1022 reliquit
763 951 791 1007 id
810 967 879 1023 opus
897 953 970 1023 quod
988 950 1068 1022 iecit,
1087 954 1111 1008 si
1129 953 1202 1009 uiam
1220 952 1358 1024 publicam
1376 954 1498 1024 corrupit
1515 958 1545 1008 et
1563 953 1694 1024 reliquid,

266 1061 320 1102 non
339 1043 426 1100 teneri
444 1043 495 1099 hcc
513 1042 672 1098 interdicto:
696 1056 751 1096 non
775 1042 847 1097 enim
865 1039 950 1097 hebet
966 1041 1041 1111 quod
1059 1040 1132 1098 iecit.
1160 1042 1210 1098 sed
1235 1059 1270 1098 au
1292 1043 1320 1099 in
1338 1057 1400 1099 cum
1419 1043 1491 1098 ectio
1510 1041 1614 1098 debeet
1630 1042 1695 1111 dari,

266 1133 428 1190 uidebimus.
455 1137 484 1188 et
501 1139 568 1203 puto
585 1131 652 1186 utile
669 1127 843 1186 interdictum
862 1135 1032 1200 competere,
1056 1135 1100 1200 ut,
1124 1131 1199 1201 quod
1223 1132 1251 1187 in
1269 1131 1316 1186 uia
1333 1131 1444 1202 publice
1461 1129 1633 1200 aediticeuit,
1656 1146 1695 1186 re

217 1233 248 1280 40
265 1225 371 1280 stituet.
408 1221 437 1278 si
454 1237 489 1278 er
507 1219 592 1277 iundo
610 1224 658 1276 tuo
677 1220 758 1277 erbor
775 1222 803 1277 in
820 1219 891 1276 uiam
908 1218 1044 1290 publicam
1062 1221 1102 1275 sic
1119 1221 1263 1290 ceciderit,
1282 1227 1312 1276 ut
1330 1221 1418 1275 itineri
1437 1220 1473 1276 sit
1489 1219 1695 1290 impedimento,
1714 1233 1776 1273 ru>

266 1326 381 1384 eamque
399 1326 449 1382 pro
467 1309 597 1366 derelicto
615 1308 729 1380 habeas,
755 1325 810 1366 non
827 1309 932 1378 teueri¹
950 1307 1044 1364 Labeo
1062 1308 1169 1366 scribit:
1193 1310 1217 1365 si
1240 1315 1341 1380 umen,
1359 1310 1460 1380 inquit,
1484 1314 1563 1365 sotor
1580 1325 1632 1364 sue
1649 1309 1696 1364 im·

266 1417 353 1472 pense
370 1399 494 1456 arborem
511 1398 607 1454 toliere
625 1404 738 1470 paratus
756 1397 852 1468 tuerit,
875 1401 949 1454 recte
968 1403 1058 1453 tecum
1082 1403 1205 1454 acturum
1228 1398 1375 1456 interdicto
1393 1398 1428 1454 de
1445 1397 1492 1454 uia
1509 1397 1621 1468 publica
1638 1395 1696 1453 refl-

217 1498 247 1544 41
267 1489 371 1546 cienda.
398 1488 448 1544 sed
471 1489 494 1544 si
516 1503 567 1557 pro
591 1487 720 1544 derelicto
743 1502 798 1545 non
821 1487 938 1558 habeas,
961 1491 1035 1543 recte
1060 1491 1151 1543 tecum
1175 1487 1221 1558 egi
1243 1487 1295 1545 hoc
1318 1488 1471 1544 interdicto.
1508 1487 1585 1543 Idem
1605 1485 1695 1544 Lebeo

266 1578 368 1650 scribit,
387 1579 410 1635 si
428 1577 536 1634 uicinus
554 1591 632 1632 meus
650 1579 722 1632 uiem
741 1591 824 1648 opere
842 1577 1006 1648 corruperit,
1024 1577 1151 1646 quemuis
1168 1593 1251 1648 opus,
1270 1577 1343 1648 quod
1362 1577 1435 1647 iecit,
1453 1581 1512 1632 tem
1530 1575 1597 1632 mihi
1615 1591 1694 1647 quem

266 1669 319 1740 ipsi
336 1668 402 1724 utile
420 1667 469 1738 sit,
492 1671 585 1722 temen
609 1665 681 1721 siis
705 1666 811 1722 uicinus
832 1663 910 1722 iundi
933 1667 976 1723 sui
1000 1681 1085 1722 cause
1102 1664 1131 1722 id
1149 1664 1257 1736 iecerit,
1281 1681 1326 1723 me
1343 1667 1453 1722 tamen⁸
1471 1680 1527 1721 non
1544 1679 1628 1736 posse
1645 1663 1695 1720 hoc
1712 1680 1739 1720 ιι
1761 1679 1818 1717 1

265 1756 410 1814 interdicto
428 1755 580 1812 concentui:
604 1755 628 1811 si
646 1759 737 1810 eutem
757 1755 935 1810 communiter
953 1755 1004 1812 boc
1022 1770 1091 1826 opus
1109 1754 1168 1810 fieri
1186 1756 1384 1826 cursusrimue‚
1407 1759 1555 1825 utrumque
1573 1759 1694 1810 nostrum

216 1854 248 1900 42
265 1846 361 1902 teneri.
391 1845 451 1901 Hoc
468 1843 642 1900 interdictum
660 1844 749 1900 locum
768 1842 852 1899 habet
869 1845 951 1900 etiam
970 1845 1104 1901 aduersus
1121 1859 1193 1916 eum,
1212 1845 1258 1915 qui
1276 1845 1338 1901 doio
1350 1845 1422 1900 maio
1440 1841 1514 1913 iecit,
1532 1857 1590 1914 quo
1608 1843 1695 1898 minus

265 1934 419 2007 possideret
436 1934 481 1989 uei
497 1933 623 1990 heberet:
642 1933 744 1989 etenim
761 1947 855 2003 parem
874 1947 936 1990 esee
949 1934 1136 1990 condicionem
1151 1937 1259 2004 oportet
1270 1934 1338 2004 eius,
1356 1935 1403 2004 qui
1420 1932 1487 2004 quid
1505 1927 1695 2016 Q

265 2023 408 2096 possideat
429 2022 474 2078 uei
497 2021 610 2092 habeut,
634 2027 717 2094 etque
740 2022 811 2091 eius,
836 2022 915 2078 cuius
934 2022 997 2079 dolo
1015 2024 1086 2079 malo
1105 2021 1208 2078 iactum
1225 2023 1275 2094 sit,
1299 2037 1354 2092 quo
1372 2023 1462 2078 miuus
1479 2022 1638 2093 possideret
1654 2023 1696 2077 uei
1712 2037 1735 2076 ιι

218 2121 248 2169 tt
266 2113 393 2170 heberet:
417 2116 445 2168 et
467 2111 532 2168 mihi
556 2111 666 2168 uidetur
688 2127 755 2168 nere
771 2109 909 2166 Labeonis
927 2111 1071 2167 sententie.
1102 2111 1257 2167 ‘Restitnas'
1271 2110 1282 2176 ii
1295 2111 1389 2182 inquit
1417 2113 1563 2168 restituere
1582 2112 1623 2167 ui·
1640 2106 1724 2196 [(ῇι
1764 2102 1820 2156 ἑ

267 2203 360 2275 detur,
384 2203 430 2272 qui
448 2201 476 2258 iu
494 2201 638 2272 pristinum
657 2205 758 2257 statum
777 2201 896 2256 reducit:
921 2200 994 2271 quod
1017 2199 1063 2270 iit,
1086 2201 1145 2256 siue
1163 2201 1224 2271 quis
1242 2200 1313 2255 toliit
1330 2200 1358 2255 id
1376 2200 1450 2271 quod
1468 2199 1574 2256 iactum
1593 2207 1637 2257 est
1654 2202 1696 2257 uel

267 2297 382 2364 reponet
399 2291 473 2362 qnod
491 2291 629 2347 subletum
648 2295 699 2346 est.
727 2294 756 2346 et
773 2279 908 2344 interdum
934 2305 985 2345 suo
1008 2295 1134 2360 sumptu:
1158 2305 1220 2345 nam
1244 2289 1267 2345 si
1290 2290 1362 2360 ipse,
1386 2305 1441 2360 quo
1464 2290 1530 2360 qui·⁴
1548 2289 1696 2362 interdixit,

267 2379 375 2452 iecerit,
399 2381 444 2436 nel
462 2381 539 2436 iussu
557 2381 616 2436 eius
635 2379 713 2450 eiius,
733 2383 780 2434 sut
798 2381 887 2434 retum
906 2377 1029 2434 habitum
1047 2379 1084 2435 sit
1100 2378 1174 2449 qnod
1192 2377 1266 2449 iecit,
1284 2379 1344 2449 ipse
1363 2379 1420 2434 suis
1439 2377 1599 2450 sumptibus
1617 2379 1698 2436 debet

266 2473 422 2528 restituere:
442 2471 466 2526 si
484 2485 551 2526 uero
570 2468 634 2526 nihii
653 2467 749 2524 horum
766 2467 926 2538 interuenit,
945 2466 995 2523 sed
1013 2466 1097 2523 hebet
1114 2465 1231 2538 iactum,
1249 2472 1315 2523 tunc
1333 2468 1455 2528 dicemus
1473 2469 1637 2539 patientiam
1656 2483 1696 2525 so

217 2571 249 2618 44
266 2562 320 2616 lem
339 2575 401 2616 eum
420 2564 560 2632 praestare
579 2557 687 2614 dobere.
717 2557 895 2614 Interdictum
913 2556 966 2612 boc
984 2571 1038 2612 non
1057 2571 1118 2612 esse
1135 2557 1330 2628 temporarium
1349 2557 1489 2613 sciendum
1503 2561 1561 2613 est:
1580 2558 1699 2628 pertinet
1714 2570 1745 2613 re

267 2651 338 2706 enim
357 2649 393 2704 ad
411 2647 548 2719 publicem
566 2648 726 2704 utilitatem:
749 2645 994 2717 condemnatioque
1016 2661 1050 2701 ex
1073 2661 1107 2702 eo
1125 2644 1251 2702 iecieude
1269 2651 1324 2718 est,
1348 2647 1443 2717 quanti
1466 2647 1568 2703 actoris
1592 2647 1699 2704 intersit

218 2747 249 2794 tt
266 2739 325 2794 tolli
342 2737 417 2809 quod
428 2735 538 2793 iactum
556 2740 608 2793 est.
639 2737 751 2794 Praetor
768 2737 820 2791 ait:
839 2734 906 2803 'Quo
924 2735 1014 2791 minus
1032 2735 1070 2791 illi
1088 2735 1135 2791 uis
1152 2735 1262 2807 publice
1279 2736 1410 2792 itinereue
1427 2733 1540 2806 publico
1557 2737 1600 2793 ire
1618 2752 1699 2810 egere

267 2827 363 2898 iisset,
381 2827 438 2882 uim
455 2823 515 2882 tisri
532 2825 614 2882 ucto'.
1424 2881 1428 2892 ,

230 2915 248 2975 3
321 2915 435 2972 (iussus
452 2914 520 2971 libro
538 2915 698 2985 trigessimo
715 2927 786 2969 nono
805 2912 983 2984 digestorum.
1010 2913 1112 2984 Litora,
1130 2914 1159 2969 iu
1176 2927 1248 2984 ques
1265 2913 1383 2984 populus
1394 2913 1535 2970 Romanus
1553 2915 1701 2986 imperium
1717 2915 1755 2990 iis

234 3015 248 3061 1
266 3001 358 3074 hebet,
376 3005 470 3076 popuii
488 3005 604 3061 Romeni
622 3019 683 3062 esse
700 3001 830 3058 arbitror:
848 3003 930 3058 dietis
948 3017 1119 3058 communem
1138 3019 1217 3078 nsum
1236 3001 1362 3059 omnibns
1379 3001 1549 3074 homimbus,
1570 3009 1604 3060 ut
1622 3006 1702 3077 seris,
1718 3019 1746 3060 st

268 3094 409 3164 iectesque
426 3093 455 3149 in
472 3093 500 3149 id
517 3095 588 3164 piiss
606 3095 665 3150 eius
684 3107 745 3148 esse
763 3093 810 3163 qui
827 3091 935 3148 iecerit:
953 3091 1003 3148 sed
1021 3091 1050 3147 id
1067 3091 1272 3149 concedendum
1290 3106 1345 3148 non
1356 3106 1426 3164 esse,
1445 3093 1469 3148 si
1480 3091 1605 3151 deterior
1616 3095 1703 3152 litoris

267 3183 386 3239 merisne
403 3197 470 3238 usus
487 3197 521 3239 eo
539 3183 621 3240 modo
638 3181 746 3240 iuturus
764 3181 809 3237 sit.

229 3272 249 3331 4
267 3279 269 3284 “
320 3271 479 3328 Sessuons
496 3271 565 3329 libro
583 3273 678 3343 quinto
695 3286 898 3343 responsorum.
925 3270 1077 3342 Respondit
1094 3271 1123 3328 iu
1134 3271 1214 3328 litore
1226 3271 1285 3328 iure
1303 3271 1425 3342 gentium
1445 3268 1593 3328 aedificare
1612 3272 1705 3348 licere,
1722 3271 1748 3329 P

267 3361 320 3418 nisi
336 3375 404 3418 usus
421 3359 547 3432 publicus
565 3361 750 3432 impediretur.
1724 3377 1753 3420 ss

230 3451 249 3510 b
319 3451 438 3508 Puunus
460 3449 530 3506 libro
554 3456 633 3506 sexto
655 3451 763 3506 decimo
786 3449 821 3507 ed
845 3447 986 3505 Sabinum.
1027 3447 1057 3504 Si
1080 3463 1130 3520 per
1152 3448 1291 3520 pubiicum
1314 3450 1405 3506 iocum
1429 3449 1505 3504 riuum
1524 3445 1745 3534 [MS

268 3555 356 3611 eques
374 3539 474 3596 ductus
491 3540 599 3611 priuato
617 3538 735 3610 nocebit,
754 3539 806 3595 crit
823 3539 894 3595 ectio
911 3538 1019 3610 priueto
1037 3553 1073 3594 ex
1091 3539 1152 3610 iege
1170 3537 1314 3595 duodecim
1333 3538 1497 3610 tabularum,
1516 3525 1708 3597 usne—redo?

267 3629 341 3686 mino
359 3633 498 3685 sarciatur.
814 3659 817 3670 ·

230 3720 249 3778 6
319 3719 461 3775 Iunrsuus
483 3716 551 3774 libro
574 3717 804 3788 quadragensimo
825 3717 908 3773 tertio
930 3717 1108 3787 digestorum.
1145 3717 1193 3786 Ei,
1215 3715 1263 3787 qui
1284 3715 1337 3772 hoc
1359 3715 1505 3772 interdicto
1523 3711 1565 3798 ie.
1578 3727 1746 3784 esstote

267 3807 405 3879 experitur
423 3807 464 3862 'ne
483 3807 550 3877 qnid
566 3808 594 3862 in
612 3808 672 3863 loco
690 3805 799 3877 publico
811 3805 868 3877 fiat,
886 3821 941 3876 quo
953 3807 1083 3862 damnum
1094 3806 1203 3877 priuato
1214 3805 1310 3876 detur',
1328 3805 1455 3875 quamuis
1467 3804 1502 3860 de
1514 3805 1579 3861 loco
1591 3807 1709 3877 publico

266 3897 419 3967 interdicat,
436 3895 519 3952 nihilo
538 3896 628 3952 minus
645 3897 829 3966 procuratoris
847 3895 930 3951 dendi
948 3894 1065 3952 facultas
1083 3900 1134 3952 est.
1726 3913 1755 3953 so

231 3987 249 4046 ⁷
320 3986 398 4041 Inest
415 3984 484 4041 libro
502 3985 731 4057 quadragensimo
749 3990 849 4041 octauo
867 3984 1044 4055 digestorum.
1078 3983 1155 4040 Sicut
1171 3982 1204 4053 is,
1222 3981 1269 4052 qui
1286 3982 1360 4038 nulio
1378 3981 1541 4054 prohibente
1560 3977 1748 4070 Ἑξῆς

267 4074 295 4129 in
311 4075 372 4131 ioco
390 4073 500 4145 publico
518 4074 725 4146 aedificeueret
750 4075 891 4146 cogendus
909 4089 963 4130 non
981 4079 1026 4130 eet
1043 4072 1185 4144 demolire,
1208 4087 1242 4128 ne
1265 4073 1351 4128 ruinis
1368 4071 1434 4128 urbs
1452 4070 1643 4145 deformetur,
1668 4074 1711 4130 its

266 4199 459 4270 sfxruoc)

268 4379 325 4434 ¹ei
342 4376 452 4447 reliquii
469 4379 515 4434 det
534 4380 662 4443 (similiter
680 4377 865 4434 tid-Schmidt
882 4377 975 4504 lats
988 4379 1032 4442 15)
1091 4377 1148 4433 'te
1167 4385 1214 4432 isse.
1233 4377 1311 4446 (edd.)
1370 4377 1492 4434 'huten
1510 4377 1559 4434 del·
1621 4380 1710 4450 ‘quo

267 4448 324 4518 qui]
344 4463 406 4504 cum
424 4464 479 4520 quo
497 4451 558 4520 quis
575 4452 659 4518 (edd.:
677 4449 761 4524 cs.D.
772 4449 815 4514 43,
830 4449 937 4514 16,1,1
980 4450 1023 4514 43,
1037 4452 1078 4515 17,
1090 4451 1115 4515 3,
1127 4449 1176 4518 di?

268 4625 525 4752 tssrotibttortnm
538 4626 573 4681 F*
613 4627 776 4697 teliquitF
812 4628 847 4682 lo
864 4627 892 4682 in
910 4627 956 4682 nia
1009 4627 1085 4683 bodie
1102 4627 1272 4699 deperditum,
1296 4646 1326 4682 ex
1350 4643 1398 4699 qao
1417 4626 1479 4684 baec
1498 4633 1563 4682 citat
1582 4631 1622 4683 cd
1638 4629 1708 4684 tt:

267 4711 305 4768 pu
325 4697 421 4752 licus
469 4699 503 4753 18
520 4697 642 4768 pe‘i'rem
663 4699 698 4752 F‘
751 4698 955 4754 tetenstete
1010 4701 1073 4754 κιιιῶ
1091 4700 1181 4753 seteis
1200 4717 1222 4752 τι
1242 4698 1305 4768 [dele
1322 4697 1413 4754 ucesiu
1433 4697 1465 4768 τι]
1487 4695 1528 4752 {ui
1550 4700 1593 4768 τῷ
1613 4701 1707 4756 ucesiu

268 4769 505 4824 uticensem?
551 4771 586 4824 29
604 4785 674 4840 queo
705 4783 759 4840 que
777 4771 803 4823 F
850 4771 886 4826 34
904 4770 957 4826 nisi
1008 4769 1041 4826 τὸ
1058 4768 1180 4833 tristor,
1204 4772 1236 4824 ut
1256 4784 1330 4824 noxa
1347 4769 1457 4826 domino
1476 4767 1643 4828 ce‘r'ueetur
1662 4771 1707 4838 Ρ,

267 4839 309 4895 *si
324 4852 391 4897 usus
415 4841 452 4893 Ρ
472 4841 478 4907 1
497 4839 682 4912 impediretur
707 4841 743 4894 1³¹
808 4842 843 4898 36
868 4857 956 4912 equse
1008 4847 1040 4898 ut
1058 4857 1113 4897 non
1130 4841 1241 4897 domiuo
1259 4842 1397 4896 caruistur
1412 4841 1455 4906 Y·,
1472 4845 1505 4896 ut
1523 4857 1579 4898 uon
1592 4843 1707 4900 domino

267 4909 357 4966 dictus
371 4911 405 4966 F¹
422 4913 427 4979 Ι
442 4910 521 4982 lege*
533 4913 570 4966 Ρ*
585 4917 590 4980 Ι
605 4918 636 4968 ιιι
650 4927 722 4969 noxa
734 4913 844 4970 domino
857 4913 956 4968 sarcia·
1009 4917 1141 4969 moestus
1163 4911 1249 4976 XflM,
1272 4915 1303 4966 ut
1325 4911 1436 4967 domino
1458 4919 1593 4968 causetur
1614 4913 1706 4980 ΧΨ,

267 4982 321 5052 tur]
343 4983 466 5039 Uesaeuus
483 4985 520 5038 cd
536 4985 615 5039 Pacis·
631 4987 647 5039 i.
658 4983 761 5040 XLIX
777 4987 813 5040 nd
830 4986 868 5039 ed.
886 4988 956 5058 (opp.
1009 4991 1041 5040 nt
1063 4985 1146 5040 noxie
1168 4989 1272 5050 (nosco
1292 4983 1328 5050 0)
1351 4983 1462 5046 domino
1483 4989 1620 5042 causatu
1642 4985 1705 5042 00:

195 5127 201 5148 ι
264 5059 332 5126 post.
351 5055 380 5121 2,
396 5056 460 5125 719)
485 5057 622 5113 secundem
648 5057 759 5112 codicem
782 5055 957 5112 Basiliccrum
1009 5057 1216 5132 cs.D.sU,9,9
1234 5062 1259 5110 ci
1277 5054 1479 5122 Get.11,18,8
