3584 5454
92 275 413 324 superacutarum.
431 275 642 324 caunense.
763 251 846 331 761
1142 255 1321 325 xxxxvu
1340 258 1362 322 4
1383 263 1397 318 1
1417 292 1449 304 -·
1470 259 1525 324 61

1 421 22 466 e
42 421 73 466 ne
92 413 162 469 item
187 412 280 468 heredi
303 414 458 483 ceterisque
480 413 685 470 succcessoribus
708 418 864 484 competere
881 413 963 468 istam
982 413 1117 470 audonem
1135 412 1281 469 dicendum
1299 419 1351 469 est.
1387 411 1417 469 Si
1434 415 1527 483 pluras

92 503 168 558 serui
184 501 339 558 libertatem
357 507 522 572 acceperunt
540 508 569 558 et
586 501 650 558 doio
667 503 740 558 mato
757 501 824 572 quid
843 501 1011 568 admiserint,
1030 499 1130 570 singuli
1147 501 1343 557 conuenienter
1360 501 1389 556 in
1401 501 1526 572 solidum,

92 589 146 647 hoc
163 596 208 646 eat
223 590 251 645 in
270 589 393 666 duplum.
420 596 449 645 et
466 605 528 645 cum
547 605 582 646 cx
599 591 699 648 delicto
718 589 923 660 conueniautur,
942 589 1068 660 exemplo
1085 587 1151 644 furti
1168 589 1258 645 nullus
1276 603 1370 645 acrum
1387 588 1526 659 liberatur,

93 680 147 736 etsi
165 694 237 734 unus
255 684 407 734 conuentus
425 679 601 749 praestiterit.
1109 673 1119 680 '
1545 691 1560 731 a

54 764 74 822 2
146 766 241 823 Gerus
258 765 327 822 libro
344 767 426 822 tertio
444 767 551 824 decimo
570 767 607 822 ad
624 767 745 824 edictum
763 765 939 835 prouinciale.
967 763 997 820 Si
1014 767 1097 836 paulo
1109 769 1183 836 anm,
1201 781 1282 836 quam
1295 770 1351 821 sta-
1369 760 1527 848 [Q
1545 775 1567 829 s

92 859 155 911 tuta
170 854 284 910 libertas
300 855 438 925 optigerit,
456 856 592 912 amouerit
609 853 711 925 aliquid
729 867 827 909 seruus
845 859 894 908 aut
911 854 1070 923 corruperit,
1088 854 1243 924 ignorantia
1260 854 1363 910 domini
1377 869 1432 909 non
1444 855 1527 910 intro·

93 943 171 1000 ducit
186 943 258 999 banc
274 945 423 999 actionem:
442 944 559 1014 ideoque
577 945 641 1000 ticet
659 941 778 997 manime
796 941 965 1010 ignorauerit
979 941 1058 998 heres
1070 958 1088 997 a
1099 941 1260 998 statulibero
1271 948 1321 998 ant
1332 941 1446 1012 quilibet
1457 942 1527 998 atius

92 1032 222 1088 domiuus
239 1048 256 1087 a
273 1047 353 1088 semo
371 1045 423 1087 suo
440 1037 562 1088 amotum
581 1030 684 1102 aliquid
701 1036 895 1101 corruptumue
914 1043 983 1098 esse,
1002 1021 1060 1085 nouv
1075 1029 1204 1100 impetrat
1220 1035 1285 1101 poet
1301 1029 1455 1088 libertatem
1468 1032 1528 1088 eius

92 1121 177 1176 uliam
195 1121 340 1189 actionem,
358 1121 485 1190 quamuis
503 1121 531 1175 in
548 1119 672 1190 pluribus
690 1119 750 1175 aliis
768 1119 859 1174 musis
876 1119 951 1173 iusta
968 1117 1124 1187 ignorantis
1141 1121 1345 1176 excusationem
1364 1125 1509 1175 mercatur.
1547 1132 1560 1174 ο

54 1207 74 1264 3
148 1208 299 1266 Unrmuus
320 1208 389 1264 libro
412 1209 493 1264 tertio
516 1207 624 1278 decimo
646 1207 682 1263 sd
705 1207 835 1262 edictum.
872 1204 966 1262 Labeo
988 1206 1098 1276 putauit
1119 1207 1171 1264 snb
1194 1207 1354 1264 condicione
1371 1204 1528 1294 [Qus—,j
1547 1215 1574 1270 Ε

93 1298 293 1354 manumissum
311 1311 356 1353 res
373 1301 556 1367 amonentem,
575 1297 598 1352 si
616 1296 671 1352 cito
689 1295 814 1353 condicio
832 1294 932 1362 extitit,
950 1293 1003 1350 hac
1020 1295 1128 1351 actione
1146 1296 1373 1353 conueniendum.

92 1613 131 1692 u
170 1610 313 1688 ruem
344 1610 594 1688 munusue
627 1473 834 1686 utura}
854 1607 1099 1688 eumenus
1128 1559 1453 1688 srmuunmos
1493 1611 1531 1690 a

56 1767 74 1823 1
147 1765 299 1822 Uarianae
323 1765 392 1821 libro
415 1765 575 1835 trigcnsimo
600 1769 700 1822 octauo
723 1765 760 1820 ad
778 1764 907 1820 edictum.
944 1763 976 1819 iu
994 1779 1056 1834 eos,
1079 1761 1568 1848 quinauaa[e.sa,1‚a1.od,'sc‘‚is

93 1869 236 1924 cauponas
252 1853 362 1910 stabula
378 1853 553 1924 exercebunt,
572 1854 596 1909 si
614 1853 680 1923 quid
698 1869 716 1909 a
733 1867 843 1923 quoquo
861 1867 955 1908 eorum
974 1855 1096 1922 quosue¹
1109 1850 1148 1908 ibi
1160 1851 1300 1909 habebunt
1312 1853 1413 1910 furtum
1425 1853 1528 1911 iactum
1549 1869 1577 1910 ιο

93 1959 157 2000 csse
175 1944 294 2012 dicetur,
318 1943 448 1998 iudicium
467 1942 562 2012 datur,
587 1943 647 1997 siue
665 1940 767 1996 furtum
786 1957 839 2011 ope
857 1941 970 1996 consilio
989 1940 1148 1996 exercitoria
1166 1939 1268 1996 iactum
1287 1942 1336 2012 sit,
1357 1941 1418 1998 siue
1435 1957 1529 1998 corum

60 2044 72 2088 1
93 2033 187 2102 cuius,
210 2031 257 2102 qui
280 2031 308 2085 in
332 2045 366 2086 ea
389 2030 453 2086 naui
476 2030 626 2100 nauigaudi
647 2045 732 2085 causa
749 2034 831 2084 esset
867 2027 1024 2098 Nauigandi
1041 2031 1134 2083 autem
1153 2043 1237 2084 causa
1254 2029 1380 2100 accipere
1397 2030 1530 2087 debemus

29 2131 75 2176 aa
93 2135 152 2190 eos,
170 2119 217 2189 qui
235 2117 407 2188 adhibentur,
425 2117 456 2172 nt
474 2119 552 2173 nauis
571 2119 692 2188 nauigat,
711 2117 763 2173 hoc
781 2121 825 2172 est
842 2121 949 2171 nautas.
978 2115 1015 2171 Et
1032 2121 1075 2172 est
1090 2116 1120 2172 in
1138 2115 1250 2186 duplum
1267 2118 1349 2174 actio.
1376 2118 1445 2175 Cum
1457 2121 1530 2175 enim

93 2210 122 2264 iu
146 2222 272 2279 caupona
294 2207 338 2262 uel
361 2207 390 2261 in
407 2207 472 2262 naui
489 2221 534 2262 res
551 2207 635 2277 perit,
660 2221 695 2261 ex
713 2205 805 2261 edicto
822 2205 957 2276 praetoris
974 2203 1112 2274 obligatur
1129 2204 1265 2260 exercitur
1282 2205 1361 2262 nauis
1379 2207 1424 2262 uel
1442 2223 1530 2278 caupo

73 2335 76 2344 .
94 2297 148 2364 ita,
173 2301 204 2350 ut
220 2295 249 2350 in
266 2299 404 2366 potestate
422 2296 459 2349 sit
477 2294 550 2363 eius,
574 2295 618 2349 cni
636 2309 681 2348 rss
698 2293 830 2362 subrepta
848 2293 898 2362 sit,
916 2297 1007 2347 utrum
1026 2293 1120 2348 maliet
1137 2307 1200 2347 cum
1218 2293 1369 2349 exercitare
1386 2294 1530 2352 honorario
1549 2310 1577 2351 so

60 2385 154 2440 tiore
173 2399 208 2438 an
226 2397 288 2438 com
306 2381 367 2438 iura
384 2383 443 2437 iura
462 2383 536 2438 ciuili
553 2382 679 2451 experiri.
707 2381 787 2447 Quod
805 2381 830 2436 si
847 2381 983 2450 receperit
1000 2381 1106 2436 saluum
1124 2379 1184 2436 fore
1196 2395 1284 2452 caupo
1297 2383 1340 2438 ιιοΙ
1353 2387 1446 2452 naum,
1465 2381 1531 2439 furti

95 2473 231 2527 actionem
250 2486 306 2526 nou
323 2469 450 2526 dominus
468 2471 507 2526 rei
525 2469 685 2540 subreptae,
704 2469 754 2525 sed
772 2471 832 2539 ipse
850 2468 946 2540 habet,
965 2470 1030 2540 quia
1046 2469 1203 2539 recipiendo
1220 2471 1371 2540 periculum
1388 2470 1530 2527 custodiae

62 2570 77 2616 ο
95 2557 180 2616 subit
216 2557 295 2615 Serui
313 2573 379 2615 uero
397 2560 439 2615 sui
458 2559 567 2614 nomine
585 2559 721 2614 exercitur
739 2572 827 2612 noxae
842 2555 972 2613 'dedendo
990 2573 1021 2613 se
1038 2555 1144 2613 liberat
1175 2573 1224 2613 cur
1241 2573 1307 2628 ergo
1325 2573 1380 2614 non
1398 2558 1532 2614 exercitur

95 2646 306 2715 condemnetur,
329 2648 377 2717 qui
394 2663 504 2702 seruum
523 2652 580 2702 tam
600 2648 700 2703 malum
719 2647 747 2701 iu
766 2660 837 2701 naue
856 2645 984 2701 mmisit?
1013 2651 1043 2701 et
1059 2661 1109 2701 cur
1125 2645 1204 2701 liberi
1221 2645 1331 2715 quidem
1349 2645 1466 2702 hominis
1484 2661 1531 2704 no·

96 2738 170 2792 minc
187 2741 297 2791 tenetur
314 2736 341 2790 in
360 2735 485 2805 solidum,
504 2735 577 2790 serui
595 2749 661 2791 uero
680 2749 735 2790 non
752 2733 882 2790 tenetur?
908 2735 960 2790 nisi
978 2732 1049 2790 forte
1066 2734 1177 2804 idcirco,
1195 2734 1268 2805 qnod
1286 2735 1401 2791 liberum
1420 2735 1531 2806 quidem
1551 2752 1580 2794 ss

96 2825 233 2881 bominem
253 2823 386 2879 adhibens
404 2829 526 2879 amouere
544 2822 640 2879 debuit
657 2822 692 2878 de
711 2837 753 2891 eo,
775 2823 864 2892 qualis
881 2827 965 2893 osset,
983 2822 1011 2877 in
1029 2837 1110 2879 seruo
1128 2838 1194 2879 uero
1212 2840 1263 2880 suo
1281 2824 1477 2895 ignoscendum
1496 2825 1533 2880 ait

96 2913 122 2970 ei
145 2913 226 2983 quasi
247 2912 276 2967 iu
294 2911 446 2968 domesticu
465 2913 550 2982 malo,
575 2913 599 2967 si
617 2926 706 2967 noxae
725 2905 826 2966 dedere
844 2917 957 2982 paratus
975 2912 1019 2966 sit
1047 2911 1071 2966 si
1089 2915 1181 2968 autem
1199 2913 1318 2969 alienum
1335 2911 1460 2968 adhibuit
1476 2928 1531 2969 aer·

65 3013 177 3072 ouum,
200 3001 279 3070 quasi
301 3000 329 3055 iu
353 2998 438 3055 libero
460 2999 607 3056 tenebitur.
644 2999 739 3070 Oaupo
757 3005 881 3070 praestat
898 2999 1001 3056 iactum
1020 3014 1127 3069 eorum,
1152 3001 1244 3070 quiin
1262 3001 1532 3072 eacaupoua¹eius

96 3103 239 3158 cauponae
256 3087 426 3143 exercendae
445 3103 530 3143 causa
547 3087 586 3142 ibi
603 3093 681 3156 suut,
706 3087 771 3142 itam
789 3101 898 3156 eorum,
918 3089 965 3158 qui
983 3087 1125 3144 habitandi
1143 3103 1229 3144 causa
1245 3087 1283 3144 ibi
1301 3095 1378 3145 sunt:
1396 3090 1533 3145 uiatorem

97 3183 190 3232 autem
208 3175 311 3231 factum
329 3191 384 3232 uon
401 3180 533 3246 praestat
560 3191 679 3245 namque
697 3175 832 3232 uiatorem
844 3175 896 3232 sibi
909 3175 1011 3246 eligere
1023 3191 1111 3247 caupo
1124 3177 1169 3232 uel
1180 3175 1345 3233 stabularius
1357 3193 1412 3233 nou
1423 3177 1533 3234 uidetur
1551 3195 1581 3236 ac

97 3279 149 3320 uec
170 3264 302 3334 repellere
324 3268 417 3335 potest
440 3265 499 3342 iter¹
515 3267 645 3334 agentes:
668 3263 865 3320 inhabitatores
888 3279 954 3320 uero
977 3270 1126 3336 perpetuos
1142 3265 1203 3334 ipss
1220 3264 1422 3334 quodammodo
1440 3266 1533 3337 clegit,

97 3355 144 3423 qui
162 3368 217 3409 nou
235 3352 343 3423 reiecit,
366 3367 481 3423 quorum
500 3350 603 3409 iactum
622 3357 731 3422 oportet
749 3367 812 3409 sum
830 3357 979 3423 praestare.
1013 3353 1042 3409 in
1060 3353 1125 3410 usui
1142 3367 1252 3424 quoque
1270 3358 1411 3411 uentorum
1429 3352 1532 3412 iactum

97 3457 152 3498 uon
168 3444 333 3513 praestatur.

783 3549 847 3632 V}
1552 3567 1582 3610 aa

272 3685 309 3763 R
350 3685 392 3762 Sl
418 3683 612 3760 FAMILIA
638 3683 834 3760 FURTUM
860 3677 1051 3762 FECISSE
1077 3682 1287 3761 DIGETUR
1324 3684 1362 3764 R
1551 3711 1627 3768 suu

67 3846 82 3902 1
154 3839 304 3896 Unumnus
330 3839 399 3896 libro
425 3839 585 3909 trigeueimo
612 3845 711 3894 octauo
738 3839 774 3894 sd
801 3838 931 3894 edictum.
967 3838 1148 3895 Utilissimum
1174 3839 1203 3894 id
1229 3837 1348 3894 edictum
1376 3835 1572 3924 ΜΒ

99 3935 210 4000 praetor
228 3937 239 3994 u
258 3929 414 3999 proposuit,
438 3943 493 3997 quo
516 3926 634 3984 dominis
658 3927 828 3998 prospiceret
851 3926 985 4002 aduersus
1008 3925 1143 3983 mateficis
1164 3942 1306 3983 seruorum
1312 3968 1319 3997 ,
1343 3927 1472 3984 uidelicet
1490 3944 1533 4000 ue,
1550 3945 1623 3993 aaut

99 4033 162 4073 cum
181 4018 274 4087 plures
292 4014 394 4072 furtum
412 4015 569 4085 admittunt,
587 4020 714 4070 auertant
731 4015 834 4070 donnini
851 4016 1053 4085 patrimonium,
1071 4016 1095 4070 si
1113 4030 1209 4072 omues
1227 4015 1329 4071 dedere
1346 4021 1396 4071 aut
1411 4032 1461 4086 pro
1479 4017 1534 4072 aiu·

99 4107 171 4177 gutia
189 4105 407 4160 aestimationem
426 4104 481 4158 litis
499 4104 597 4158 offerre
615 4109 738 4172 cogatur.
766 4102 847 4159 datur
864 4104 948 4174 igitur
966 4103 1107 4160 arbitrium
1126 4103 1178 4160 boc
1196 4104 1300 4173 edicto,
1318 4109 1362 4172 ut,
1381 4105 1405 4160 si
1423 4104 1534 4175 quidem

99 4195 166 4250 uelit
185 4193 277 4248 dicere
295 4193 391 4249 noxios
408 4206 517 4262 seruos,
541 4193 630 4262 possit
647 4199 745 4270 omues
760 4191 875 4263 dedere,
900 4193 946 4263 qui
964 4193 1199 4264 participaueruut
1216 4191 1332 4249 furtum:
1353 4194 1493 4250 enimuero
1511 4193 1535 4250 si
1553 4212 1582 4253 co

100 4295 293 4369 rfflffloo)

102 4445 110 4478 ¹
128 4455 201 4511 quos
218 4441 347 4508 (amciter
365 4441 435 4494 edd:
453 4460 478 4493 a
491 4439 540 4506 c)?
610 4440 621 4473 ¹
639 4439 667 4494 in
685 4453 720 4494 ea
736 4453 863 4510 caupona
880 4440 927 4494 det

100 4580 212 4648 diurti]
231 4580 304 4634 curti
322 4581 358 4633 F¹
374 4581 379 4646 Ι
394 4579 561 4634 liberaturi*
598 4581 671 4651 ein]
684 4581 721 4636 im
736 4579 791 4647 ΡΙ
847 4585 879 4635 ut
894 4577 929 4633 Ρ*
974 4580 1009 4634 22
1026 4579 1109 4648 quia*
1122 4579 1172 4634 F’:
1191 4577 1245 4635 ἐπεὶ
1258 4579 1307 4634 RS
1350 4581 1385 4636 23
1404 4597 1453 4636 cur
1468 4595 1536 4650 ergo

100 4651 226 4722 pluribus
244 4651 314 4720 aliis]
328 4652 373 4715 Ρ,
391 4649 515 4720 pluribus
533 4651 557 4706 si
575 4653 662 4707 niv:
681 4651 710 4706 ὲκ
730 4662 793 4708 rot·
847 4665 902 4706 nou
911 4649 1045 4705 exercitur
1053 4649 1258 4720 condemnetur]
1271 4650 1312 4705 tri
1321 4652 1344 4705 ri
1356 4651 1390 4706 asi
1404 4653 1442 4707 rai
1456 4650 1536 4714 airino

101 4725 157 4778 tois
170 4721 278 4777 e'eaecrs
291 4721 340 4776 BS
389 4721 580 4778 13aduersusi
593 4723 681 4778 anau
724 4722 794 4778 1521
847 4719 1221 4791 dilapsircrpsaratradzsuar
1231 4723 1378 4789 Bswor.)
1425 4723 1536 4778 2908ss-

101 4793 168 4864 quid
186 4807 333 4862 equoque
352 4806 446 4848 corum
465 4807 570 4861 quosue
589 4793 794 4862 ibihabobuut]
847 4793 1082 4862 ponaelcaupone
1095 4793 1121 4845 F
1159 4793 1486 4861 donumquaeuietorem
1498 4793 1535 4846 F¹

102 4874 381 4936 pastproquosue
408 4871 582 4934 consequae,
612 4872 794 4919 antisteter-
847 4865 882 4919 37
900 4864 1086 4932 prospiceret*
1103 4863 1142 4914 Ρ
1197 4865 1232 4919 39
1251 4864 1455 4920 aestimationes
1474 4863 1535 4933 ΡΙ

101 4955 174 5018 pres:
194 4933 218 4988 ai
232 4953 254 4986 τι
273 4934 354 5004 κλοπῇ
374 4932 432 5002 uap'
446 4931 565 4998 ὲκείιιωκ,
584 4933 705 4996 οῨοιιιιιο
723 4934 794 5004 nixos
847 4940 879 4990 ut
902 4935 926 4989 si
949 4934 1060 5003 quidem
1084 4933 1206 4990 uelit
1228 4932 1340 5003 furtum]
1369 4935 1392 4988 ei
1417 4935 1535 4996 Bo†terar

103 5023 132 5060 su
150 5005 191 5072 τῷ
209 5005 293 5072 πλοίῳ
316 5005 366 5060 RS
383 5005 475 5073 (Dor.)
541 5006 575 5061 19
593 5003 710 5076 caupo's'
723 5003 794 5061 ita‘e'
847 5005 946 5060 uiarac
964 5003 1084 5067 ittoiaen
1104 5004 1167 5066 τοῨο
1186 5003 1366 5076 turpantur
1384 5005 1537 5073 BS(Dcr.)
