3614 5460
280 227 475 298 xxxxvln
495 227 516 293 5
535 233 650 290 34-39
762 247 764 256 ¹
956 217 1045 300 814
1384 243 1432 290 ar>
1455 241 1577 290 uacuas
1598 242 1704 300 mersu
1764 275 1766 282 .

282 388 310 443 iu
327 402 418 458 uxore,
437 401 472 441 cx
490 385 627 442 sententia
643 383 713 454 legis
732 387 848 452 tenetur,
867 382 993 452 quamuis
1011 379 1104 436 uerbis
1121 395 1176 436 nou
1194 380 1357 436 continetur.
1386 395 1459 449 quae
1471 384 1567 436 autem
1580 381 1706 450 retinetur,

241 463 245 474 ’
281 476 419 546 puniturl.
452 474 519 530 sed¹
537 475 560 529 si
586 474 726 528 dimissam
750 471 902 542 reduxerit,
926 469 1018 527 uerbis
1042 485 1097 526 non
1114 473 1236 526 tenetur:
1259 468 1309 524 sed
1327 475 1421 524 mmeu
1440 469 1591 526 &cendum
1610 475 1664 540 est,
1684 473 1707 524 ut

282 569 422 634 teneatur,
446 547 481 618 ue
504 562 579 618 fraus
601 561 659 618 fiat.
696 561 725 617 Si
748 576 818 616 uxor
840 575 876 616 ex
899 559 1033 616 adulterio
1057 559 1109 614 uiri
1126 560 1278 629 praemium
1296 559 1448 630 acceperit,
1471 559 1536 629 lege
1555 559 1625 614 Iulia
1641 557 1707 628 quasi

282 653 408 708 adultera
424 655 541 708 tenetur.
1606 643 1611 654 '
1720 659 1731 698 r

146 741 185 800 35
200 736 265 818 (34)
336 742 530 798 uonssunlus
549 740 617 796 libro
634 739 723 810 primo
742 739 905 808 regularum.
941 735 1071 808 Stuprum
1090 737 1249 806 committit,
1267 738 1313 808 qui
1332 736 1446 792 liberam
1466 753 1526 792 mu·
1545 731 1740 820 (ΜΕ

251 839 265 885 1
283 830 376 886 lierem
395 829 600 886 consuetudinis
618 844 711 898 causa,
729 843 784 884 uon
801 826 965 882 matrimonii
984 827 1114 896 eontinet,
1131 832 1248 896 excepta
1266 826 1394 882 uidelicet
1411 825 1577 882 concubina.
1607 826 1708 880 Adulte-

284 920 353 976 rium
372 921 400 975 in
419 924 505 990 nupta
523 918 688 974 admittitur:
706 923 828 986 stuprum
847 917 876 970 iu
895 916 978 972 uidua
996 916 1040 970 uel
1058 916 1164 986 uirgine
1182 915 1227 970 uel
1243 930 1329 985 puero
1347 916 1538 970 committitur.

148 1006 187 1066 36
201 1003 265 1082 (35)
337 1009 415 1064 lnam
433 1005 505 1064 libro,
520 1012 619 1064 octauo
638 1007 802 1076 regularum.
829 1005 1016 1060 seruaturus
1034 1003 1161 1060 adulterii
1173 1003 1275 1073 siquid
1287 1005 1526 1074 eireaiuseriptio·
1546 997 1707 1087 Q
1720 1009 1749 1083 Ε)

285 1113 348 1154 uem
366 1099 506 1166 errauerit,
525 1097 548 1152 si
566 1101 691 1166 tempora
708 1095 867 1164 largiantur,
886 1093 1031 1150 emendare
1050 1108 1103 1150 nou
1122 1092 1289 1164 prohibetur,
1308 1109 1342 1150 nc
1361 1109 1447 1148 causa
1464 1091 1617 1148 aboleatur.
1702 1104 1731 1144 ¹s

148 1184 187 1243 37
202 1181 267 1260 (36)
338 1187 518 1242 Psammuus
535 1185 604 1240 libro
619 1183 700 1240 tertio
712 1182 912 1254 quaestionum.
941 1181 970 1238 Si
982 1183 1070 1238 minor
1082 1183 1160 1238 annis
1172 1181 1335 1236 adulterium
1348 1183 1526 1252 commiserit,
1545 1176 1739 1268 Q?

285 1277 347 1346 lege
365 1277 434 1331 lulla
450 1280 568 1344 tenetur,
587 1273 715 1344 quoniam
735 1272 790 1328 tale
808 1271 910 1326 emmau
927 1276 992 1342 post
1008 1271 1181 1342 pubertatem
1199 1271 1303 1342 incipit.

55 1385 61 1392 ·
149 1362 187 1422 38
202 1360 267 1439 (37)
338 1365 416 1420 lusu
434 1363 503 1422 libro
521 1364 617 1434 quinto
634 1361 835 1432 quaestionum.
862 1360 961 1416 Filium
979 1359 1096 1416 familias
1114 1359 1224 1430 publico
1241 1359 1343 1416 iudicio
1360 1360 1526 1417 adalanum
1539 1354 1739 1444 v[efflusi

285 1453 315 1510 iu
336 1469 447 1510 uxorem
471 1453 530 1508 sine
553 1453 696 1508 uoluntate
718 1450 805 1521 patris
828 1464 943 1520 arguere
962 1450 1140 1505 consumtum
1158 1455 1215 1506 est:
1239 1449 1386 1506 uindictam
1406 1451 1479 1506 enim
1498 1435 1707 1520 propulsaturi

286 1541 488 1612 murmurant
1722 1549 1741 1589 tl

150 1629 188 1688 33
204 1627 268 1706 (38)
338 1631 416 1686 loru
433 1629 502 1685 libro
521 1627 680 1698 trigessimo
699 1631 777 1684 sexto
796 1626 997 1698 quaestionum.
1025 1626 1055 1683 Si
1073 1627 1236 1686 adulterium
1255 1644 1316 1684 cum
1335 1630 1441 1684 inceste
1453 1643 1529 1684 com·
1547 1623 1739 1714 Q?

287 1721 424 1788 mittatur,
448 1723 480 1774 ut
497 1723 564 1790 puta
581 1733 644 1772 cum
662 1717 790 1788 priuigna
806 1731 876 1772 nuru
894 1731 1026 1788 nouerca,
1051 1717 1148 1772 mulier
1165 1717 1288 1772 similiter
1305 1732 1414 1788 qnoque
1432 1719 1577 1788 punietur:
1602 1720 1630 1774 id
1646 1720 1706 1774 erun

255 1819 266 1862 1
286 1813 391 1864 remoto
416 1807 499 1862 etiam
523 1806 657 1862 udulurm
681 1807 810 1862 eueniret.
846 1805 976 1876 Stuprum
999 1805 1027 1860 iu
1052 1806 1152 1860 sororis
1172 1804 1254 1862 liliam
1273 1807 1297 1862 si
1315 1807 1517 1878 committatur,
1542 1825 1578 1864 an
1595 1807 1707 1864 adultedl
1720 1811 1766 1861 llll

285 1913 376 1969 poena
393 1894 526 1966 suffillclat
543 1895 637 1965 mari⁴,
661 1894 889 1950 considerandum
907 1899 959 1949 est.
988 1894 1119 1966 occurrit,
1138 1895 1211 1964 quod
1229 1894 1274 1950 hic
1291 1895 1394 1966 duplex
1411 1897 1565 1952 admissum
1584 1903 1638 1967 est,
1655 1896 1708 1967 quis

287 1987 402 2042 multum
421 1985 548 2054 interest,
572 1999 663 2040 errore
682 1984 883 2040 matrimonium
900 1983 993 2038 illicite
1011 1983 1187 2038 conuahatur
1204 2000 1240 2039 au
1258 1986 1430 2040 conmmacia
1447 1987 1517 2042 iuris
1534 1992 1564 2042 et
1581 1985 1708 2056 sauguinis

254 2082 269 2130 2
287 2074 467 2144 contumelia⁸
485 2074 672 2128 mucurrautt
700 2071 789 2138 Quare
807 2073 903 2127 mulier
921 2077 986 2127 tune
1004 2073 1114 2128 demum
1133 2088 1193 2128 eam
1208 2087 1334 2144 poenam,
1353 2090 1435 2144 quam
1449 2091 1550 2144 mares,
1569 2074 1708 2143 sustinebit,
1721 2083 1741 2123 tl

287 2178 349 2220 eum
367 2164 500 2220 incestum
518 2161 577 2216 iure
594 2166 717 2231 gentium
735 2160 901 2232 prohibitum
920 2161 1073 2218 admiserit:
1092 2179 1156 2217 nam
1174 2163 1198 2218 si
1216 2163 1276 2218 sola
1292 2163 1359 2234 iuris
1371 2165 1458 2219 nostri
1469 2163 1628 2220 obsematr'o
1639 2165 1708 2219 iuter·

254 2260 269 2306 u
287 2253 387 2324 ueniet,
406 2253 501 2308 mulier
518 2250 554 2307 ab
572 2251 669 2306 incesti
687 2251 799 2306 crimine
817 2251 869 2305 erit
886 2255 1025 2306 excumta.
1053 2251 1262 2321 Nonnumquam
1281 2255 1373 2306 tamen
1391 2258 1420 2308 ct
1438 2253 1466 2307 iu
1485 2253 1609 2310 maribus
1626 2251 1708 2308 incesti

287 2342 408 2412 crimina,
426 2356 592 2411 quamquam
611 2345 709 2395 natura
726 2339 854 2409 grauiora
871 2343 943 2409 suut,
961 2339 1106 2395 humanius
1123 2355 1204 2410 quam
1219 2340 1346 2396 adulterii
1357 2343 1469 2398 tractari
1482 2343 1587 2398 solent:
1605 2343 1629 2398 si
1640 2341 1708 2398 modo

184 2493 186 2498 .
254 2431 421 2488 uincentum
439 2443 489 2500 per
506 2429 708 2486 matrimonium
725 2429 848 2484 illicitum
866 2433 1035 2485 contractum
1055 2430 1099 2485 sit.
1128 2429 1239 2484 Fratres
1257 2429 1374 2500 denique
1391 2432 1574 2502 imperatores
1593 2432 1708 2488 Claudiae

287 2519 389 2576 crimen
412 2519 509 2576 incesti
527 2524 640 2590 propter
657 2523 775 2574 aetamm
794 2517 970 2587 remiserunt,
994 2518 1043 2573 s'ed
1062 2518 1176 2574 distrahi
1196 2521 1412 2576 coniunctionem
1432 2523 1556 2577 illicitam
1575 2523 1707 2590 iusserunt,
1720 2530 1739 2570 tt

287 2624 349 2666 cum
368 2609 435 2664 uias
453 2607 580 2664 adulterii
597 2609 707 2678 crimen,
725 2606 800 2678 quod
817 2606 962 2676 pubertate
980 2607 1153 2679 delinquitur,
1172 2625 1226 2664 uon
1244 2615 1389 2666 excusetur
1407 2617 1508 2666 aetate.
1536 2629 1601 2668 nam
1619 2617 1647 2667 et
1662 2627 1707 2667 mu·

286 2699 366 2754 lieres
384 2697 412 2752 in
429 2698 487 2754 iure
506 2702 628 2752 errantes
646 2697 744 2752 incesti
761 2697 873 2752 crimine
891 2711 945 2752 non
963 2697 1050 2752 teneri
1068 2713 1151 2768 supra
1169 2697 1272 2754 dictum
1291 2704 1347 2768 est,
1366 2715 1428 2754 eum
1447 2701 1475 2755 iu
1494 2701 1631 2758 adulterio
1649 2716 1706 2757 eon·

255 2793 269 2842 5
287 2787 372 2842 misso
388 2787 490 2842 suham
508 2785 609 2842 habere
627 2786 734 2856 possint
751 2785 964 2841 excusationem.
991 2786 1067 2842 Idem
1085 2787 1263 2857 imperatores
1277 2788 1476 2858 rescripserunt
1487 2793 1554 2860 pos't
1566 2791 1706 2856 diuortium,

255 2885 270 2932 e
287 2874 361 2946 quod
379 2891 441 2930 cum
458 2889 579 2930 nouerca
595 2874 669 2931 bona
685 2874 741 2930 lide
758 2875 901 2946 priuignus
918 2873 1021 2946 iecerit,
1033 2869 1095 2932 'rsou
1109 2892 1171 2931 esse
1183 2877 1286 2932 crimen
1298 2876 1499 2934 admittendum
1511 2881 1619 2937 incesti.
1645 2879 1705 2936 lden

287 2965 402 3021 Pollioni
418 2965 446 3020 in
463 2963 532 3020 haee
549 2962 636 3020 uerba
652 2964 863 3032 rescripserunt:
882 2964 1013 3019 ‘Incestus
1026 2965 1136 3035 nuptiae
1150 2963 1303 3021 confirmari
1315 2981 1370 3024 uon
1382 2968 1503 3023 solentlz
1523 2976 1553 3026 et
1564 2969 1626 3026 ideo
1638 2966 1736 3024 abati-lt

288 3054 370 3110 'uenti
387 3053 436 3108 tali
453 3053 625 3110 matrimonio
643 3067 759 3124 poenam
778 3053 917 3122 praeteriti
936 3053 1036 3124 delicti,
1055 3053 1079 3110 si
1094 3054 1215 3110 nondum
1227 3070 1291 3110 reus
1301 3056 1457 3125 postulatus
1469 3062 1523 3126 est,
1541 3053 1704 3114 remittimus.

255 3153 269 3199 ‘l
287 3145 425 3200 Incestum
449 3147 555 3212 autem,
579 3141 653 3212 quod
674 3156 724 3212 per
746 3141 868 3197 illicitam
891 3143 1054 3198 matrimonii
1077 3145 1294 3200 coniunctionem
1315 3144 1483 3215 admittitur,
1507 3149 1635 3204 excusari
1651 3145 1704 3202 solet

287 3247 356 3288 sexu
373 3232 418 3288 uel
437 3236 528 3288 aetate
546 3230 591 3286 uel
609 3231 691 3286 etiam
709 3231 841 3300 puniendi
859 3232 1040 3304 correctione,
1059 3247 1129 3303 quae
1148 3231 1292 3289 bonafide
1310 3235 1471 3306 interuenit,
1491 3237 1588 3307 utique
1606 3238 1630 3292 si
1646 3248 1703 3292 eurr

254 3332 269 3378 8
288 3323 428 3392 allegetur,
447 3327 476 3375 et
492 3318 608 3389 facilius,
630 3320 653 3374 si
672 3335 752 3376 nemo
770 3335 846 3376 reum
864 3321 1023 3390 postulauit.
1059 3323 1210 3393 Imperator
1227 3323 1336 3378 Marcus
1353 3323 1440 3380 Auto-
1457 3316 1702 3407 [ffiffassa]

287 3411 367 3466 uinus
386 3415 415 3466 et
432 3409 599 3466 Commodus
617 3406 688 3490 lilius
706 3411 917 3480 rescripserunt:
936 3409 972 3466 'Si
992 3411 1105 3467 maritus
1122 3427 1236 3468 uxorem
1254 3411 1283 3467 iu
1300 3412 1435 3468 adulterio
1453 3397 1702 3486 dffiehensffiffi
1713 3414 1732 3457 ³⁵

288 3499 361 3572 'petu
384 3503 489 3555 tractus
512 3497 613 3554 doloris
635 3495 815 3570 interfecerit,
838 3513 892 3555 nou
911 3500 1005 3570 utique
1023 3500 1092 3570 legis
1112 3499 1253 3556 Corneliae
1272 3501 1307 3556 de
1324 3502 1430 3557 sicariis
1448 3519 1568 3574 poenam
1587 3499 1701 3575 excipiet.

246 3607 251 3634 r
287 3605 350 3644 nam
370 3594 399 3643 et
416 3588 497 3644 diuus
514 3588 580 3642 Pius
594 3587 622 3642 in
633 3585 703 3642 haec
715 3586 801 3644 uerba
812 3589 952 3658 rescripsit
963 3589 1121 3660 Apollonio:
1140 3589 1189 3659 lli,
1209 3590 1256 3660 qui
1268 3605 1380 3645 uxorem
1393 3608 1472 3648 auam
1493 3583 1701 3678 [ἆῖῇῖῑεῖῖῇ

288 3678 323 3732 'in
341 3675 474 3732 adulterio
493 3676 690 3748 deprehensam
709 3676 843 3732 occidisse
861 3693 891 3732 se
910 3694 964 3734 non
982 3684 1074 3748 negat,
1093 3678 1217 3732 ultimum
1236 3679 1398 3750 supplicium
1418 3664 1701 3756 remitti'potestscru

288 3765 332 3820 'sit
354 3764 542 3821 difficillimum
566 3766 668 3822 iustum
692 3764 812 3822 dolorem
836 3770 989 3836 temperare
1008 3773 1037 3823 et
1053 3768 1118 3837 quia
1135 3768 1197 3836 plus
1215 3764 1324 3838 feeerit,
1348 3785 1430 3840 quam
1448 3773 1517 3842 quia
1535 3773 1702 3828 uindicarent

288 3854 349 3910 'nou
368 3854 506 3922 debuerit,
530 3855 684 3925 puniendus
702 3855 746 3910 sit.
779 3853 898 3910 sufficiet
915 3856 1009 3926 igitur,
1034 3856 1058 3912 si
1074 3855 1183 3911 humilis
1200 3856 1253 3912 loci
1271 3857 1321 3928 sit,
1340 3859 1368 3914 iu
1386 3873 1459 3930 opus
1476 3867 1640 3933 perpetuum
1656 3871 1702 3914 eru
1713 3857 1731 3899 o

1576 3939 1703 3953 ...ψ-φ-

254 3955 269 4002 9
288 3943 374 4014 tradi,
393 3945 417 4000 si
436 3943 647 4014 quihonesrior,
669 3944 697 4000 in
715 3944 831 4000 insulam
849 3944 982 4015 relegari.
1018 3945 1129 4002 Liberto
1147 3947 1255 4018 patroni
1273 3945 1374 4003 famam
1392 3949 1532 4006 lacessere
1551 3948 1703 4036 [ΨΜ-’,(9

286 4050 479 4119 HXYMOO)

288 4211 297 4245 ¹
316 4224 351 4264 ex
369 4211 506 4266 sententia
527 4211 608 4280 legis,
632 4209 758 4280 quamuis
780 4209 873 4266 uerbis
895 4227 950 4266 non
973 4211 1128 4267 continetur
1145 4213 1192 4283 qui
1210 4213 1356 4284 retinetur,
1375 4215 1509 4284 punitur?
1598 4217 1654 4272 ’et
1670 4226 1704 4270 su·

287 4281 476 4352 ³exsequitur
494 4281 653 4355 (Kraeyrrl‘P
728 4282 836 4352 ⁴matri]
854 4284 920 4337 idem
940 4283 1036 4338 Graeci
1052 4283 1126 4350 (suri
1144 4285 1193 4347 τοῨ
1211 4284 1333 4355 dshpbcl:
1353 4285 1483 4342 ntulisti?
1562 4283 1705 4344 ⁵contami·

288 4353 381 4408 natio?
451 4356 463 4389 ⁸
481 4359 511 4408 at
522 4354 610 4422 magis
622 4359 751 4423 putamus
763 4354 807 4408 hie
818 4368 927 4424 quoque
944 4355 1049 4410 mulieri
1061 4356 1127 4412 iuris
1140 4371 1258 4413 errorem
1270 4357 1402 4427 prodesse
1414 4358 1520 4416 debere
1536 4364 1659 4416 similinus
1670 4367 1706 4412 lu.

287 4425 298 4458 '¹
317 4424 382 4478 idem
403 4424 512 4480 Graeci:
530 4425 655 4480 exeunti
672 4425 762 4481 solent
778 4429 906 4481 similione
924 4434 971 4481 lar.

288 4583 430 4638 huxorem
443 4583 470 4636 F
509 4583 699 4655 3praemium]
713 4586 757 4650 F’,
776 4585 911 4656 praetium
926 4585 975 4640 Νι
1029 4587 1064 4642 26
1088 4585 1233 4642 multurae
1256 4587 1293 4640 F’
1365 4589 1400 4644 al
1428 4589 1521 4646 iure's'
1540 4595 1660 4647 errantes
1681 4585 1709 4641 F*

287 4654 455 4717 laudisonus
463 4654 552 4709 rimare
562 4656 588 4709 B
598 4657 708 4720 (Aaou.)
756 4658 830 4727 bqui
886 4659 903 4712 6
912 4671 976 4713 con·
1028 4659 1064 4712 28
1075 4663 1140 4728 post
1151 4659 1299 4714 diuortium
1362 4661 1396 4714 29
1409 4658 1518 4732 fecerit]
1531 4663 1580 4718 rba
1592 4663 1709 4733 operosos

287 4725 366 4794 tinet]
386 4725 400 4779 ὁ
418 4724 559 4796 thetbertus
579 4727 683 4791 [asaias
699 4726 732 4789 ο(
746 4727 916 4792 sluopbseaa
934 4727 975 4782 Διὶ
1028 4729 1107 4784 aleres
1134 4730 1196 4800 καλῷ
1220 4730 1251 4802 τῇ
1275 4730 1386 4801 surpra}
1411 4731 1495 4794 uiro?
1523 4735 1710 4798 crsamdussos

288 4795 373 4851 utras
393 4796 529 4860 crubescas
544 4796 612 4866 ἒχων
631 4796 689 4868 aap’
706 4798 791 4868 ἐαγτῷ
806 4801 853 4856 Rs
901 4800 976 4854 lrti-
1030 4801 1077 4855 RS
1096 4801 1186 4868 (Dor.)
1246 4801 1281 4856 30
1304 4801 1487 4860 abstiue‘a'nti
1506 4805 1545 4858 F*
1606 4807 1712 4862 330011·

287 4867 406 4938 prumF
454 4868 488 4923 13
506 4869 630 4938 arguere]
649 4885 764 4938 arguere
779 4886 861 4942 posse
874 4871 924 4925 F’:
943 4875 976 4942 cs.
1028 4872 1176 4927 luctionem
1188 4873 1221 4925 F¹
1255 4871 1290 4928 34
1303 4874 1488 4943 allegaturF²
1518 4873 1711 4948 ddetlestPl

288 4939 464 5010 adp.805,43
491 4941 524 4994 17
535 4939 674 4996 euenire's'
683 4947 809 5014 stuprum
819 4942 976 4998 muueris
1029 4941 1228 5014 deprehensum
1254 4945 1290 4997 F·
1349 4947 1384 5002 37
1402 4945 1429 5000 ei
1448 4967 1498 5002 om.
1511 4947 1548 5002 Ρ
1605 4949 1641 5004 38
1657 4961 1713 5016 eum

288 5011 398 5077 flaccos·
414 5011 461 5066 BS
502 5012 749 5069 aomncmmuts
786 5017 819 5070 21
832 5015 981 5084 gentumF
1029 5015 1073 5084 sit]
1086 5015 1196 5070 siteum
1207 5016 1244 5068 F¹
1291 5015 1453 5087 39etquia]
1467 5017 1713 5092 etmaglsrpriaFl
