3638 5460
321 237 454 307 mvi
477 240 493 304 1
517 245 633 302 60-62
996 231 1082 314 248
1298 257 1345 304 au
1368 256 1519 306 scurrus
1542 255 1751 306 oouenuuuu

320 396 433 468 praedia
450 396 560 454 maioris
577 396 659 467 pretii
676 411 758 467 quam
775 396 865 468 portio
883 394 1042 452 hereditatis
1060 399 1160 466 esseut,
1179 395 1207 452 ln
1225 395 1361 467 superfluo
1373 395 1547 467 praediorum
1559 396 1667 468 petenu'
1678 394 1751 452 fidei-

322 486 509 543 commissario
526 485 675 541 Falcidiam
692 486 857 542 interuenire
875 486 972 540 nisum.
984 490 1039 540 est:
1058 490 1260 540 concurrentem
1278 487 1350 542 enim
1364 486 1508 557 pecuniam
1521 485 1684 556 conpensari
1696 485 1751 556 ple-

288 576 387 632 scuit.
423 577 434 647 l
458 575 645 632 Hereditatem
668 579 733 645 post
755 579 869 630 mortem
892 589 971 630 suam
994 575 1117 644 exceptis
1138 574 1272 630 reditibus
1294 576 1438 632 restituere
1460 581 1574 644 rogatus
1592 575 1772 630 ancillaruml

288 670 415 738 opertus
438 681 493 721 non
511 663 639 720 retinebit
655 678 707 720 noc
724 661 797 720 letus
814 679 957 734 pecorum,
981 665 1028 734 qui
1046 664 1182 720 summissi
1200 679 1313 734 gregem
1331 664 1455 720 reduent.
1491 663 1566 720 Ante
1584 663 1659 720 diem
1678 661 1751 720 lidei·

321 754 459 812 commissi
475 753 618 809 cedentem
636 751 742 808 huntus
760 757 789 807 et
805 767 914 823 usurae,
933 767 1003 823 quas
1020 751 1159 809 debitores
1177 754 1332 810 hereditarii
1350 769 1412 810 cum
1429 745 1527 824 postea
1539 756 1680 810 accesaet¹
1694 753 1772 808 dies:

321 845 469 913 noluerunt,
487 843 553 898 item
571 841 711 898 mercedes
729 841 900 912 praediorum
919 843 952 898 ab
966 841 1067 898 herede
1079 843 1353 914 perceptaeporticni
1364 842 1523 914 quadrantis
1535 841 1751 914 imputabuntur.

288 941 303 989 6
321 933 391 990 Oum
415 937 506 988 autem
530 937 593 1002 post
615 935 731 988 mortem
754 947 832 988 suam
855 937 968 1002 rogatus
985 931 1164 986 hereditatem
1182 934 1325 988 restituere
1342 947 1386 988 ree
1405 931 1582 988 hereditarias
1600 931 1753 988 distrahere

321 1037 376 1078 non
393 1026 509 1091 cogatur
525 1019 617 1090 heres,
639 1020 761 1090 medum,
779 1036 851 1090 quae
869 1021 904 1076 de
922 1021 1016 1091 pretiis
1034 1036 1126 1076 earum
1145 1021 1233 1090 redigi
1250 1025 1406 1092 potuerunt,
1424 1036 1523 1078 usumc
1540 1026 1654 1092 pmpter
1672 1037 1752 1076 usum

321 1111 404 1168 medii
426 1109 557 1180 temporis
579 1114 724 1180 perceptae
745 1123 799 1165 non
817 1109 996 1165 uidebuntur:
1019 1109 1138 1179 denique
1155 1125 1206 1166 neo
1222 1111 1372 1180 periculum
1390 1111 1586 1180 mancipiorum
1605 1114 1655 1165 aut
1672 1108 1752 1165 urba·

321 1216 417 1257 uorum
440 1199 612 1270 praediorum
636 1202 776 1268 praestare
798 1199 920 1268 cogitur:
943 1198 994 1254 sed
1017 1198 1100 1254 nihilo
1123 1199 1212 1254 minus
1229 1215 1296 1256 usue
1314 1205 1343 1254 ct
1359 1215 1441 1256 casus
1458 1214 1553 1255 eorum
1570 1197 1772 1269 quadrantem:

288 1297 304 1346 t
320 1305 430 1361 quoque
442 1288 583 1345 deminuit.
610 1287 689 1354 Quod
702 1303 736 1343 ex
747 1287 898 1344 hereditate
911 1286 1099 1358 superfuisset,
1117 1303 1179 1344 cum
1192 1292 1347 1358 moreretur,
1365 1289 1509 1344 restituere
1519 1293 1634 1358 rogatus
1646 1285 1753 1342 fructus

321 1377 472 1449 superfluos
490 1377 634 1433 restituere
651 1392 706 1432 non
725 1376 834 1432 uidetur
851 1381 977 1446 rogatus,
997 1361 1058 1432 cum
1076 1391 1111 1432 ea
1128 1375 1214 1432 uerba
1231 1377 1444 1433 deminutionem
1462 1377 1573 1448 quidem
1591 1375 1753 1432 hereditatis

289 1467 480 1538 s'admittont,
500 1464 634 1522 fructuum
654 1470 745 1522 autem
763 1465 979 1522 additamentam
997 1465 1211 1536 conrecipient.
1247 1467 1334 1522 Heres
1352 1467 1423 1536 eius,
1442 1466 1489 1536 qui
1507 1465 1639 1522 bonorum
1659 1480 1751 1536 super·

320 1556 404 1612 lluum
425 1559 620 1626 postmortem
640 1569 717 1612 suam
735 1555 879 1610 restituere
896 1553 987 1610 fuerat
1004 1559 1130 1626 rogatus,
1154 1555 1260 1625 pignori
1279 1571 1324 1612 res
1341 1555 1519 1611 hereditarias
1536 1555 1630 1625 datas,
1654 1555 1680 1610 ei
1697 1569 1751 1610 non

321 1646 349 1702 in
366 1643 490 1700 fraudem
507 1643 537 1700 id
553 1642 657 1700 iactum
676 1644 720 1714 alt,
738 1643 853 1700 liberare
870 1659 925 1700 non
943 1644 1058 1714 cogitur.
1383 1711 1385 1714 Ι
1770 1658 1772 1693 r

186 1733 222 1792 ol
238 1731 303 1812 (59)
373 1735 493 1790 Paucos
508 1733 579 1791 libro
595 1737 693 1804 quarto
710 1732 910 1803 quaestionum.
935 1731 1051 1788 Debitor
1066 1731 1117 1788 sub
1129 1733 1243 1803 pignore
1255 1732 1415 1790 creditorem
1427 1733 1556 1790 heredem
1574 1726 1751 1818 Q
1769 1779 1772 1791 .

321 1823 439 1880 instituit
460 1837 577 1893 eumque
599 1822 709 1893 rogauit
730 1823 875 1878 restituere
898 1821 1077 1878 hereditatem
1100 1820 1172 1877 lilino
1195 1837 1276 1892 suae,
1300 1822 1329 1878 id
1347 1827 1391 1880 est
1407 1823 1561 1879 testatoris:
1586 1838 1649 1878 cum
1668 1823 1753 1878 nollet

321 1913 397 1968 adire
414 1915 447 1968 ut
463 1916 633 1982 suspectam,
652 1914 764 1968 mactus
781 1911 858 1966 iussu
875 1912 1009 1979 praetoris
1027 1911 1086 1968 adit
1103 1917 1132 1966 et
1149 1912 1283 1968 restituit:
1307 1927 1369 1968 cum
1387 1916 1536 1983 emptorem
1555 1912 1680 1982 pignoris
1697 1927 1751 1967 non

321 2001 467 2072 inueniret,
492 2000 667 2056 desiderabat
688 2000 808 2071 permitti
831 1999 883 2055 sibi
902 1999 961 2055 iura
979 1999 1091 2056 dominii
1109 1998 1138 2054 id
1155 1999 1305 2072 possidere.
1337 2000 1479 2071 respondi:
1502 2001 1622 2056 aditione
1640 2000 1750 2071 quidem

320 2089 479 2146 hereditatis
497 2087 612 2146 conium
629 2089 759 2160 obligatio
777 2091 833 2144 est:
852 2088 995 2144 uideamus
1013 2094 1114 2159 autem,
1133 2105 1168 2146 nc
1186 2093 1214 2145 et
1230 2090 1330 2160 pignus
1346 2089 1491 2146 liberatum
1503 2091 1539 2146 sit
1550 2088 1662 2146 sublata
1672 2095 1750 2144 natu-
1768 2099 1772 2142 l

321 2179 371 2235 ruli
388 2178 562 2250 obligatione.
592 2179 687 2249 atquin
705 2179 763 2234 siue
781 2177 906 2248 possidet
923 2177 1041 2234 creditor
1058 2184 1135 2235 actor
1153 2178 1279 2248 idemque
1297 2178 1450 2235 horestem
1469 2180 1529 2236 siue
1546 2193 1602 2234 uon
1617 2178 1750 2250 possidet,

320 2268 464 2324 uideamus
481 2268 516 2324 de
535 2268 634 2324 ellectu
652 2268 700 2324 rei.
731 2271 760 2322 et
778 2267 801 2322 si
819 2266 955 2338 possidet,
975 2267 1049 2322 nulla
1067 2267 1173 2324 actione
1192 2283 1209 2322 a
1225 2265 1475 2324 fideicommissario
1493 2267 1633 2324 conueniri
1650 2271 1750 2338 potest,

321 2374 410 2429 neque
427 2358 619 2429 pignoratitia,
639 2357 767 2426 quoniam
785 2355 950 2411 hereditaria
967 2361 1011 2411 est
1028 2356 1108 2426 actio,
1127 2372 1215 2427 nequo
1232 2355 1485 2426 fideicommissum,
1503 2358 1583 2427 quasi
1600 2357 1693 2412 miuus
1710 2371 1750 2412 re

321 2448 452 2518 stituerit,
471 2452 545 2504 recte
562 2450 685 2517 petetur:
703 2445 777 2516 quod
795 2446 925 2514 eueniret,
945 2445 969 2500 si
987 2445 1090 2501 nullum
1107 2446 1209 2517 pignus
1226 2447 1438 2503 intercessisset:
1457 2446 1581 2518 possidet
1598 2447 1672 2502 cuim
1691 2461 1750 2502 eam

321 2553 379 2594 rem
397 2537 477 2608 quasi
495 2536 620 2592 creditor.
648 2535 697 2591 aed
715 2540 744 2589 et
760 2535 785 2590 si
801 2532 1069 2592 fideicommissarius
1087 2549 1143 2591 rem
1162 2539 1263 2606 terem,
1282 2541 1310 2592 et
1327 2535 1372 2592 hic
1390 2534 1523 2592 Seruiana
1539 2537 1611 2592 actio
1631 2534 1749 2592 tenebit:
1767 2549 1772 2588 ι

321 2642 416 2684 uerum
435 2631 478 2682 est
495 2626 567 2682 enim
585 2640 640 2681 non
657 2639 719 2680 esse
737 2623 853 2679 solutam
872 2624 1024 2695 pecuniam,
1043 2624 1272 2694 quemadmodum
1291 2625 1414 2695 dicimus,
1433 2641 1496 2680 cum
1508 2625 1611 2682 amissa
1622 2626 1750 2681 estaotio

321 2721 433 2787 propter
449 2715 647 2800 exceptionem.
680 2713 763 2783 igitur
780 2728 835 2770 uon
853 2717 960 2770 mutum
978 2713 1109 2784 retentio,
1127 2713 1177 2769 sed
1195 2715 1277 2770 etiam
1295 2715 1391 2785 petitio
1409 2715 1531 2784 pignoris
1548 2715 1660 2772 uomina
1678 2731 1750 2772 com·

321 2806 391 2878 petit
412 2809 441 2860 ct
463 2805 583 2860 solutum
605 2818 660 2860 non
683 2806 830 2873 repetetur.
866 2807 991 2858 remanet
1013 2817 1079 2872 ergo
1101 2807 1212 2873 propter
1231 2804 1332 2874 pignus
1350 2804 1481 2859 naturalia
1498 2803 1639 2874 obligatio.
1677 2805 1706 2861 in
1722 2819 1750 2860 re

272 2913 288 2942 ο
322 2898 415 2951 autem
432 2893 540 2962 integra
557 2908 612 2950 non
629 2897 752 2963 putarem
772 2891 988 2963 compellendum
1007 2892 1092 2962 adire,
1111 2893 1162 2948 nisi
1180 2893 1255 2964 prius
1273 2893 1308 2949 de
1326 2893 1504 2948 indemnitate
1515 2899 1591 2949 esset
1602 2895 1629 2950 ei
1641 2899 1750 2951 cautum

322 2984 367 3040 uel
387 2983 478 3058 soluta
494 2982 612 3053 pecunia
629 2986 717 3038 esset:
740 2997 803 3036 nam
822 2985 850 3036 ct
868 2996 930 3036 cum
950 2981 985 3036 dc
1003 2981 1079 3036 lucro
1097 2981 1176 3037 berea
1194 2983 1311 3054 scriptus
1330 2999 1347 3037 a
1364 2983 1425 3053 sit²,
1449 2982 1523 3052 quod
1541 2981 1612 3038 forte
1630 2985 1750 3054 legatum
1767 2995 1772 3035 ι

323 3073 442 3143 accepit,
464 3072 488 3126 si
505 3071 584 3126 heres
602 3086 656 3126 non
675 3071 819 3141 extitisset,
838 3085 998 3141 responsum
1018 3076 1061 3126 est
1078 3087 1133 3128 non
1150 3086 1212 3126 case
1230 3071 1382 3141 cogendum
1402 3071 1477 3128 adire
1494 3072 1547 3128 nisi
1565 3072 1658 3142 legato
1675 3089 1751 3145 prae·

256 3208 263 3222 .
323 3163 397 3220 alito.
428 3160 476 3216 ubi
498 3160 608 3230 quidem
631 3160 721 3230 potuit
740 3159 794 3214 dici
812 3174 863 3214 uec
882 3161 1036 3230 cogendum
1055 3176 1115 3216 ease
1134 3148 1260 3218 heredem
1279 3160 1354 3216 adire
1371 3161 1573 3232 quodammodo
1591 3167 1688 3218 comba
1704 3177 1750 3218 no·

321 3253 455 3308 luentem
473 3247 603 3319 defuncti,
622 3248 669 3318 qui
687 3247 803 3318 legando
821 3247 923 3320 heredi,
942 3250 965 3304 si
984 3265 1038 3306 non
1057 3250 1169 3318 adisset,
1187 3251 1215 3306 in
1233 3251 1319 3320 ipsius
1332 3251 1472 3306 uoluntate
1484 3251 1578 3320 posuit
1589 3251 1750 3308 sdihnnem:

291 3351 304 3396 1
323 3341 373 3398 aed
391 3356 452 3396 cum
471 3341 588 3395 testator
605 3338 762 3393 alterutrum
782 3336 896 3407 dederit,
917 3354 967 3394 nos
985 3343 1131 3410 utrumque
1150 3339 1175 3396 ei
1192 3345 1372 3410 praestamus.
1409 3340 1450 3395 Ea
1468 3355 1538 3410 quae
1556 3340 1652 3398 dotem
1669 3341 1751 3398 dabat

322 3433 482 3501 pantocrat
499 3443 561 3484 cum
579 3427 691 3496 marito,
709 3430 741 3482 ut
758 3431 865 3482 mortua
883 3442 913 3482 se
931 3428 960 3484 in
978 3429 1150 3484 matrimonio
1169 3427 1240 3484 dotis
1258 3445 1322 3499 pars
1340 3430 1420 3486 matri
1438 3429 1497 3484 eius
1514 3428 1684 3501 redderetur,
1702 3445 1751 3487 nec
1766 3440 1772 3481 r

324 3535 357 3576 eo
380 3519 489 3574 nomine
511 3516 652 3587 stipulatio
675 3531 692 3570 a
713 3520 801 3572 matre
822 3516 984 3586 interposite
1006 3521 1062 3572 est:
1085 3519 1202 3574 moriens
1226 3517 1326 3573 deinde
1346 3523 1461 3574 matrem
1479 3523 1508 3574 et
1525 3520 1655 3575 maritum
1673 3535 1749 3576 suum

323 3607 451 3664 heredem
470 3605 574 3662 lecerat
591 3609 620 3660 et
637 3621 655 3660 a
672 3609 758 3662 matre
776 3606 900 3676 petierat,
919 3611 951 3660 ut
969 3605 1146 3662 hereditatem
1164 3607 1236 3662 Titio
1255 3608 1421 3664 restitueret:
1442 3607 1451 3672 ll
1470 3608 1554 3664 iudex
1572 3609 1700 3666 addictus
1717 3609 1772 3665 del

323 3696 474 3754 hereditate
498 3694 646 3751 diuidenda
667 3699 773 3765 partem
797 3694 870 3750 dotis
892 3695 971 3764 quasi
995 3710 1029 3750 cx
1052 3696 1112 3750 utili
1133 3701 1216 3766 pacto
1238 3711 1288 3766 pro
1310 3697 1406 3767 parte⁸
1429 3698 1509 3752 matri
1529 3697 1748 3756 adiudioaucrat:

324 3785 514 3858 quaerebatur,
533 3801 568 3840 an
586 3787 615 3840 ct
632 3799 666 3839 ea
683 3784 772 3854 portio
790 3799 825 3839 ex
842 3799 928 3840 causa
944 3782 1147 3840 fideicommissi
1164 3785 1330 3855 praestanda
1347 3785 1391 3842 eit.
1422 3803 1503 3857 quam
1521 3803 1577 3844 non
1594 3803 1658 3844 esse
1675 3788 1748 3844 resti·

324 3875 455 3933 tuendam
473 3879 555 3946 puto,
573 3874 711 3944 quianon
729 3874 809 3942 quasi
825 3872 913 3942 heres,
931 3873 981 3929 sed
999 3875 1076 3944 quasi
1096 3879 1182 3930 mater
1200 3880 1333 3944 expecto
1351 3877 1459 3947 accepit
1475 3891 1526 3932 nec
1543 3878 1689 3934 occasione
1706 3877 1772 3932 beo

324 3965 457 4036 ruditatis,
475 3963 525 4020 sed
543 3977 634 4019 errore
652 3978 686 4018 ex
703 3965 786 4034 pacto
804 3977 865 4017 eam
882 3961 987 4018 hahuit.

189 4055 227 4115 62
242 4051 307 4133 (60)
376 4055 454 4109 loun
476 4051 545 4108 libro
569 4051 713 4108 undecimo
730 4052 929 4121 quaestionum.
966 4053 1099 4108 Patronus
1117 4067 1153 4108 ox
1170 4051 1263 4108 dehita
1280 4053 1404 4124 portione
1422 4053 1502 4110 heres
1519 4055 1558 4110 in·
1577 4049 1772 4141 Q:

324 4143 437 4200 stitutus
455 4147 561 4198 sextam
579 4145 685 4214 partem
703 4141 847 4196 restituere
864 4145 977 4212 rogatus
995 4143 1127 4198 restituit:
1147 4158 1201 4198 non
1219 4147 1362 4198 transeunt
1379 4157 1413 4198 ox
1430 4143 1602 4200 Trebelliano
1621 4147 1749 4216 actiones,

324 4232 453 4302 quoniam
472 4246 526 4288 non
544 4227 596 4286 luit
614 4229 736 4286 debitum
754 4230 828 4302 quod
847 4231 975 4301 restituit,
994 4234 1022 4286 et
1038 4231 1101 4287 ideo
1119 4232 1143 4286 si
1160 4247 1209 4304 per
1226 4247 1343 4288 errorem
1361 4229 1435 4303 iecit,
1453 4233 1535 4289 ιιίιιιι
1555 4241 1702 4306 repetetur.

325 4346 566 4418 F(WDEQIGK)

327 4512 336 4546 ¹
355 4525 417 4565 oum
434 4507 638 4580 praeteriisset?
709 4507 856 4580 ’scriptus
874 4525 891 4564 a
909 4509 954 4580 sit]
972 4509 1102 4566 sodicitus
1120 4510 1176 4566 siti
1246 4511 1258 4546 ³
1275 4525 1325 4582 pro
1342 4516 1420 4582 parte
1439 4514 1486 4566 dol.

327 4679 579 4733 ooonourrentcm
596 4679 623 4732 F
661 4678 820 4734 daummisi
839 4679 865 4732 F
903 4677 1014 4734 bbere·
1066 4681 1102 4735 28
1119 4683 1260 4736 remanet*
1277 4681 1315 4734 Ε)
1335 4681 1339 4738 Ι
1360 4680 1406 4736 in*
1423 4696 1453 4736 re
1476 4683 1516 4735 F’
1567 4683 1603 4738 30
1626 4699 1645 4738 s
1662 4683 1750 4754 sitlli

327 4749 435 4804 ditarii
454 4749 491 4801 F‘
513 4752 517 4816 Ι
539 4753 636 4819 postea
653 4750 784 4819 accessct]
804 4751 837 4815 F,
855 4755 953 4820 postea
970 4767 1014 4806 ac·
1066 4751 1139 4808 absit
1151 4756 1179 4822 fi
1203 4751 1276 4806 adsit
1290 4751 1432 4817 would,
1455 4753 1523 4810 assit
1549 4753 1585 4821 Q,
1610 4757 1710 4812 msedt
1725 4755 1754 4812 K

327 4821 457 4876 cessisset
465 4823 545 4892 s(m.
558 4839 579 4874 o.
591 4820 663 4888 XV)
711 4821 791 4892 dab]
808 4821 881 4876 adF
923 4823 957 4876 10
975 4823 1014 4878 ni·
1066 4823 1101 4878 33
1118 4823 1274 4878 cunonF’
1317 4823 1351 4878 36
1367 4829 1479 4880 matrem
1493 4827 1749 4884 etmaritumsuum

327 4891 447 4948 bilboF
500 4894 533 4946 11
558 4897 708 4946 moraretur
731 4893 758 4946 F
810 4894 844 4948 13
867 4893 1015 4949 admittunt
1066 4893 1193 4950 herodem
1206 4893 1309 4950 lecerat
1320 4895 1465 4950 statui*
1495 4898 1531 4952 38
1540 4897 1750 4954 *diuidendai't

327 4961 480 5019 iructuml'
519 4965 553 5017 21
566 4963 789 5034 actoridemquc]
804 4965 869 5030 Hit,
887 4964 1014 5035 idemque
1066 4965 1249 5021 cuononi*
1273 4965 1414 5022 tibersa
1424 4967 1462 5021 F‘
1488 4969 1523 5023 43
1533 4968 1756 5028 trebellianumF

329 5035 451 5106 aowrQ,
469 5035 595 5106 idemque
609 5034 781 5092 WDd'lGK
819 5035 1013 5092 tbett‘hicF‘
1065 5039 1102 5094 44
1119 5037 1247 5096 restituiit
1265 5037 1308 5103 Ρ,
1326 5038 1432 5094 mstilui
1449 5038 1477 5094 in
1495 5039 1531 5092 F·
1563 5067 1572 5075 ·
