3584 5454
32 283 42 290 -
80 263 126 312 ss
147 264 434 312 nmnnamomeus
493 327 495 332 ¹
536 335 537 338 Ἴ
755 242 839 322 711
1176 207 1383 319 xxxxvte
1404 259 1519 316 58-6'1

81 404 202 458 solutum
221 407 278 472 eat,
297 402 486 472 adrogantium
505 417 535 458 se
553 402 673 472 dederit,
697 403 757 459 siue
775 408 865 460 ratum
882 405 980 462 habult
997 411 1090 478 pater,
1114 411 1175 463 rata
1192 408 1293 464 solutio
1311 413 1373 478 eet,·
1388 410 1447 466 siue
1465 427 1520 467 non

44 500 61 545 2
81 489 187 558 habuit,
205 497 329 562 repetere
348 491 456 547 debitor
473 495 574 562 potest.
610 491 648 546 Et
665 492 690 546 si
707 491 763 548 duo
785 494 826 548 rei
850 494 998 565 stipulandi
1017 501 1096 566 eunt,
1120 511 1237 566 quorum
1261 499 1373 553 alterius
1397 497 1520 554 absentis

80 581 252 651 procuratori
269 580 390 650 datum1,
414 585 561 650 antequam
580 580 604 635 is
622 585 713 636 ratum
731 581 859 654 baberet,
883 583 991 638 interim
1017 585 1095 640 alteri
1118 587 1238 641 solutum
1263 591 1318 656 eet,
1341 587 1370 641 in
1388 585 1521 656 pendenti

81 673 127 725 est
143 669 278 739 posterior
295 670 413 725 solutic²
431 685 464 724 ac
481 670 570 740 prior:
588 671 691 740 quippe
708 672 842 726 incertum
861 676 912 741 cst7
931 671 1055 728 debitum
1074 689 1110 728 an
1127 673 1280 729 indebitum
1299 673 1431 744 exegerit.
1538 691 1554 731 s

18 756 61 815 59
135 759 255 814 Paucos
278 757 348 813 libro
371 757 494 814 secundo
517 759 553 813 ad
570 759 717 814 Plautium.
754 757 784 815 Si
802 760 843 814 ita
861 760 1010 830 stipulatas
1028 762 1093 816 sim:
1112 761 1185 817 ‘mihi
1204 768 1253 818 act
1269 763 1344 818 Titio
1363 756 1520 846 ᾔῖοζῐῖο
1537 773 1565 828 Ε

80 846 156 902 ‘dare
173 847 321 918 spondeal'
340 853 370 903 et
387 847 495 902 debitor
512 847 687 902 constituerit
703 863 733 903 se
752 847 818 902 mihi
836 849 997 920 soluturum,
1016 852 1143 921 quamuis
1161 851 1227 906 mihi
1245 839 1519 922 competatTd'e'con

81 935 283 1006 admiscetis,
308 935 508 1007 potestatibus
526 936 635 991 adiecto
653 937 769 992 soluere.
797 941 826 992 et
843 938 867 992 si
885 953 903 992 a
919 937 976 995 filio
994 937 1111 996 familias
1130 941 1195 996 mibi
1213 947 1262 996 aut
1279 941 1353 997 Titio
1371 941 1519 1011 stipulatur
1614 941 1616 946 '

81 1027 147 1096 sim,
165 1029 272 1096 patrem
291 1039 373 1095 posse
392 1025 466 1080 Titio
485 1025 592 1080 soluere
609 1025 684 1094 quod
702 1025 731 1080 in
748 1026 856 1094 peculio
874 1032 930 1098 est,
950 1027 1055 1084 seilicet
1073 1029 1097 1084 si
1116 1045 1180 1098 sno,
1198 1044 1253 1086 non
1271 1028 1320 1084 filii
1337 1031 1448 1085 nomine
1465 1031 1519 1086 sol·

80 1129 147 1172 nere
165 1115 245 1170 uelit:
268 1115 333 1170 dum
352 1115 425 1170 enim
444 1113 552 1169 adiecto
570 1113 699 1184 soluitur,
719 1114 785 1170 mibi
805 1113 816 1183 ll
835 1116 905 1171 solui
923 1115 1046 1172 uidetur:
1069 1121 1098 1172 et
1116 1118 1179 1174 ideo
1197 1119 1221 1173 sl
1238 1117 1391 1174 indebitum
1410 1119 1518 1176 adiecto
1537 1131 1553 1177 t.
1565 1131 1611 1178 att

81 1205 200 1260 solutum
219 1205 264 1274 sit,
283 1203 437 1274 stipulatori
449 1217 531 1274 posse
543 1201 650 1258 cundici
662 1202 784 1258 lulianus
794 1208 889 1273 putat:
907 1209 939 1259 ut
952 1204 1018 1260 nibil
1029 1205 1145 1277 intersit,
1162 1207 1272 1263 iubeam
1291 1203 1518 1292 Q
1538 1225 1566 1265 ro

80 1298 110 1350 tc
126 1294 201 1349 'litio
218 1293 326 1349 soluere
344 1309 380 1348 an
398 1291 434 1348 ab
451 1292 530 1347 initio
547 1291 688 1362 stipulatio
705 1292 745 1346 ita
763 1298 897 1363 concepta
914 1293 958 1348 sit

19 1379 64 1439 60
134 1383 211 1438 lusu
228 1381 298 1438 libro
316 1386 414 1452 quarto
433 1380 626 1436 adPlautium.
656 1381 693 1450 is,
712 1381 759 1452 qui
777 1382 896 1438 ahenum
914 1381 1052 1439 hominem
1070 1385 1099 1440 in
1117 1385 1236 1441 solutum
1256 1384 1340 1456 dedit,
1359 1378 1516 1472 Qu
1534 1394 1562 1452 Ε

79 1475 217 1542 macaptc
232 1471 343 1526 homine
359 1470 499 1526 liberatur.

20 1559 62 1616 61
134 1559 212 1615 ineu
228 1558 298 1614 libro
310 1560 406 1629 quinto
418 1559 454 1614 ad
465 1559 612 1614 Plautium.
633 1558 670 1618 ¹In
682 1565 845 1628 perpetuum
858 1559 985 1629 quotiens
1000 1559 1038 1631 id,
1056 1560 1130 1630 qnod
1148 1559 1199 1618 tibi
1217 1559 1342 1632 debeam,
1362 1557 1518 1644 [Βῗοοᾟ
1535 1572 1564 1628 Ε

81 1649 116 1704 sd
134 1653 163 1705 te
180 1649 307 1719 peruenit
324 1653 353 1703 et
370 1647 420 1704 tibi
438 1647 504 1704 nihil
521 1645 595 1702 absit
611 1661 663 1702 nec
681 1646 756 1716 qnod
774 1646 892 1703 solutum
911 1651 955 1704 eet
972 1649 1059 1719 repeti
1076 1651 1173 1720 possit,
1192 1649 1324 1720 competit
1339 1637 1517 1708 libus-tiu—
1536 1667 1565 1708 rc

20 1736 63 1794 62
133 1738 212 1794 lonas
228 1736 298 1792 libro
316 1741 416 1792 οοῑοοο
438 1737 474 1792 ad
492 1737 637 1792 Plautium.
674 1737 898 1807 Dispensatorem
923 1751 1014 1792 meum
1038 1743 1204 1794 testamento
1226 1737 1342 1794 liberum
1374 1735 1517 1809 ῇοῖοἶὸξ
1534 1749 1564 1804 Ε

79 1842 142 1883 csse
159 1828 227 1882 inssi
244 1830 273 1881 ct
290 1826 427 1896 peculium
446 1826 472 1881 ei
489 1825 594 1895 legani:
613 1825 637 1880 is
654 1831 719 1895 post
736 1831 851 1880 mortem
870 1841 959 1880 meam
979 1841 996 1881 a
1013 1825 1184 1883 debitoribus
1202 1828 1335 1898 pecunias
1353 1815 1517 1898 θηεῖτο-ἑο

80 1916 160 1972 heres
178 1931 257 1972 mens
275 1915 393 1970 retinere
411 1929 446 1970 ex
463 1915 571 1984 peculio
589 1914 648 1970 cius
666 1913 740 1984 quod
759 1915 854 1984 exegit
870 1915 966 1984 possit,
984 1915 1132 1984 quaeritur.
1160 1922 1189 1972 et
1206 1917 1230 1972 si
1248 1915 1359 1986 quidem
1377 1921 1442 1987 post
1459 1917 1516 1973 adl·

79 2011 137 2061 tam
154 2005 335 2062 hereditatem
354 2003 477 2072 exegerit
493 2003 646 2073 pecuniam,
665 2001 784 2058 dubitari
802 2018 857 2058 non
876 2001 967 2072 dehet,
987 2004 1055 2072 quin
1073 2003 1108 2058 dc
1119 2005 1228 2075 peculio
1239 2019 1272 2060 eo
1285 2005 1395 2062 nomine
1407 2007 1519 2062 retinui

79 2095 146 2151 nihil
163 2093 279 2164 debeat,
296 2093 362 2163 quis
378 2091 447 2147 liber
464 2090 554 2148 iactus
572 2092 668 2162 incipit
686 2089 800 2160 debere,
824 2092 849 2146 si
866 2089 1016 2148 liberantur
1039 2093 1178 2156 solutione
1193 2092 1341 2149 debitores.
1369 2109 1432 2150 cum
1451 2110 1518 2152 nero
1537 2110 1567 2151 ro

79 2189 144 2240 ante
162 2183 266 2238 aditam
283 2181 463 2238 hereditatem
482 2181 627 2251 pecuniam
646 2181 754 2250 aceepit
771 2179 952 2250 dispensator,
971 2181 995 2235 si
1013 2181 1124 2250 quidem
1142 2181 1292 2238 liberantur
1304 2181 1443 2240 debitores
1458 2185 1519 2254 ipsa

78 2274 228 2341 solutione,
253 2285 309 2326 non
326 2274 370 2326 est
387 2268 514 2340 dubium,
538 2270 604 2339 quin
621 2269 656 2324 dc
674 2267 784 2339 peculio
806 2268 835 2323 id
858 2268 1031 2324 retinendum
1049 2270 1099 2340 sit,
1124 2270 1190 2340 qnia
1212 2269 1309 2341 insipit
1331 2270 1432 2327 debere
1455 2271 1517 2328 hio¹

78 2361 174 2417 heredi
191 2361 272 2431 quael
288 2359 461 2430 negotiorum
479 2363 620 2429 gestorum
638 2359 683 2414 uel
701 2357 825 2413 mandati
842 2357 959 2414 actione.
987 2357 1012 2413 si
1029 2373 1096 2415 nero
1115 2375 1170 2414 non
1187 2357 1352 2431 liberantur,
1370 2359 1417 2416 illa
1434 2375 1518 2430 quae·

78 2452 133 2507 etio
151 2455 208 2506 est:
226 2463 290 2504 cum
308 2447 450 2518 οοςοοὶοοι
469 2462 560 2502 mcum
578 2461 677 2517 gerens
696 2462 713 2502 a
730 2444 900 2502 debitoribus
918 2446 987 2502 meis
1006 2447 1153 2518 acceperis,
1171 2447 1272 2504 deinde
1289 2463 1343 2518 ego
1354 2455 1442 2504 ratum
1462 2463 1518 2505 non

78 2539 202 2596 habuero
220 2541 249 2594 et
266 2553 331 2593 mox
348 2551 431 2606 agere
449 2537 531 2592 uelim
550 2535 723 2605 negotiorum
741 2539 883 2604 gestorum
902 2535 1024 2607 eodone,
1048 2553 1084 2592 an
1107 2537 1211 2592 utiliter
1234 2552 1330 2607 agana
1354 2538 1378 2592 si
1402 2553 1516 2594 caueam
1536 2551 1566 2594 aa

78 2633 108 2684 te
125 2627 282 2684 indemnem
300 2624 431 2680 interum.
459 2624 534 2695 quod
552 2623 663 2694 quidem
681 2639 734 2693 ego
753 2638 808 2679 non
825 2629 907 2694 puto:
925 2639 989 2679 nam
1002 2623 1112 2681 sublata
1123 2630 1167 2680 est
1183 2626 1357 2696 negotiorum
1375 2630 1516 2697 gestorum

78 2718 151 2774 actio
169 2731 212 2787 ec,
230 2715 306 2785 quod
323 2719 412 2770 ratum
431 2727 486 2770 non
504 2711 601 2768 habui:
620 2714 666 2768 et‘
683 2728 733 2784 per
749 2712 802 2768 hoc
820 2711 929 2768 debitor
946 2713 1012 2770 mihi
1030 2714 1214 2771 constituitur.

22 2807 61 2866 63
131 2808 210 2862 lnnrr
232 2803 302 2861 libro
324 2817 397 2860 nono
419 2802 455 2858 ad
478 2802 625 2858 Plautium.
661 2801 691 2858 Si
715 2801 824 2858 debitor
846 2803 883 2856 sit
905 2803 978 2858 serui
1000 2800 1180 2875 fructuarius,
1203 2809 1296 2875 potest
1317 2805 1341 2862 is
1359 2800 1516 2890 ffi'e's
1535 2813 1562 2868 Ε

77 2911 176 2952 seruus
198 2909 249 2965 per
270 2893 508 2964 acceptilationem
532 2889 649 2947 liberare
672 2905 748 2946 enm:
773 2889 913 2947 uidebitur
936 2893 1010 2948 enirn
1033 2907 1069 2948 ex
1089 2907 1120 2948 re
1138 2893 1198 2948 elus
1215 2893 1368 2965 adquirere.
1396 2882 1516 2952 ider‘ffin

77 2990 161 3056 paeto
179 2983 312 3038 dicemus.
1126 3047 1127 3050 Ἴ
1536 2997 1565 3039 ao

22 3075 60 3133 64
132 3073 210 3128 ineu
227 3070 296 3126 libro
314 3075 413 3140 quarto
431 3068 539 3124 decimo
557 3068 593 3124 sd
604 3067 750 3124 Plautium.
777 3067 847 3125 (ium
860 3069 938 3124 iussu
950 3083 1012 3125 mec
1024 3067 1061 3139 id,
1079 3069 1153 3139 quod
1167 3069 1234 3126 mihi
1245 3069 1340 3144 debes,
1358 3067 1516 3156 [ᾗῖοἶοᾟ
1534 3081 1561 3136 Ε

77 3162 165 3218 solcis
181 3160 310 3216 eruditori
328 3173 399 3228 meo,
418 3163 447 3213 et
464 3162 495 3212 tn
514 3173 531 3212 a
549 3173 593 3214 me
611 3163 640 3213 et
657 3172 711 3227 ego
729 3172 747 3212 a
764 3155 899 3212 creditore
917 3171 979 3213 meo
997 3156 1106 3214 liberor.
1373 3147 1516 3157 “““““

23 3253 60 3312 65
131 3249 304 3306 Porrsourus
326 3247 395 3304 libro
416 3247 505 3317 primo
529 3261 564 3302 ex
582 3246 698 3302 Hautio.
734 3243 764 3301 Si
787 3243 845 3301 filia
862 3241 1515 3332 Q
1533 3259 1561 3314 Ε

75 3337 173 3395 iarical
191 3354 210 3394 a
226 3339 287 3394 ciro
304 3337 460 3406 diuorterit·,
478 3335 582 3391 dictum
600 3339 644 3391 est
661 3335 706 3391 uel
723 3333 845 3404 adgnato
863 3339 983 3391 curatori
1001 3335 1143 3392 uoluntate
1161 3335 1233 3392 tiliae
1250 3338 1296 3393 uel
1314 3335 1384 3392 tiliae
1401 3351 1515 3393 consen

76 3429 163 3484 tiente
182 3427 304 3497 adgnato
321 3426 393 3482 solui
410 3425 512 3480 dotem.
1534 3440 1563 3481 aa

23 3521 60 3581 66
129 3517 208 3572 insu
224 3514 294 3572 libro
313 3518 392 3571 sexto
410 3529 445 3568 ex
457 3514 573 3570 Plautio.
604 3511 633 3568 Si
645 3511 740 3583 pupilli
752 3509 861 3568 debitor
872 3510 984 3568 iubente
998 3525 1032 3568 eo
1050 3512 1109 3568 sine
1126 3513 1226 3568 tutoris
1244 3517 1337 3570 aucto·
1370 3508 1514 3582 rimu—so
1532 3524 1560 3578 Ε

76 3606 159 3661 ritate
176 3605 319 3676 pecuniam
345 3603 474 3659 creditori
497 3602 557 3658 eius
579 3601 746 3671 numerand,
769 3601 902 3671 pupillum
926 3601 1035 3670 quidem
1060 3615 1078 3656 a
1098 3600 1234 3656 creditore
1251 3601 1362 3672 liberat,
1386 3590 1514 3673 sedip's‘e¹

76 3699 172 3750 manet
188 3692 340 3762 obligatus:
359 3692 409 3748 esd
426 3692 588 3761 exceptione
607 3690 727 3756 setueri
745 3695 846 3760 potest
874 3690 898 3744 ei
916 3695 1008 3745 autem
1027 3689 1136 3744 debitor
1152 3689 1248 3759 pupilli
1266 3704 1322 3746 non
1338 3689 1442 3762 iuerat,
1463 3705 1515 3747 nec

75 3783 180 3854 pupillo
198 3781 343 3838 condicere
360 3785 461 3853 potest,
479 3782 527 3850 qui
544 3781 603 3836 sine
620 3779 720 3835 tutoris
737 3778 901 3834 auctoritate
918 3791 973 3833 non
991 3776 1136 3849 obligatur,
1155 3793 1207 3834 nec
1224 3779 1360 3849 creditori,
1378 3793 1441 3836 cum
1459 3795 1514 3850 quo

76 3872 190 3928 alterium
207 3871 285 3927 iussu
303 3871 454 3926 contraxit:
473 3870 523 3926 eed
540 3869 661 3940 pupillus
679 3868 708 3924 in
725 3871 858 3938 qnantum
875 3867 1037 3938 locupletior
1053 3865 1144 3923 iactes
1162 3871 1213 3938 eet,
1231 3872 1328 3939 utpote
1342 3867 1436 3924 debito
1448 3867 1513 3926 libe·
1533 3883 1562 3925 so

75 3966 162 4030 ratus,
179 3960 240 4016 utili
258 3959 365 4015 actione
382 3958 530 4014 tenebitur.
837 3963 838 3966 ’

23 4055 59 4114 67
129 4050 311 4106 Misenates
334 4047 404 4103 libro
426 4049 509 4103 tertio
534 4047 641 4103 decimo
664 4045 843 4116 digestcmm.
880 4044 910 4100 Si
928 4045 990 4115 quis
1007 4043 1078 4100 duos
1095 4043 1220 4100 homines
1237 4045 1337 4115 promi·
1355 4040 1513 4130 Q
1530 4056 1558 4111 Β

75 4139 143 4195 serit
161 4145 190 4194 et
207 4137 331 4194 Stichum
350 4138 470 4207 soluerit,
488 4137 589 4207 poterit
606 4135 729 4191 eiusdem
748 4133 835 4190 Stichi
853 4133 1003 4190 dominium
1021 4137 1119 4204 postea
1137 4137 1318 4190 consecutus*
1336 4135 1428 4192 dando
1446 4133 1512 4192 libe·

75 4229 139 4284 rari.
165 4228 194 4282 in
211 4229 331 4282 nummis
349 4227 437 4282 minor
455 4227 500 4282 uel
517 4240 603 4296 prope
621 4225 696 4279 nulla
713 4223 849 4278 dubitatio
867 4227 922 4278 est:
941 4239 1004 4278 nam
1023 4226 1052 4278 et
1069 4223 1144 4294 apud
1162 4221 1291 4279 Alienum
1309 4223 1422 4280 Seruius
1440 4239 1512 4296 eum,
1528 4245 1542 4270 ·

75 4317 123 4388 qni
140 4315 232 4372 minus
250 4331 268 4371 a
285 4315 410 4372 debitore
429 4329 480 4370 suo
499 4315 623 4385 accipere
641 4319 670 4370 et
686 4313 803 4370 liberare
822 4328 885 4368 eum
903 4313 995 4384 nollet,
1013 4301 1156 4383 respondit
1170 4327 1253 4384 posse
1265 4313 1376 4384 saepius
1388 4312 1513 4384 οῐίοοοοο
1531 4327 1560 4368 sc

75 4431 269 4502 sorraco)

76 4589 211 4660 ¹datcm]
230 4591 308 4647 tum?
379 4591 497 4660 ’aeque
516 4598 562 4646 tm.
633 4588 735 4646 ⁸hosi
805 4587 1245 4661 ‘et1requtrlturneecuicaui
1310 4590 1434 4646 ‘rursus
1448 4601 1512 4644 eum

75 4671 123 4720 ias.
142 4663 228 4730 (uiua
248 4663 339 4726 huiusi
358 4662 416 4730 Bt?
486 4659 640 4730 ⁶aliquot?

75 4809 192 4868 2duo's'
204 4811 243 4866 rei
256 4809 292 4865 Ρ*
341 4813 375 4868 17
388 4828 424 4866 an
435 4811 516 4867 ireres
576 4811 670 4881 exegit
681 4810 765 4867 teste
821 4806 884 4865 F¹':
904 4810 992 4864 astdc
1010 4807 1074 4880 cirri
1094 4808 1109 4862 ir
1128 4810 1201 4880 cpoli
1221 4810 1404 4866 israelitem
1424 4829 1511 4875 cruar-

75 4883 112 4939 20
128 4883 214 4954 odiu
237 4883 288 4938 1⁵⁸²:
313 4882 363 4954 ἔχει
389 4881 434 4956 rip
457 4881 537 4946 siria
562 4882 602 4938 ὠο
625 4882 765 4954 iheiecpos
821 4880 935 4943 uciuroc
957 4880 1005 4942 τοῨ
1028 4881 1198 4953 κογρᾶτωροο
1219 4883 1268 4945 τοῨ
1291 4882 1391 4954 usrpdc
1413 4884 1452 4937 sal
1471 4883 1510 4950 τῷ

74 4953 247 5016 incestuosos
261 4955 406 5020 Bitiam)
445 4955 679 5022 '340urstoreFl
694 4951 767 5010 filiae
821 4953 965 5023 scupirmpr
977 4952 1148 5016 cunctacione
1157 4951 1392 5021 airricBiAnoa.)
1421 4953 1509 5023 360¹]

75 5025 120 5082 cel
136 5023 219 5094 tiliae]
238 5021 310 5080 iliae
328 5025 373 5080 uel
391 5023 448 5081 filia
466 5027 511 5092 Ρ,
535 5024 622 5081 lilia'e'
639 5027 767 5094 (amad)
821 5024 857 5078 ad
874 5025 910 5078 F¹
964 5025 998 5080 tl
1016 5023 1106 5080 utili's'
1118 5025 1227 5080 actione
1245 5023 1282 5078 F*

18 5345 139 5443 desa
