3480 5460
20 289 212 352 sammua
697 267 784 349 219
1121 255 1140 302 ·'
1159 273 1277 340 xxxv
1300 274 1320 340 2
1341 279 1457 336 er-ee

28 430 170 499 „xstitit
186 429 289 501 poterit
307 429 362 485 dici
380 431 474 500 augeri
491 429 584 500 legata
600 434 630 486 et
646 430 759 502 perinde
777 431 923 502 agendum,
942 447 975 487 eo
992 431 1016 487 si
1028 429 1142 487 cuilibet
1152 429 1280 487 coheredi
1291 429 1457 488 substitutus

32 523 131 584 pinet
145 531 227 589 eoque
244 519 391 574 omineuto
407 519 587 575 hereditatem
605 535 641 576 ex
658 533 721 574 asse
740 520 818 576 hores
836 523 1001 593 exstidssot,
1025 521 1090 591 quio
1108 535 1216 590 semper
1232 519 1398 576 substitutus
1414 535 1457 576 rs-

17 619 134 675 stonem
149 609 214 677 legis
225 608 367 664 Falcidiae
379 623 413 663 ex
425 609 578 678 quontitate
590 608 732 679 bonorum,
750 623 822 679 quae
839 615 919 681 pater
935 611 1083 681 reliquerit,
1100 616 1193 681 ponet.
1219 609 1324 664 Eadem
1342 609 1458 666 dicende

42 703 104 760 sunt
117 701 141 753 et
155 697 178 752 si
193 701 273 767 pater
290 697 362 752 duos
380 697 534 768 impuberes
553 697 667 753 heredes
684 698 834 754 instituerit
851 705 879 754 ot
896 697 1007 755 eosdem
1025 701 1142 756 inuicem
1161 697 1340 768 substituerit,
1358 699 1458 754 deinde

27 804 35 847 ι
46 795 100 848 iure
114 786 305 842 commotionis
323 786 361 840 ad
377 787 493 842 alterum
511 786 648 842 hereditas
665 787 810 843 recciderit
826 793 855 843 et
871 790 942 858 tegle
953 789 1091 844 Falcidiae
1103 789 1173 844 ratio
1190 787 1317 844 habende
1334 789 1378 844 sit
1405 788 1458 856 Qui
1475 799 1488 839 s

52 880 111 936 ilios
123 875 269 946 impuberes
287 875 359 931 duos
376 874 504 945 babebat,
523 877 637 932 alterum
656 875 783 931 heredem
803 877 928 947 instituit,
950 879 1065 934 alterum
1085 877 1276 946 exheredauit,
1294 876 1393 932 deinde
1410 891 1457 933 ox·

55 965 186 1022 homdabm
203 966 330 1020 instituto
348 963 491 1020 substituit
507 981 540 1020 ae
557 971 655 1036 postea
672 966 837 1023 exheredato
854 967 991 1024 hlaeuium
1009 972 1038 1022 et
1056 965 1090 1022 ab
1108 981 1142 1021 eo
1160 967 1276 1036 legeuit:
1299 971 1329 1021 et
1345 965 1457 1022 cahere

60 1057 120 1110 ons
133 1053 201 1109 huni
219 1053 354 1124 impuberi
372 1053 478 1108 exstitit
495 1053 583 1125 hero's,
602 1055 701 1111 deinde
719 1055 846 1126 impubes
864 1057 991 1112 decessit.
1020 1071 1082 1110 cum
1100 1055 1200 1112 iudicio
1213 1054 1457 1125 panistsoultstss

63 1149 159 1214 plamae
175 1157 223 1214 per
240 1157 353 1198 cansam
371 1142 564 1198 hereditariam
583 1159 617 1198 ox
636 1144 830 1201 substitutione
848 1145 884 1201 ad
903 1161 965 1200 sum
983 1145 1157 1216 perueniant,
1180 1149 1273 1214 potest
1294 1144 1349 1200 dici
1366 1145 1458 1214 legata

65 1232 126 1288 tec
138 1233 225 1288 relicta
241 1232 410 1302 praestanda
426 1247 489 1287 ease
507 1232 601 1288 habita
618 1235 722 1288 ratione
740 1235 810 1305 legis
822 1235 959 1290 Falcidiae
977 1235 1005 1288 in
1023 1233 1065 1290 his
1083 1233 1170 1303 bouis,
1189 1247 1260 1304 quae
1271 1239 1351 1304 pater
1362 1235 1457 1289 mortis
1476 1243 1503 1284 ro

67 1327 153 1392 euporo
169 1322 314 1392 reliquerit
342 1336 393 1378 nec
410 1321 474 1376 huio
491 1323 656 1378 conuentum
674 1328 725 1394 est,
743 1323 826 1393 quod,
845 1339 907 1378 oum
926 1323 1092 1379 exheredato
1109 1327 1187 1393 pater
1204 1324 1324 1392 legatum
1343 1322 1457 1392 dederit,

68 1409 123 1464 rillio
136 1411 215 1480 magis
233 1410 401 1466 substitutus
418 1411 516 1480 legatis
534 1410 713 1482 obligabitur,
736 1413 801 1483 quia
824 1427 857 1468 eo
878 1427 944 1468 casu
962 1426 1016 1468 nou
1034 1411 1193 1468 hereditatis
1211 1417 1342 1482 paternae
1359 1411 1457 1482 portio,

70 1499 100 1553 sel
111 1499 214 1570 legahnn
232 1499 269 1554 ad
286 1514 350 1554 eum
367 1501 501 1569 peruenit.
529 1499 603 1555 dicet
620 1501 733 1571 aliquis:
755 1501 821 1572 quld
840 1515 914 1571 ergo,
933 1501 957 1557 si
975 1500 1156 1558 exheredatus
1179 1499 1251 1556 dilus
1273 1515 1328 1556 non
1345 1520 1376 1555 so
1393 1500 1456 1556 sub-

71 1588 170 1643 titutisno
186 1588 262 1643 tratri
280 1603 331 1644 suo
349 1587 430 1644 heros
451 1589 601 1659 exstiterit,
625 1589 674 1644 sed
698 1596 747 1645 aut
769 1591 831 1660 logo
854 1595 903 1645 aut
924 1605 975 1661 per
996 1590 1183 1660 interpositam
1206 1603 1351 1660 personam
1374 1593 1457 1659 atque

71 1675 207 1747 irinpnbes
224 1678 394 1733 decesserit?
419 1679 459 1734 sic
477 1691 585 1748 quoque
603 1679 801 1734 existimandus
824 1680 876 1734 erit
893 1678 1059 1734 substitutus
1076 1679 1169 1749 legata
1186 1678 1306 1734 deberet
1332 1679 1456 1734 minime:
1475 1687 1504 1730 ro

71 1779 111 1819 un
126 1771 245 1836 quantum
267 1767 387 1836 intersit,
411 1767 594 1822 exheredatus
616 1765 689 1822 lilius
713 1783 747 1822 ex
770 1767 964 1822 substitutione
986 1765 1063 1822 tratri
1083 1783 1133 1824 suo
1151 1767 1231 1824 heres
1249 1763 1458 1852 [ffur—te—h}

72 1854 149 1910 unni
163 1871 196 1910 an
213 1856 268 1910 alio
285 1854 376 1924 modo,
395 1856 438 1910 uel
458 1871 492 1910 ex
510 1871 543 1911 eo
562 1863 689 1927 apparet,
708 1856 782 1926 quod
800 1857 868 1912 alias
886 1855 922 1910 ab
939 1871 973 1912 eo
991 1857 1083 1926 legare
1101 1863 1180 1928 pater
1196 1858 1299 1928 potuit,
1317 1858 1386 1913 alias
1402 1871 1458 1913 uon

71 1943 134 2009 potnit
155 1949 195 2000 ost
210 1945 296 2014 igitur
312 1945 411 2000 radoni
429 1959 591 2015 congruens,
609 1959 645 2002 ne
662 1946 724 2015 plus
741 1945 809 2001 iuris
821 1946 895 2000 circa
910 1959 1054 2015 personam
1067 1945 1209 2002 substituti
1220 1951 1337 2003 metator
1348 1945 1457 2017 babeat,

52 2039 124 2097 insu
136 2032 259 2090 habuerat
276 2035 304 2088 in
322 2034 427 2102 eo,·eui
445 2047 508 2089 eum
527 2033 720 2090 substituebat.
740 2034 867 2090 coheres
884 2035 987 2104 pupillo
1003 2034 1120 2090 damasi
1132 2039 1271 2105 proparte
1289 2051 1340 2090 suo
1356 2035 1457 2106 legata,

71 2115 132 2175 lehis
145 2123 206 2192 legis
223 2121 361 2178 Falcidiae
379 2123 496 2192 ratione,
515 2123 695 2194 praestiterit,
714 2123 813 2178 deinde
830 2123 972 2192 impubere
989 2129 1096 2180 mortuo
1115 2138 1149 2178 ex
1167 2123 1361 2180 substwticue
1377 2123 1457 2180 heres
1476 2135 1505 2176 so

71 2210 165 2266 wne:
179 2217 222 2268 et¹
242 2213 326 2267 semis
344 2213 440 2282 pupilli
457 2213 556 2281 legatis
574 2211 724 2268 exhaustus
742 2215 824 2282 esset,
843 2228 878 2267 ex
895 2213 1002 2282 integro
1019 2213 1089 2282 legis
1100 2213 1238 2268 Falcidiae
1248 2214 1319 2270 ratio
1330 2213 1458 2284 ponenda

72 2297 113 2366 trit,
129 2305 154 2355 ut
168 2299 327 2357 contributis
344 2301 457 2370 legatis,
481 2316 553 2371 quae
570 2300 606 2356 ab
624 2301 684 2372 ipsc
702 2307 731 2357 et
748 2315 819 2371 quae
836 2317 854 2355 a
870 2301 972 2371 pupillo
991 2301 1057 2356 data
1073 2300 1194 2372 inerant,
1212 2315 1277 2372 pars
1293 2306 1392 2373 quarta
1409 2301 1456 2359 bc·
1515 2369 1520 2382 ὓ

72 2399 135 2442 suun
148 2390 215 2462 apud
232 2405 297 2446 eum
313 2395 461 2446 remaneat
489 2391 554 2445 licet
571 2390 643 2446 euim
661 2391 764 2461 pupillo
781 2390 860 2445 heres
875 2391 999 2460 emittat,
1016 2395 1110 2446 tamen
1123 2392 1195 2446 circa
1206 2391 1295 2460 legem
1306 2391 1457 2448 Falcidiam

71 2477 147 2542 tunde
161 2479 226 2534 ratio
244 2478 362 2535 babetur
379 2493 412 2534 ao
430 2479 454 2534 si
471 2480 543 2549 patri
560 2479 640 2534 heros
657 2480 817 2535 exstitisset.
845 2493 897 2536 nee
914 2481 993 2536 aliter
1011 2479 1183 2550 augebuntur
1202 2480 1309 2552 legata,
1332 2495 1403 2551 queo
1421 2479 1457 2538 ab

72 2561 110 2631 litt
121 2569 177 2624 ultra
191 2569 354 2625 dodrantem
372 2569 439 2624 duta
456 2567 578 2639 unane,
602 2585 684 2639 quam
703 2575 853 2638 augentur,
876 2585 938 2624 eum
963 2585 997 2624 ex
1014 2573 1093 2640 parte
1110 2568 1189 2624 bores
1207 2570 1348 2624 institutus
1366 2574 1395 2624 ct
1412 2585 1456 2626 oo·
1475 2581 1504 2624 te

72 2648 133 2710 heredi
150 2673 195 2713 sno
215 2657 383 2714 substitutus
410 2657 578 2714 deliberante
595 2657 729 2714 coherede
747 2659 850 2728 legato,
875 2657 971 2713 habita
987 2659 1091 2714 ratione
1108 2658 1178 2728 legis
1195 2657 1346 2728 Falcidiae,
1365 2657 1456 2730 soluit,

72 2735 137 2798 delude
149 2761 179 2802 ea
194 2747 390 2804 substitutione
403 2749 520 2803 ¹alteram
539 2763 648 2818 quoquo
666 2754 772 2818 partem
790 2747 950 2804 hereditatis
967 2747 1103 2818 adqulrat.

14 2827 16 2836 ⁴
39 2827 62 2886 88
105 2831 249 2894 eruemus
271 2837 341 2893 libro
364 2838 459 2908 quinto
476 2838 676 2908 quaestionum.
712 2836 765 2902 Qui
782 2836 983 2907 quadringente
1004 2835 1136 2908 habebut,
1159 2841 1283 2892 hemula
1299 2831 1456 2922 Q&
1473 2847 1495 2904 s

8 2919 11 2938 ''
72 2915 150 2986 teuit:
164 2926 259 2982 ddude
276 2927 392 2983 tondum
410 2925 461 2982 tibi
478 2926 591 2996 dignum
610 2933 720 2982 contum
739 2925 828 2981 aureis
846 2924 898 2981 sub
916 2925 967 2982 hae
985 2926 1145 2982 condicione
1157 2927 1269 2997 legeuit,
1287 2928 1312 2982 si
1328 2927 1383 2997 legi
1395 2915 1456 2982 Fal-

72 3005 129 3066 u'llse
141 3015 164 3070 lu
178 3021 344 3072 testamento
361 3031 412 3072 suo
429 3017 506 3072 locus
524 3031 579 3072 nou
597 3019 685 3071 emet:
703 3015 851 3085 quaeritur,
869 3015 935 3086 quid
953 3016 1019 3071 iuris
1037 3021 1089 3071 est.
1117 3015 1174 3070 dlxi
1190 3017 1246 3069 riis
1259 3013 1368 3087 tropon
1386 3016 1456 3072 hauc
1475 3025 1504 3067 co

72 3103 213 3162 uuonan
231 3121 307 3176 esse,
330 3107 377 3176 qui
395 3109 528 3160 tracmtus
551 3105 625 3175 apud
643 3105 801 3160 dialecticos
818 3105 867 3166 roi
885 3103 1052 3168 nossentne:
1070 3105 1178 3160 dieitur.
1205 3105 1306 3161 etenim
1324 3105 1456 3176 quidquid

73 3191 246 3250 undecimas
268 3209 363 3250 uerum
387 3209 462 3265 esse,
485 3192 584 3250 ialsum
607 3193 786 3264 repperietur.
814 3209 932 3264 namque
955 3195 979 3248 si
1002 3195 1123 3264 legatum
1147 3193 1197 3248 tibi
1221 3193 1554 3266 detumfluuleret.1ct'

73 3271 167 3352 bouus
187 3285 240 3355 legi
258 3284 398 3340 Falcidiae
419 3285 496 3340 locus
518 3285 571 3339 erit
587 3283 705 3353 ideoque
722 3281 867 3338 deficiente
884 3281 1044 3338 condicione
1061 3297 1116 3338 non
1134 3281 1286 3339 debebitur.
1313 3299 1407 3340 rursus
1424 3285 1456 3356 si,

73 3363 114 3429 llil
126 3373 231 3430 modiolo
249 3372 373 3443 deficiat,
395 3374 516 3442 legatum
534 3373 680 3428 ualiturum
705 3387 760 3426 uon
783 3372 832 3443 sit,
855 3373 909 3442 legi
927 3372 1064 3427 Falcidiae
1083 3374 1158 3428 locus
1176 3373 1312 3428 nouerit:
1335 3389 1415 3444 porro
1433 3373 1458 3430 si

72 3448 178 3520 bulcem
192 3479 247 3519 non
265 3464 322 3532 sit,
337 3463 486 3518 exsistente
511 3461 671 3518 condicione
694 3461 816 3531 legatum
838 3461 889 3516 tibi
911 3460 1064 3517 debebitur.
1092 3477 1153 3517 cum
1178 3467 1269 3518 autem
1288 3463 1457 3518 uoluntatem
1476 3473 1505 3516 ti

72 3543 170 3606 lttitteris
188 3567 248 3608 eam
271 3551 358 3608 luisse
382 3557 526 3622 appareat,
551 3557 582 3606 ut
603 3555 715 3623 propter
737 3554 815 3606 tuum
839 3551 960 3620 legatum
981 3556 1134 3607 ceterorum
1152 3553 1245 3622 legata
1263 3553 1348 3607 minui
1365 3553 1457 3623 nodet,

51 3633 131 3702 ¹¹²il't
144 3646 186 3712 cst,
207 3649 238 3698 ut
255 3646 378 3698 statuere
395 3641 546 3697 debeamus
563 3641 605 3696 tui
622 3641 707 3710 legati
725 3637 914 3696 condicionem
932 3638 1076 3696 deiecisse
1112 3641 1183 3708 Quid
1200 3657 1266 3712 ergo
1284 3641 1415 3711 dicemus,
1433 3641 1458 3698 sl

72 3717 154 3784 bonta
171 3733 273 3802 legauit
293 3737 323 3786 et
344 3730 395 3786 tibi
418 3731 542 3786 similitor
567 3730 618 3786 sub
636 3730 733 3786 eadem
752 3729 911 3786 condicione
929 3731 1048 3786 ducente
1065 3731 1158 3800 legata
1175 3745 1236 3786 esso
1254 3731 1458 3802 proponantur?

73 3823 113 3866 mn
126 3825 163 3874 art
176 3821 314 3876 exstitisse
332 3825 382 3876 eut
399 3819 533 3876 deiecisse
550 3821 634 3889 legati
646 3821 688 3874 tui
700 3819 898 3888 condicionem,
916 3825 948 3875 ut
959 3825 1007 3876 aut
1018 3824 1106 3875 totum
1119 3825 1167 3874 aut
1178 3819 1243 3876 nihil
1254 3819 1305 3875 tibi
1317 3819 1458 3890 debeatur,

73 3901 196 3976 ttluiquum
214 3917 243 3965 ot
260 3915 357 3966 contra
375 3910 543 3966 uoluntatem
561 3910 701 3965 testatoris
719 3907 933 3964 existimabitur:
952 3923 1047 3964 meses
1065 3913 1170 3980 partem
1188 3909 1282 3965 deberi
1293 3910 1392 3964 munci
1404 3925 1459 3965 nou
1477 3921 1506 3962 eo

72 3999 169 4070 capno,
190 3999 299 4070 quaudo
321 4013 436 4054 necesse
459 4003 503 4054 eet
526 3999 611 4054 totius
629 3999 713 4068 legati
731 3997 918 4054 condicionem
936 3999 982 4053 uel
999 3999 1139 4054 exstitisse
1157 3997 1201 4053 uel
1219 3996 1362 4054 deiecisse.
1392 4013 1458 4068 ergo

51 4081 104 4142 ’lit
117 4091 286 4159 exceptionem
310 4087 365 4144 doli
388 4089 451 4143 mali
474 4093 534 4144 tcta
556 4104 590 4142 ea
613 4103 656 4143 res
676 4086 854 4159 temperanda
872 4089 932 4142 erit.
970 4087 1060 4156 Quare
1078 4104 1141 4143 oum
1159 4088 1292 4158 quietate
1310 4087 1376 4158 quid
1395 4101 1458 4142 ceu-

71 4172 123 4236 ”lii
140 4179 207 4248 uelit,
229 4181 269 4236 sio
287 4183 483 4248 consequetur:
503 4178 534 4233 'si
552 4193 606 4248 qno
625 4178 742 4250 amplius
760 4178 851 4248 legaui
869 4177 914 4233 uel
932 4178 1073 4247 legouero,
1097 4193 1179 4248 quarn
1198 4191 1247 4246 per
1264 4178 1353 4247 legem
1371 4177 1457 4232 Falci·

72 4251 124 4315 'litu
137 4263 226 4338 brobii,
245 4277 304 4324 tum
323 4272 456 4338 quantum
473 4267 509 4323 ad
529 4267 709 4338 supplendum
729 4267 909 4336 quadrantem
927 4265 1027 4322 deduci
1044 4270 1161 4337 oportet,
1181 4281 1216 4320 ox
1233 4281 1267 4322 eo
1280 4267 1372 4336 legato
1384 4265 1458 4336 quod

71 4351 269 4437 tiwuuororr)

71 4493 133 4558 Ἥ
150 4509 239 4567 Groeei
256 4513 291 4578 (n.
306 4513 349 4577 i.):
367 4523 419 4564 nee
437 4508 604 4576 (Oniociue)'?

69 4625 232 4699 innitente
250 4645 276 4698 F
324 4643 342 4697 3
359 4643 453 4714 ponet]
471 4644 499 4707 F,
521 4647 550 4697 et
570 4646 654 4713 ponet
671 4643 716 4708 E·,
769 4651 889 4699 moion
911 4661 992 4716 sopra
1014 4642 1163 4696 dodrantes
1184 4641 1289 4697 soem
1304 4647 1390 4711 portio
1408 4658 1459 4694 non

67 4709 135 4764 Mitt
148 4713 226 4770 debet
241 4729 314 4786 pene
328 4715 366 4780 D,
385 4714 504 4769 deducet
521 4729 592 4784 pene
607 4713 716 4780 ilicis,
770 4723 883 4770 Μαίη.
910 4733 969 4768 nom
993 4731 1145 4786 quostquam
1169 4715 1235 4767 idern
1259 4715 1339 4767 locum
1364 4712 1457 4766 boden

66 4783 150 4836 Md*
190 4789 222 4842 li
241 4787 434 4856 memrqnou
447 4783 495 4839 F⁶¹
543 4787 577 4841 13
595 4801 630 4840 ex
644 4787 722 4841 ene
767 4793 850 4857 potest
874 4796 900 4840 in
916 4785 1077 4857 portionibus
1095 4785 1194 4839 modus
1216 4789 1341 4848 onnutie,
1364 4785 1459 4838 soitioet

66 4839 206 4930 ²¹‚tltemis
229 4859 326 4929 pupilli
348 4859 447 4927 legatis
465 4857 615 4912 exhaustus
633 4858 716 4927 esset]
769 4865 852 4912 minos
868 4864 982 4930 pronote
1005 4855 1137 4910 accedente
1159 4857 1196 4910 orl
1211 4863 1295 4926 mogi:
1310 4861 1458 4927 pronomen,

65 4927 90 4966 ’Ν
103 4939 152 4998 ttpp
169 4929 201 4984 τὸ
223 4931 305 4990 atnoe
328 4928 408 4992 ιιῩτοῨ
428 4929 577 4984 tentantes
596 4929 716 4993 nostrone
769 4935 852 4983 tomen
905 4929 979 4983 inco
997 4935 1232 4998 transportationes
1264 4929 1458 4980 emensitatem

64 4979 193 5078 Bibaculi
216 5003 298 5058 nitito
320 5010 404 5056 nrinne
424 5009 487 5073 proto
510 5019 598 5055 :rernm
620 5002 716 5056 cidisse
769 5001 854 5054 undio
870 4949 977 5063 attoni,
1002 5000 1166 5069 ludificantur
1218 4930 1263 5052 ἐξ
1272 4995 1375 5050 minuti*
1394 4995 1455 5064 ΡΙ

64 5053 163 5126 octoas
177 5073 352 5130 nmen
366 5087 418 5129 noc
432 5091 484 5146 pro
501 5077 538 5142 et,
558 5079 587 5126 ni
600 5079 716 5144 petioni
768 5071 871 5128 nolint
889 5071 926 5124 F²
964 5073 1001 5126 40
1018 5085 1099 5126 rusus
1112 5071 1138 5122 F
1171 5069 1207 5125 tt
1220 5069 1463 5138 siconsequeturF
