3600 5460
57 289 303 338 srsruunssrrrs
735 263 823 346 459
1231 267 1352 336 XXXX
1373 269 1391 332 'l
1411 275 1492 332 3-5

58 429 151 484 minus
168 429 194 484 ei
212 429 329 484 aemiat:
348 429 475 500 quamuis
492 429 516 484 si
534 444 589 484 non
607 433 746 499 pateretur
764 444 827 484 eum
845 427 898 484 sibi
909 428 1020 498 seruire,
1039 443 1094 484 non
1106 427 1215 484 stetim¹
1228 427 1391 498 perueniret,
1409 443 1492 498 quarn

56 519 82 574 si
100 519 315 588 quinquennium
334 519 518 588 praeterisset.
551 519 620 574 ratio
638 518 719 573 huius
737 518 777 572 rei
795 517 909 574 euidens
927 521 983 572 est:
1008 517 1192 574 manumissus
1211 517 1283 572 enim
1302 517 1419 587 amplius
1436 532 1492 574 ser·

57 609 118 664 uire
138 623 191 664 non
210 611 315 678 potest:
342 611 371 662 at
389 608 430 662 is²
449 623 529 677 quem
549 609 610 678 quis
628 623 683 664 non
701 608 803 678 patitur
821 607 872 662 siti
889 607 1006 677 seruire,
1028 613 1126 677 postea
1142 607 1201 678 pati
1219 609 1311 676 potest
1327 606 1400 662 intra
1416 605 1492 677 quin·
1594 603 1597 612 ⁴

57 697 172 768 quennii
188 703 307 767 tempus.
335 697 430 766 atquin
448 697 501 751 iam
520 697 705 767 quinquennio
724 697 750 752 ei
768 697 870 752 seruire
888 711 943 752 non
954 701 1059 766 potest:
1077 695 1127 750 sed
1139 697 1183 752 uel
1196 696 1285 752 minus
1298 699 1397 766 potest.
1423 695 1492 752 item

56 788 182 842 Iulianus
200 787 268 842 libro
287 790 366 842 sexto
384 785 491 841 decimo
509 786 677 856 digestorum
697 785 819 856 scripsit,
843 785 866 840 si
883 784 1039 840 Arethusae
1056 785 1168 842 libertas
1186 786 1226 842 ita
1243 785 1279 840 sit
1296 784 1375 855 dete,
1396 785 1420 842 si
1437 790 1493 840 tres
1511 795 1525 836 s

56 891 157 932 seruos
175 876 327 946 pepererit,
349 881 378 932 et
395 892 445 946 per
461 874 588 932 heredem
607 875 728 944 steterit,
746 890 801 946 quo
820 875 910 930 minus
928 877 1065 945 pepererit
1082 877 1160 944 (pute
1177 875 1251 944 quod
1269 875 1296 930 ei
1312 875 1494 932 medicamen-

56 970 120 1020 tum
138 964 268 1035 dedisset,
287 981 321 1020 ne
340 966 514 1035 conciperet),
532 963 626 1018 statim
644 963 757 1018 liberam
776 963 896 1018 futuram
914 979 990 1020 esse:
1009 963 1075 1034 quid
1087 965 1159 1019 enirn
1171 965 1384 1034 exspectemus?
1409 965 1494 1020 ideru-

58 1069 115 1124 que
134 1059 162 1108 et
180 1054 204 1108 si
222 1055 326 1124 egisset
344 1053 436 1124 heres,
454 1059 486 1109 ut
503 1052 629 1110 abortum
647 1050 758 1124 faceret,
778 1051 843 1122 quia
860 1057 889 1108 et
906 1068 961 1108 uno
979 1057 1057 1108 utero
1076 1054 1166 1123 potuit
1183 1059 1240 1116 tres
1257 1052 1348 1109 edere.
1383 1053 1453 1110 Item
1470 1053 1495 1110 si

58 1143 156 1198 heredi
177 1143 281 1208 seruire
304 1144 409 1198 iussum
432 1141 622 1198 statuliberum
642 1141 721 1198 heres
740 1142 864 1198 uendidit
881 1146 910 1196 et
926 1141 1050 1212 tradidit,
1076 1141 1158 1199 credo
1176 1143 1268 1198 statim
1287 1142 1323 1199 ad
1340 1141 1495 1198 libertatem

58 1231 213 1304 peruenire.
1514 1243 1542 1284 ιο

113 1323 234 1378 Psunus
258 1319 328 1376 libro
348 1320 443 1390 quinto
463 1319 497 1374 ad
517 1317 658 1376 Sabinum.
695 1319 764 1376 Cum
783 1319 862 1376 hores
880 1319 1064 1390 reipublicae
1082 1335 1168 1376 cause
1185 1319 1296 1377 abesset
1312 1325 1341 1378 et
1358 1317 1496 1404 [ιζ-ἐξῇ
1513 1325 1534 1382 S

59 1411 206 1483 pecuniam
224 1409 369 1466 statuliber
386 1408 513 1466 haberet:
536 1410 582 1464 uel
599 1409 752 1480 exspectari
771 1423 834 1464 eum
853 1407 979 1479 debere³,
997 1408 1085 1466 donec
1103 1409 1200 1466 redeat
1215 1411 1240 1466 is
1258 1411 1302 1468 eui
1320 1411 1386 1468 dure
1404 1410 1495 1480 debet,

59 1501 105 1556 uel
124 1499 262 1570 deponere
280 1500 309 1554 in
326 1499 422 1554 aedem
441 1499 585 1569 pecuniam
605 1498 793 1568 consignatam
811 1503 928 1568 oportet,
946 1513 1000 1568 quo
1018 1497 1166 1554 subsannio
1184 1499 1276 1556 statim
1295 1500 1331 1556 ud
1342 1499 1496 1556 libertatem

59 1590 196 1660 peruenit.
224 1589 285 1644 Non
304 1595 347 1644 est
364 1588 516 1658 statuliber,
535 1587 580 1642 cui
596 1586 709 1642 libertas
727 1587 755 1641 in
773 1591 828 1642 tarn
847 1587 959 1656 longum
977 1591 1087 1658 tempus
1105 1589 1203 1644 collata
1216 1594 1267 1659 est,
1285 1595 1317 1644 ut
1328 1603 1362 1644 eo
1374 1595 1497 1660 tempore

60 1681 85 1734 is
104 1679 152 1750 qui
170 1677 355 1734 manumissus
373 1682 417 1734 est
434 1679 528 1734 uiuere
547 1693 601 1733 non
619 1677 720 1747 possit:
744 1682 793 1732 aut
810 1676 833 1732 si
853 1681 909 1732 tum
928 1675 1080 1748 difficilem,
1104 1677 1188 1732 immo
1206 1693 1294 1748 paene
1311 1677 1498 1750 inpossibilem
1516 1687 1545 1729 15

61 1767 251 1830 condicionem
270 1767 413 1838 adiecerit,
438 1773 469 1822 ut
486 1767 596 1822 aliunde
614 1781 648 1820 ea
665 1764 777 1821 libertus
795 1765 938 1836 optingere
957 1782 1011 1822 non
1028 1767 1129 1836 possit,
1154 1767 1239 1822 ueluti
1257 1769 1281 1824 ri
1298 1767 1391 1824 heredi
1409 1768 1498 1824 milies

62 1857 187 1913 dedisset
211 1862 260 1912 sut
283 1872 345 1912 oum
364 1862 528 1927 moreretur,
551 1855 665 1912 liberum
689 1870 750 1912 esse
769 1853 907 1910 iussisset:
931 1855 971 1909 sic
990 1855 1062 1910 enim
1079 1854 1191 1910 libertas
1209 1857 1340 1913 inutiliter
1357 1857 1452 1927 detur,
1470 1862 1499 1912 et

62 1949 102 2002 ita
119 1947 242 2002 lulianus
265 1945 373 2016 scribit,
397 1947 462 2015 quia
479 1961 531 2002 nec
549 1946 655 2000 animus
673 1943 781 1999 dandae
799 1943 933 1998 libertatis
951 1948 1002 1999 est.
1038 1943 1146 2000 Serrrire
1165 1941 1293 2028 ΜΨ,
1304 1960 1327 2012 4,
1340 1960 1368 2006 ιο
1378 1973 1412 2019 pr.
1424 1943 1497 2019 esp-r.

62 2037 136 2092 Titio
155 2051 227 2092 anno
246 2041 275 2092 et
292 2033 361 2090 liber
378 2050 440 2090 esso
453 2036 545 2090 iussus
556 2035 630 2090 Titio
644 2039 751 2089 mortuo
764 2049 818 2088 non
830 2033 922 2088 statim
938 2031 948 2102 ll
960 2032 1030 2088 liber
1041 2032 1097 2104 fiet,
1115 2034 1164 2090 sed
1177 2049 1240 2090 cum
1252 2052 1340 2092 annus
1352 2038 1498 2107 transierit,
1514 2041 1531 2088 t.
1542 2036 1595 2090 aad

63 2126 138 2197 quod
157 2124 266 2182 uidetur
284 2139 338 2180 uon
356 2129 463 2180 tantum
481 2123 534 2182 sub
552 2123 722 2191 condicione,
740 2122 891 2178 sedetiam
910 2137 944 2178 ex
962 2127 1085 2192 tempore
1102 2122 1168 2180 deta
1184 2123 1309 2180 libertas:
1331 2127 1432 2182 etenim
1450 2123 1498 2182 ab·
1516 2136 1545 2176 ιο

62 2215 176 2272 surdum
195 2219 239 2270 est
257 2215 390 2270 maturius
408 2229 471 2268 eum
490 2213 605 2269 liberum
623 2211 690 2282 fieri,
710 2228 773 2268 cum
792 2212 979 2268 condicionem
999 2227 1052 2268 nou
1070 2213 1173 2284 implet,
1194 2229 1276 2284 quam
1294 2212 1401 2270 iuturus
1419 2214 1498 2286 foret,

64 2306 87 2362 si
111 2321 173 2360 eam
197 2304 327 2374 expleret.
365 2303 394 2360 Si
419 2302 527 2358 duobus
550 2303 645 2358 decem
670 2301 742 2356 datis
765 2300 834 2358 liber
857 2317 918 2356 esse
939 2303 1029 2358 iussus
1048 2303 1085 2357 sit
1102 2308 1130 2356 et
1148 2318 1218 2360 unus
1235 2304 1356 2374 quinque
1373 2305 1499 2374 accipere

64 2395 196 2466 noluerit,
217 2394 315 2450 melius
333 2399 376 2448 est
394 2393 485 2450 dicere
502 2407 585 2462 posse
603 2407 666 2446 eum
685 2391 781 2446 eedem
799 2392 919 2461 quinque
937 2391 1016 2446 elteri
1034 2391 1194 2448 offerentem
1212 2394 1248 2448 od
1266 2393 1420 2450 libertatem
1437 2409 1499 2465 per-

64 2485 168 2540 uenire.
197 2481 315 2538 'Stichus
334 2484 358 2538 si
369 2484 442 2538 Titio
461 2497 510 2552 per
528 2481 673 2536 triennium
691 2481 817 2536 serrrierit
835 2481 879 2536 uel
892 2481 915 2535 si
928 2480 965 2535 illi
978 2485 1086 2536 eentum
1100 2496 1198 2552 operas
1210 2481 1324 2554 dederit,
1341 2483 1411 2540 liber
1422 2482 1498 2540 esto'.

64 2577 174 2630 comtat
191 2571 244 2628 boc
264 2571 346 2628 modo
363 2572 517 2628 libertatem
536 2572 637 2628 utiliter
655 2571 713 2625 dari
730 2585 827 2640 posse:
847 2586 909 2624 narn
928 2575 956 2624 et
968 2571 1072 2626 alienus
1085 2586 1181 2626 seruus
1194 2571 1296 2628 seruire
1308 2571 1387 2630 nobis
1398 2577 1499 2644 potest,
1518 2582 1546 2625 as

65 2664 145 2718 sicuti
169 2661 249 2732 liber,
273 2667 302 2716 et
325 2662 409 2718 multo
432 2662 521 2732 magis
544 2676 642 2732 operas
666 2659 745 2714 dare:
769 2660 821 2714 nisi
844 2663 959 2715 testator
981 2659 1122 2716 seruitutis
1145 2661 1327 2731 appellatione
1349 2661 1500 2718 dominium

66 2753 154 2822 magis
173 2768 256 2822 quam
274 2767 385 2822 operam
404 2751 545 2806 intellexit.
579 2749 696 2819 ideoque
715 2749 738 2804 si
755 2747 882 2819 prohibet
899 2748 978 2804 beros
996 2748 1070 2804 Titio
1088 2750 1205 2820 sentire,
1222 2751 1350 2821 peruenit
1366 2753 1403 2808 ad
1420 2752 1500 2810 liber·

65 2847 161 2898 tatem.
188 2840 306 2896 ‘Stichus
325 2841 349 2896 si
366 2839 460 2896 heredi
479 2855 540 2898 meo
558 2855 629 2894 anno
648 2839 781 2909 seruierit,
800 2837 868 2894 liber
886 2837 967 2894 esto':
986 2839 1172 2908 quaerendum
1191 2845 1242 2910 est,
1260 2857 1348 2898 sunus
1362 2841 1500 2913 quomodo

66 2932 154 3004 accipi
176 2930 291 2998 debeat,
315 2946 351 2984 an
374 2930 420 3000 qui
443 2945 479 2984 cx
502 2929 638 2986 continuis
660 2927 758 2983 diebus
775 2928 905 2984 trecentis
923 2933 1069 2998 sexaginta
1085 2929 1205 3000 quinque
1222 2936 1330 2988 constet
1347 2949 1383 2988 an
1400 2932 1501 3004 quibus

65 3021 140 3078 libet.
174 3020 224 3076 sed
246 3019 372 3090 superius
396 3019 484 3090 magis
507 3017 720 3088 intellegendum
738 3018 904 3088 Pomponius
926 3017 1029 3072 scribit.
1062 3017 1111 3072 sed
1133 3021 1162 3073 et
1179 3019 1204 3074 si
1220 3018 1385 3089 quibusdam
1403 3021 1501 3078 diebus
1519 3032 1548 3074 co

67 3117 115 3168 aut
137 3109 269 3168 ualetudo
287 3114 336 3164 aut
353 3109 408 3164 alia
424 3109 498 3164 iusta
515 3123 600 3164 eausa
617 3107 812 3177 impedimento
830 3106 926 3176 fucrit,
950 3121 1005 3177 quo
1023 3107 1112 3162 minus
1131 3108 1247 3179 seruiat,
1271 3113 1299 3164 ot
1317 3109 1345 3166 hi
1363 3125 1434 3166 anno
1452 3110 1501 3166 im·

66 3199 182 3272 putandi
200 3204 277 3254 sunt:
298 3199 400 3254 seruire
418 3198 490 3253 enim
505 3196 585 3252 nobis
597 3197 791 3266 intelleguntur
803 3197 885 3252 etiam
898 3195 935 3266 ht,
954 3211 1024 3266 quos
1036 3212 1163 3252 curamus
1175 3213 1282 3268 aegros,
1300 3200 1347 3268 qui
1359 3200 1501 3270 cupientes

67 3290 172 3346 seruire
198 3293 311 3360 propter
337 3287 482 3342 aluersam
506 3285 689 3342 ualetudinem
713 3286 907 3357 impediuntur.
944 3286 1013 3342 Item
1037 3287 1061 3342 si
1085 3286 1180 3342 decem
1203 3286 1297 3344 heredi
1321 3287 1387 3344 dere
1409 3289 1501 3346 iussus

67 3379 156 3448 tuerit,
175 3377 255 3432 heres
273 3377 356 3432 etiam
375 3392 424 3446 per
440 3380 535 3448 partes
553 3377 677 3445 accipere
695 3373 789 3430 sarsore
806 3375 940 3430 libertatis
958 3375 1099 3445 cogendus
1117 3382 1168 3434 est.
1196 3378 1240 3432 lta
1257 3375 1325 3432 liber
1337 3391 1398 3434 esse
1410 3379 1502 3436 iussus

68 3468 98 3525 'si
116 3468 207 3524 Titius
225 3466 390 3538 Capitolium
414 3464 590 3521 ascenderit:
614 3467 637 3520 si
656 3465 746 3520 Titius
770 3465 837 3520 nolit
857 3465 1019 3534 ascendere,
1043 3466 1207 3536 impedietur
1223 3465 1344 3522 libertas.
1375 3467 1502 3538 idemque
1521 3478 1549 3520 se

68 3559 134 3614 iuris
157 3561 202 3612 est
219 3557 248 3612 iu
265 3555 401 3612 similibus
419 3555 510 3610 causis
528 3559 557 3609 et
575 3553 789 3610 condicionibus.
826 3554 895 3610 item
914 3553 1026 3610 Cassius
1044 3555 1084 3610 eit
1101 3555 1140 3626 ei,
1163 3556 1210 3624 qui
1228 3556 1331 3612 seruire
1348 3556 1441 3613 iussus
1459 3561 1503 3614 est

68 3662 148 3717 anno,
166 3646 233 3701 illud
251 3649 370 3716 tempus,
389 3660 444 3716 quo
463 3645 490 3700 in
508 3643 575 3714 iuga
593 3645 630 3699 sit
648 3645 692 3700 uel
710 3645 737 3700 iu
756 3644 943 3700 conbouersia
960 3660 1009 3714 pro
1028 3643 1161 3714 libertate,
1181 3659 1235 3700 non
1253 3645 1409 3715 procedere.

120 3737 293 3791 Poemenius
311 3734 379 3790 libro
397 3740 496 3789 namuro
515 3733 550 3788 nd
569 3732 709 3789 Sabinum.
745 3732 894 3788 Statulibor
912 3733 1044 3789 rationem
1063 3733 1178 3789 reddere
1195 3735 1287 3790 iussus
1304 3751 1346 3790 re·
1364 3731 1501 3819 [Hs—sss
1521 3741 1541 3796 s

68 3841 285 3912 ΗΧῩΖΜΟΟ)

920 3943 1502 3954 ..e-...mm

69 3999 78 4032 ²
98 4011 153 4052 non
172 3995 250 4050 ubter
267 3995 303 4060 (a.
317 3993 366 4060 r.)?
437 3993 448 4027 ²
466 3991 498 4061 is]
519 3991 562 4048 si?
632 3993 644 4028 ⁸
663 4008 726 4048 eum
744 3983 844 4049 debere
863 3995 910 4048 del.

69 4151 153 4204 1ιιοιι
166 4147 258 4201 statim
271 4143 428 4214 perueniret
442 4143 489 4206 (ad
500 4143 654 4200 libertatem
668 4145 760 4212 imo)
815 4145 911 4216 milies]
926 4145 988 4200 Ant.
1003 4145 1171 4220 Augustinus,
1189 4145 1268 4200 miles
1281 4147 1314 4200 F:
1332 4145 1377 4200 ’ein
1390 4147 1503 4218 prasinae

69 4234 151 4290 quum
165 4219 198 4287 si]
212 4217 294 4282 Fxo,
313 4231 367 4271 non
383 4218 475 4271 statim
489 4217 643 4287 perueniret
654 4220 761 4286 (perue-
815 4217 981 4272 sourcuiroru
990 4217 1104 4288 πιριοχῇ
1118 4217 1157 4286 τῷ
1168 4217 1324 4290 stupendus)
1334 4219 1382 4274 BS
1418 4219 1451 4274 21
1461 4215 1503 4274 fu·

68 4291 208 4356 nissetY)
221 4289 300 4359 qussi
314 4287 407 4344 YMO:
421 4288 672 4353 otsimmcriserar
686 4287 760 4351 itri-
814 4289 900 4358 turus]
920 4288 1027 4345 futuros
1043 4291 1070 4353 F,
1088 4287 1157 4344 liber
1173 4288 1281 4344 iuturus
1290 4295 1317 4363 s
1355 4291 1390 4346 23
1406 4305 1504 4360 perue-

70 4375 162 4434 liepoc,
187 4362 210 4416 εἰ
229 4359 263 4414 rari
284 4359 299 4414 ὸ
317 4359 461 4414 usurasrr‘rc
485 4361 644 4430 napabpa'uor
664 4361 760 4431 χρὸιιοο
814 4376 879 4416 uere
897 4361 933 4414 F¹
988 4363 1022 4416 26
1039 4361 1109 4415 liber
1126 4361 1162 4430 et]
1181 4361 1284 4416 libertit
1301 4362 1338 4414 F·
1387 4363 1422 4418 29
1440 4377 1503 4418 eon·

69 4435 220 4500 BS(Dor.)
268 4433 366 4488 itatis
379 4446 460 4500 quem
524 4432 625 4500 potest]
642 4431 699 4486 ὸιὲ
712 4433 760 4494 siu
813 4431 932 4488 tiuu‘b’is
957 4433 993 4486 pr
1015 4434 1020 4500 Ι
1044 4431 1235 4503 sexagent‘is‘a
1257 4431 1293 4488 F*
1314 4435 1318 4500 Ι
1343 4449 1378 4488 an
1404 4433 1504 4503 quibus

70 4507 103 4560 ru'r
124 4503 342 4575 crsxurpor'ueubc
366 4524 407 4557 uor
432 4503 567 4568 tusleium
593 4503 657 4558 nord
681 4504 761 4565 τιῨτο
813 4503 889 4573 libet]
904 4505 985 4567 FXO,
998 4505 1145 4574 aliquibus
1158 4509 1236 4560 sexto
1251 4505 1330 4571 1²2⁶,
1343 4504 1504 4576 unquibis·

70 4579 176 4640 cinerei
196 4597 237 4630 ιιοι
251 4575 387 4639 nostriani
404 4575 450 4629 BS
466 4577 470 4642 Ι
486 4575 548 4642 sibi]
553 4579 581 4647 f,
599 4575 622 4630 si
636 4577 661 4628 F
691 4576 760 4630 4at-
815 4581 893 4632 sexto
917 4575 1017 4641 Y'MO,
1042 4593 1077 4630 an
1100 4575 1267 4646 quibuslibet
1289 4592 1325 4631 an
1349 4577 1395 4646 qui
1415 4578 1464 4632 2¹:
1488 4577 1502 4630 ir

69 4665 143 4720 quon
155 4651 179 4702 F
180 4650 190 4682 ²
207 4650 212 4714 Ι
228 4647 294 4702 item
307 4647 425 4702 iulianus
435 4646 515 4702 'item'
524 4647 593 4701 libro
604 4646 639 4700 F⁶
671 4647 760 4716 liquo]
815 4647 862 4702 ric
880 4647 1035 4702 oiactirorc
1056 4648 1153 4720 tuipse
1171 4650 1317 4713 ψιιοίιοοεο
1337 4648 1385 4702 BS
1399 4649 1504 4715 (Der-i:

69 4723 105 4778 bo
118 4721 153 4774 F¹
192 4719 438 4789 leonciperetrffl
454 4721 458 4786 Ι
475 4717 630 4774 futurumF
662 4719 761 4786 Segis-
815 4722 916 4774 uidetur
943 4723 1088 4791 ripnificnri
1114 4739 1195 4776 annm
1226 4723 1328 4794 ficetur
1358 4739 1388 4774 ea
1417 4721 1505 4776 diebus

70 4794 121 4862 eet}
141 4811 176 4846 rra
194 4791 333 4852 sessiacus
347 4792 395 4846 BS
443 4792 459 4846 9
478 4788 710 4846 statu'm'iiberum
725 4792 748 4843 F
749 4791 761 4824 ²
817 4791 943 4846 CCCLX
947 4793 972 4844 V
983 4799 1023 4854 iic,
1041 4793 1131 4863 quibua
1144 4793 1247 4846 dormine
1264 4792 1340 4846 libent
1357 4799 1427 4846 serui
1444 4809 1505 4862 epe-

72 4869 105 4920 13
124 4879 179 4934 quo
208 4863 282 4932 quod
299 4863 332 4918 F:
355 4862 451 4926 τοῨτογ
477 4861 521 4932 sip
545 4861 689 4928 [ειιοοιὲοογ
713 4861 762 4916 BS
814 4871 853 4918 ris
871 4870 909 4916 uti
953 4863 988 4916 32
1005 4861 1042 4930 bi]
1063 4861 1105 4918 his
1122 4865 1149 4916 F
1158 4866 1163 4926 Ι
1179 4879 1259 4933 egros
1277 4864 1304 4916 F
1342 4863 1376 4918 37
1395 4863 1423 4917 in
1441 4877 1504 4918 con-

71 4939 106 4992 14
124 4941 252 5005 tempus
269 4935 307 4988 F²
367 4935 400 4990 15
418 4949 488 5005 pene
507 4935 532 4986 F
587 4935 621 4988 lli
642 4931 759 5001 aliunde]
814 4933 949 4988 trouersia
966 4949 1016 5002 pro
1033 4933 1169 5006 libertate]
1192 4933 1221 4990 is
1239 4935 1270 5004 τῷ
1290 4935 1345 5004 περὶ
1365 4933 1413 4986 rric
1430 4931 1504 4996 ὲιογ-

70 5007 215 5078 marcens
235 5007 297 5060 BS:
314 5010 411 5062 reilicet
428 5026 493 5080 qaue
510 5025 560 5061 ιιοιι
577 5013 698 5076 transporta
715 5024 760 5058 ru·
816 5007 1216 5080 espiaeorborrsruiqBSfflor.)
1251 5003 1458 5064 terratribus
1468 5005 1505 5060 F’

68 5090 150 5145 lione,
174 5080 221 5134 sed
242 5079 273 5132 cb
292 5081 370 5134 alium
391 5098 495 5133 causam
514 5081 614 5150 impleri
631 5082 736 5149 nequeat
755 5073 761 5146 Ι
