3316 5454
41 296 180 346 cansa
354 269 370 286 ‘
743 273 827 354 481
967 271 970 276 ’
1178 279 1298 348 xxxx
1323 282 1363 347 12
1386 287 1503 343 ee-eo

47 435 163 489 minus
184 447 256 502 eum,
280 433 355 502 qnod
379 435 404 490 ei
425 433 551 490 tradatur
573 435 617 490 uel
642 435 799 505 stipuletur,
823 435 936 505 perinde
960 435 1070 492 domino
1091 436 1234 506 adquirere
1253 443 1335 508 atque
1354 437 1378 492 si
1395 451 1449 492 nou
1468 436 1511 508 de

49 521 193 577 libertate
209 523 266 576 eius
285 521 477 592 quaerebatur.
509 527 616 580 tanturn
636 523 671 578 de
686 523 863 593 ,possessione
881 523 1050 595 uidebimus,
1069 540 1132 582 cum
1150 527 1240 596 ipsum
1257 531 1322 597 post
1338 526 1414 582 litem
1433 524 1503 580 ordi-

55 617 164 666 natam
180 610 284 666 desinat
302 611 429 668 dominus
447 612 603 682 possidere:
622 613 671 668 sed
691 614 780 682 megia
798 617 849 676 eet,
868 617 899 668 ut
917 613 1052 684 adquirat,
1070 615 1136 670 lieet
1153 615 1189 670 ab
1207 630 1240 671 oo
1254 630 1308 670 uon
1321 613 1502 684 possideatur.

59 703 87 753 et
103 715 177 754 eum
193 699 294 769 placuit
310 714 361 769 per
378 698 524 771 fugitiuum
542 716 652 772 quoque
671 717 721 758 uos
739 702 941 772 possessionem
960 702 1103 773 adquirere
1120 719 1211 774 posse,
1230 703 1298 773 quid
1310 704 1406 760 mirum
1421 703 1503 758 etiem

62 802 108 856 per
131 787 212 856 huuc,
231 787 266 844 de
283 801 340 857 quo
358 803 532 860 quaeramus,
551 789 679 860 adquiri?
1522 803 1536 844 t

25 877 54 935 lt
112 876 197 932 Iners
213 875 282 932 libro
300 878 452 934 uicensimo
471 879 506 934 ad
525 879 646 936 edietum
663 879 840 950 prouinciale.
868 879 920 945 Qui
939 895 974 934 ex
987 878 1113 936 libertate
1125 881 1154 936 in
1166 881 1326 936 seruitutem
1345 873 1503 962 [Me-t
1521 885 1548 940 Ε

68 965 146 1034 petit,
166 967 187 1020 si
202 966 296 1022 indicii
314 965 349 1022 de
367 967 503 1024 euictioue
521 968 650 1036 seruandi
669 983 754 1024 causa
771 972 867 1024 contra
885 967 1037 1024 libertatem
1056 969 1127 1039 agit,
1145 969 1304 1026 iniuriarum
1322 955 1504 1024 actione—no]

70 1055 234 1110 tonumtur.

33 1137 60 1196 lt
114 1142 269 1198 Uuerasus
287 1142 357 1199 libro
374 1143 497 1199 seeundo
515 1143 550 1199 de
569 1143 660 1200 oiiioio
678 1145 806 1200 consulis.
838 1145 902 1200 Diui
920 1143 1019 1200 fratres
1036 1146 1151 1201 Proculo
1164 1151 1192 1200 et
1203 1145 1326 1202 Munatio
1344 1140 1501 1229 [Μ]
1519 1150 1547 1204 ll

71 1232 275 1302 rescripserunt:
295 1231 370 1288 'Cum
389 1233 535 1302 Romulus,
555 1233 590 1288 de
608 1235 685 1290 cuius
704 1240 778 1290 statu
796 1233 949 1304 quaeritur,
973 1233 1113 1304 pupillaris
1132 1235 1231 1290 aetatis
1249 1235 1299 1304 sit,
1321 1250 1356 1290 an
1374 1235 1501 1303 exigente
1522 1243 1550 1283 ιο

72 1315 161 1375 baria
170 1321 280 1376 Hedone
299 1323 387 1376 matre
405 1325 434 1376 et
450 1322 639 1378 consentiente
652 1322 735 1378 Uario
747 1323 876 1378 Hermete
894 1327 984 1378 tutore
1003 1321 1040 1377 ad
1057 1326 1167 1392 tempus
1184 1321 1337 1390 pubertatis
1355 1339 1440 1378 eausa
1451 1321 1502 1378 dii·

70 1402 187 1464 'serenda
202 1409 246 1479 sit,
265 1414 376 1464 uestrae
394 1409 539 1479 munitatis
557 1414 602 1465 est
620 1425 654 1466 ex
672 1409 726 1466 lide
745 1414 940 1481 personarum¹
960 1409 1034 1481 quod
1052 1410 1118 1465 utile
1134 1415 1178 1466 est
1189 1411 1301 1481 pupillo,
1320 1409 1503 1468 constituere'.

47 1489 89 1547 lii
102 1509 149 1550 ea
166 1511 281 1568 persona
299 1497 372 1552 desit
389 1498 551 1567 cognitioni,
576 1514 647 1568 quae
666 1500 746 1554 alieni
765 1504 853 1554 status
872 1499 1085 1556 controuersiam
1105 1496 1237 1570 iaciebat,
1259 1500 1286 1554 in
1305 1500 1401 1556 eadem
1420 1515 1504 1556 eausa

67 1585 98 1634 tlt
126 1587 180 1655 qui
200 1585 234 1640 de
256 1585 384 1642 libertate
404 1601 456 1642 suo
473 1586 578 1656 litigat,
602 1603 657 1657 qua
674 1586 739 1657 init,
762 1589 922 1658 priusquam
941 1587 975 1642 de
993 1585 1119 1642 libertato
1138 1589 1351 1644 controuersiam
1369 1589 1503 1657 patiatur:

65 1683 128 1726 tene
160 1674 207 1730 boe
229 1677 363 1744 lucratur,
386 1675 459 1745 quod
484 1676 508 1730 is
531 1675 578 1744 qui
601 1691 662 1732 eam
688 1679 778 1732 status
796 1675 1009 1732 controuersiam
1029 1673 1148 1730 iaciebat
1166 1677 1267 1732 amittit
1284 1693 1361 1732 suam
1382 1692 1503 1732 oausam.
1523 1685 1551 1726 ¹⁵

64 1772 105 1812 ute
139 1778 176 1818 ea
191 1779 234 1819 res
252 1764 262 1832 l
283 1765 433 1833 ingenuum
452 1762 598 1820 faciteam
618 1765 664 1834 qui
683 1779 737 1820 non
756 1763 820 1820 luit:
844 1779 896 1820 nee
913 1763 986 1820 enim
1005 1764 1120 1834 penuria
1137 1763 1287 1820 aduersarii
1305 1765 1502 1835 ingenuitatem
1522 1784 1543 1830 q.
1556 1773 1585 1818 te
1607 1769 1622 1818 l.
1634 1773 1658 1818 u

62 1845 132 1902 solet
157 1852 280 1908 tribuere.
307 1858 382 1908 reete
400 1851 597 1922 atqueordine
615 1852 720 1908 iudices
737 1857 805 1923 puto
824 1851 953 1922 facturos,
972 1853 996 1907 si
1014 1851 1085 1907 hanc
1097 1831 1211 1908 iorm'am
1225 1853 1325 1909 luerint
1337 1855 1504 1924 consecuti²,

62 1937 91 2003 tlt
114 1939 172 1995 ubi
189 1941 267 1996 deest
284 1941 309 1996 is
326 1941 373 2010 qui
392 1942 421 1996 iu
439 1941 599 1996 semitutum
617 1941 695 2011 petit,
714 1941 874 1996 electionem
894 1941 1052 1996 aduersario
1066 1939 1199 2010 delerant,
1218 1947 1310 1997 utrum
1323 1943 1399 1998 malit
1411 1943 1503 2013 cogui-

61 2019 170 2084 tionem
186 2029 353 2085 circumduci
371 2046 406 2084 an
425 2029 520 2084 audita
537 2045 622 2086 causa
639 2030 803 2085 senteutiam
816 2027 938 2098 proferri.
964 2030 1009 2084 et⁸
1021 2029 1044 2084 si
1057 2030 1245 2100 cognouerint,
1264 2032 1440 2100 pronuntiare
1458 2030 1504 2086 de·
1612 2085 1617 2094 ,

62 2107 173 2173 bebrant
188 2135 298 2174 menum
316 2118 388 2173 illius
406 2134 462 2174 non
480 2117 580 2174 uideri:
605 2133 694 2187 neque
717 2117 786 2174 haee
804 2133 848 2173 res
866 2118 1020 2188 captionem
1040 2119 1123 2173 ullam
1142 2117 1239 2187 habet,
1263 2134 1325 2174 oum
1351 2133 1406 2174 nou
1429 2119 1504 2189 iuge·
1523 2129 1551 2168 2⁰

61 2213 135 2258 tuus
158 2207 352 2278 pronuntietur,
371 2207 421 2262 sed
439 2222 537 2262 seruus
556 2221 609 2262 uon
627 2206 724 2262 uideri.
751 2205 826 2274 quod
844 2207 868 2263 si
886 2221 921 2262 ex
939 2206 1072 2262 seruitute
1090 2207 1118 2261 iu
1137 2206 1334 2276 ingenuitatem
1351 2223 1381 2264 se
1394 2209 1503 2278 allegat,

61 2288 165 2351 nelina
183 2295 312 2364 iecerint,
337 2295 361 2350 si
379 2293 563 2364 cognitionem
582 2294 827 2364 circummuniet,
852 2310 887 2350 ne
906 2295 965 2350 siue
983 2293 1141 2350 aduersario
1160 2296 1338 2364 pronuntient
1355 2297 1503 2366 ingenuum

61 2373 169 2454 uideri,
186 2385 237 2440 uisi
255 2399 358 2453 magns
375 2397 460 2438 consa
477 2381 594 2438 suadeat
611 2387 640 2438 et
658 2383 800 2438 euidentes
818 2382 995 2454 probationes
1013 2388 1164 2452 suggerant
1181 2384 1331 2440 secuudum
1350 2383 1503 2438 libertatern

38 2465 309 2531 ’renuntiandum
330 2476 362 2526 ut
379 2473 462 2526 etiam
480 2473 613 2542 rescripto
633 2471 765 2528 Hadriani
782 2473 946 2528 continetur.
983 2471 1062 2538 Quod
1080 2472 1104 2527 si
1122 2472 1159 2542 is,
1177 2473 1223 2542 qui
1241 2488 1291 2542 pro
1309 2487 1361 2526 sua
1377 2469 1504 2526 libertate

61 2549 164 2630 iligna,
181 2561 260 2631 desit,
278 2560 463 2617 contradictor
477 2576 544 2616 uero
554 2575 686 2630 praeseus
698 2561 742 2630 sit,
762 2561 859 2616 melius
872 2561 924 2616 erit
936 2560 1077 2631 inaugeri⁴
1089 2574 1200 2616 causam
1214 2561 1273 2616 eius
1285 2560 1504 2630 sententiamque
1522 2569 1551 2609 se

62 2641 192 2707 referri:
210 2651 325 2706 sienim
343 2648 466 2719 liquebit,
485 2655 581 2705 conus
598 2650 751 2706 libertatem
771 2648 880 2706 debiti:
899 2649 1010 2705 euenire
1028 2654 1120 2706 autem
1139 2653 1239 2720 petest,
1258 2653 1289 2704 ut
1306 2648 1389 2704 etiam
1401 2647 1503 2704 absens

62 2725 171 2794 ducat:
189 2755 251 2795 usur
269 2743 363 2810 potest
379 2739 517 2794 sententis
534 2739 617 2794 etiam
636 2738 786 2794 secundum
805 2737 959 2794 libertatem
977 2737 1050 2794 ferri.

25 2804 50 2862 ἥ
108 2820 289 2884 Pourourus
310 2826 381 2882 libro
399 2825 561 2884 duodecimo
580 2828 615 2882 ad
634 2827 764 2894 Quintum
782 2827 911 2882 lluoium.
947 2826 1009 2882 Nou
1027 2826 1137 2882 uidetur
1155 2826 1258 2882 domini
1276 2841 1324 2881 uo·
1343 2819 1502 2908 {effi}
1521 2831 1547 2883 E

63 2901 171 2972 limis
193 2931 291 2972 seruus
311 2916 339 2970 in
357 2915 483 2971 libertate
501 2931 577 2987 esse,
600 2931 682 2986 quem
700 2915 827 2972 domiuus
844 2916 1000 2985 ignorasset
1017 2931 1097 2970 suum
1116 2929 1191 2970 esse:
1215 2918 1245 2969 et
1262 2918 1305 2970 est
1322 2913 1374 2969 boc
1392 2930 1501 2970 uerum:

63 2988 178 3059 ''euim
196 3005 307 3061 demum
325 3005 467 3060 uoluntate
485 3005 588 3060 domini
606 3005 634 3060 in
652 3003 778 3060 libertate
797 3009 848 3074 est,
870 3005 917 3075 qui
935 3005 1136 3075 possessiouem
1154 3003 1289 3060 libertatis
1307 3017 1341 3058 ex
1359 3003 1501 3058 uoluntate
1520 3011 1548 3051 tt

63 3075 167 3148 demini
183 3095 368 3164 consequitur.

28 3155 52 3216 ²⁹
110 3177 231 3238 Arauros
248 3171 419 3238 Haeduum
436 3180 504 3236 libro
522 3181 610 3251 primo
628 3180 664 3236 de
682 3197 711 3236 re
730 3181 848 3237 militari.
877 3181 927 3247 Qui
947 3181 982 3236 de
999 3179 1125 3236 libertate
1143 3195 1195 3236 sua
1211 3179 1322 3249 litigans
1340 3174 1501 3262 [lt-,effla
1518 3181 1562 3254 Es

64 3264 180 3326 meum
204 3271 342 3326 sententis
364 3269 430 3325 data
452 3269 564 3326 militiae
585 3285 617 3324 se
634 3270 724 3340 dedit,
742 3270 786 3324 ⁶in
804 3270 863 3338 pari
882 3285 966 3325 causa
984 3270 1083 3324 ceteris
1105 3269 1193 3332 seruis
1216 3267 1359 3323 habendus
1383 3273 1427 3322 est
1449 3283 1500 3324 neo

65 3357 193 3414 ueneat
209 3375 282 3428 enm,
300 3357 376 3428 quod
393 3373 443 3428 pro
462 3357 547 3413 libero
565 3357 714 3413 habeaturq
733 3359 760 3413 in
779 3357 951 3428 quibusdam.
980 3361 1008 3412 et
1025 3359 1089 3412 licet
1105 3356 1175 3412 liber
1187 3355 1352 3426 apparuerit,
1371 3361 1500 3412 exaucto-

65 3438 150 3516 ΕΜ,
166 3448 193 3503 id
211 3453 255 3504 est
271 3447 369 3502 militia
385 3450 507 3502 remotus
525 3447 622 3502 castris
640 3446 795 3515 reicieturss,
812 3447 907 3516 utique
925 3446 972 3515 qui
990 3461 1024 3500 ex
1042 3445 1176 3502 seruitute
1191 3445 1219 3500 iu
1231 3443 1385 3500 libertatem
1397 3444 1500 3514 petitus
1520 3451 1548 3492 ³³
1638 3471 1639 3474 ¹

65 3519 92 3574 lb
114 3535 163 3590 uel
179 3537 226 3605 qui
244 3552 300 3592 uou
318 3535 377 3590 sine
395 3535 458 3590 dolo
476 3536 594 3592 maloin
612 3535 737 3591 libertate
756 3539 877 3590 moratus
895 3539 952 3590 ant:
970 3535 1017 3604 qui
1035 3549 1102 3590 uero
1119 3549 1170 3604 per
1181 3532 1345 3602 calomniam
1357 3533 1460 3602 petitus
1473 3531 1501 3586 in

46 3611 224 3706 Ῑξῑῠὶωωιιι
242 3629 299 3694 eat,
317 3625 346 3680 iu
364 3624 460 3678 militia
477 3623 646 3680 retinebitur.
684 3624 736 3689 Qui
753 3624 890 3693 ingenuus
908 3624 1100 3694 pronuntiatus
1118 3627 1173 3693 eat,
1196 3622 1219 3676 si
1237 3635 1268 3676 se
1286 3620 1398 3676 militiae
1416 3618 1500 3689 dedit,

66 3703 138 3764 'lin
154 3713 366 3784 quinquennium
386 3717 534 3768 retractata
551 3713 689 3768 sententia
706 3716 796 3766 rnouol
814 3712 926 3768 domino
943 3711 1100 3768 reddendus
1119 3715 1171 3766 est.

112 3793 257 3858 {nunnus
275 3800 345 3856 libro
362 3802 458 3870 quinto
477 3816 512 3856 ex
529 3800 648 3856 lliuieio.
674 3797 791 3856 Duobus
803 3800 961 3870 petentibus
973 3801 1110 3856 hominem
1123 3800 1150 3854 in
1164 3798 1323 3854 seruitutem
1343 3789 1501 3880 [OE'ffll
1519 3798 1540 3851 S

63 3883 108 3936 ΝΟ
131 3896 208 3959 parte
225 3889 340 3946 dimidia
357 3890 518 3960 separatim,
539 3889 564 3944 si
581 3901 636 3946 uuo
654 3888 756 3944 iudicio
773 3888 850 3959 liber,
868 3889 955 3944 altero
973 3904 1070 3945 seruus
1088 3887 1225 3943 iudicatus
1243 3889 1295 3956 est,
1313 3883 1500 3940 commodissi-
1519 3891 1548 3931 ιο

62 3971 141 4030 unm
159 3985 199 4034 est
215 3994 250 4036 eo
267 3993 356 4048 usque
375 3979 437 4048 cogi
454 3978 572 4048 iudiess,
587 3978 680 4034 donec
697 3979 882 4034 consentiant:
901 3977 925 4032 si
943 3978 972 4034 id
990 3993 1045 4033 non
1063 3977 1216 4045 continget,
1236 3973 1366 4030 Sabinum
1385 3970 1501 4028 refertur

61 4051 234 4123 Qunam
256 4067 321 4122 duci
344 4082 454 4122 seruum
478 4066 579 4122 debere
604 4065 640 4122 ab
664 4081 698 4121 eu
716 4067 763 4136 qui
781 4067 906 4121 uicisset:
930 4067 1009 4122 cuius
1028 4065 1182 4121 sententiae
1201 4063 1312 4120 Cassius
1330 4075 1440 4132 quoqne
1458 4064 1501 4114 est

59 4139 79 4187 ω
98 4160 164 4224 θεο
180 4173 249 4212 snm.
282 4161 312 4211 et
329 4171 396 4210 saue
413 4154 557 4211 ridiculum
576 4159 620 4210 est
637 4153 763 4210 arbitrari
781 4171 842 4210 oum
861 4169 911 4224 pro
928 4157 1007 4224 purte
1025 4153 1139 4208 dimidia
1155 4153 1233 4222 duci,
1256 4165 1306 4222 pro
1323 4156 1402 4220 parte
1420 4147 1500 4204 liber·

57 4235 279 4329 llxrzuoe)

60 4377 180 4468 'eoque
198 4412 244 4456 ens.
318 4401 435 4456 ²secuti
454 4401 552 4467 (adali
623 4401 682 4456 ⁸et
699 4402 745 4454 del.
823 4399 960 4470 ‘ingerit
1031 4397 1187 4468 ‘proferri
1212 4396 1236 4451 si
1254 4393 1381 4464 liquebit,
1404 4397 1500 4448 eontra

59 4444 234 4526 hbe¹·tatem‘l
299 4471 527 4527 ‘condemnatus
546 4481 592 4525 tna.
659 4468 860 4525 'habebatnri
926 4469 1069 4524 aeicietur
1086 4467 1184 4536 (eddli
1254 4465 1366 4534 luceo]
1386 4464 1499 4533 antiquo

61 4517 383 4610 (Quarumsmeuofl

63 4615 417 4651 &w

1 4683 2 4699 ¹
66 4657 291 4736 ieiunumst
321 4680 492 4752 4quid'e'F²
523 4681 705 4736 llberm'ete
717 4679 752 4732 F‘
807 4680 863 4732 niae
883 4679 1031 4745 Eirinon.)
1085 4679 1120 4734 26
1139 4681 1170 4732 ut
1187 4678 1269 4732 etiam
1288 4675 1388 4731 absens
1406 4673 1500 4729 uincet

70 4729 235 4806 1²uestrae
248 4754 286 4806 F*
322 4755 355 4808 15
368 4753 532 4808 amittiuu’
572 4753 605 4806 18
617 4752 652 4819 is]
666 4752 707 4806 bis
717 4751 752 4802 F¹
806 4765 871 4805 uam
888 4753 1040 4820 potestcm.
1055 4749 1089 4801 F¹
1136 4748 1216 4816 Silis]
1229 4747 1271 4803 bis
1284 4749 1322 4800 F·
1366 4744 1497 4828 32'bops·

73 4799 630 4894 ¹3an·a‘auditaF21pnuuuntiaroF‘
678 4824 710 4877 21
725 4822 753 4876 iu
808 4839 863 4874 aas.
877 4821 904 4874 B
938 4817 1334 4884 eteu⁴cinr³1milituar⁴
1373 4817 1408 4870 38
1421 4830 1498 4884 quru-

3 4930 14 4953 ι
77 4873 277 4968 Ἢζεειιιιίιιεοω
297 4895 335 4946 F’
387 4895 422 4948 23
443 4901 546 4948 causa
563 4892 600 4946 Β*
654 4894 689 4948 25
707 4892 752 4946 de·
807 4888 998 4960 quenni'ni’um
1019 4889 1075 4956 F‘l
1096 4905 1169 4945 nono
1187 4888 1307 4957 domiuo]
1325 4887 1364 4951 τῷ
1383 4885 1496 4954 necuere

83 4941 174 5014 istu
188 4965 194 5030 l
208 4965 407 5033 praeserere
422 4966 428 5030 l
444 4963 582 5033 autumn
595 4963 640 5027 rs,
658 4962 754 5032 augeri
807 4960 888 5023 reme
904 4961 1047 5027 amna.)
1090 4961 1125 5016 41
1139 4959 1246 5016 ares*
1289 4955 1497 5014 eeuroesutrs

87 5009 330 5104 illinesque:
353 5037 480 5090 mentirer
502 5037 540 5090 nai
560 5031 752 5104 aosoueprbes's
806 5033 843 5088 43
861 5047 923 5087 eum
934 5029 966 5086 'd'
975 5045 1024 5102 pro
1044 5032 1067 5085 F
1069 5029 1080 5063 ⁸
