3644 5460
255 296 405 365 xxxxii
425 299 481 364 61
645 361 647 368 s
924 291 1011 372 556
1641 319 1684 365 »Β

256 445 359 512 nen'do:
377 455 480 526 petitur
498 453 631 512 bonorum
651 455 850 511 uenditionem:
869 455 1018 511 creditores
1035 453 1091 511 Seii
1109 455 1205 510 dicunt
1222 453 1295 510 bona
1312 453 1367 510 Seli
1384 453 1512 511 sufficere
1524 453 1586 525 sibi,
1604 455 1686 511 cmdi·

255 549 329 600 tores
347 545 412 599 Titii
437 547 581 600 contentos
603 557 665 600 esse
688 543 788 600 debere
806 545 886 600 bonis
904 544 970 600 Titii
988 549 1017 600 et
1034 545 1074 600 sic
1092 543 1171 613 quasi
1189 543 1304 599 duorum
1322 541 1382 599 lieri
1399 542 1535 601 bonorum
1553 545 1687 602 uenditio-

255 649 326 690 nem.
354 632 413 690 heri
430 634 501 689 enim
521 635 621 704 potest,
639 637 671 688 ut
688 632 769 689 Seius
787 633 896 704 quidem
915 632 1047 688 soluendo
1061 631 1145 688 fuerit
1155 633 1328 703 potueritque
1340 633 1425 688 satis¹
1437 633 1620 689 creditoribus
1632 633 1687 690 suis

255 724 300 779 uel
317 723 357 778 ite
374 722 484 792 semel²,
503 709 556 778 et'si
573 733 628 777 non
646 723 674 778 in
692 737 791 793 assem,
810 723 837 777 in
856 721 958 802 aliquid
976 725 1069 778 temen
1087 719 1255 792 satisfacere,
1273 721 1401 778 admissis
1416 725 1509 778 antem
1522 723 1687 779 commixtis·

255 827 309 882 que
330 809 511 867 creditoribus
530 811 612 866 Τίιιίι
630 810 720 866 minus
738 812 794 866 sint
811 811 998 881 consecuturi,
1022 810 1087 880 quia
1103 810 1148 864 rlle
1166 825 1221 865 non
1238 813 1282 864 est
1299 809 1431 868 soluendo
1450 813 1608 868 autminus
1626 826 1717 868 con-s

256 905 416 971 sequantur,
441 900 506 970 quia
528 900 619 969 plures
637 904 703 954 sunt
719 899 789 956 hiet
822 905 865 954 cst
881 900 966 970 igithr
983 899 1178 970 aequissimum
1196 898 1345 955 creditores
1364 899 1420 956 Seii
1437 899 1629 956 desiderantes
1646 916 1687 956 se·

255 990 423 1061 parationem
447 988 536 1044 audiri
556 988 755 1058 impetrataque
777 994 950 1059 apraetore‚
973 993 1006 1044 ιιι
1023 987 1171 1058 separatim
1189 988 1489 1058 quantumcumque
1507 989 1688 1046 creditoribus

222 1093 237 1140 a
255 1071 418 1150 praestetur.
454 1077 497 1132 Ex
515 1077 650 1132 corbario
669 1080 760 1132 entem
779 1077 928 1134 creditores
946 1077 1012 1133 Titii
1029 1092 1084 1133 non
1102 1075 1288 1148 impetrabunt
1304 1078 1519 1148 separationem:
1542 1095 1607 1134 nam
1624 1079 1689 1136 lieet

256 1169 337 1224 alicui
355 1165 498 1222 adiciendo
516 1164 569 1222 sihi
587 1165 749 1222 creditorem
767 1166 910 1222 creditoris
928 1166 970 1222 sui
988 1165 1079 1222 tacere
1097 1165 1259 1222 deteriorem
1274 1167 1470 1223 condicionem.
1497 1168 1594 1238 atqni⁶
1604 1169 1688 1238 igitur

256 1257 324 1312 adiit
346 1255 525 1312 hereditatem
548 1252 681 1310 debitoris
698 1255 767 1326 mci,
789 1270 845 1312 non
862 1253 945 1310 faciet
962 1269 1051 1310 meam
1069 1255 1230 1311 deteriorem
1249 1255 1436 1312 condicionem
1455 1255 1599 1326 meando,
1623 1257 1688 1327 quia
1706 1272 1732 1311 ro

255 1346 320 1402 licet
341 1345 406 1401 mihi
429 1343 628 1415 separationem
653 1345 812 1414 impetrare,
837 1359 903 1399 suos
926 1359 992 1400 uero
1010 1343 1158 1400 creditores
1175 1346 1313 1415 oneranit,
1337 1345 1403 1401 dum
1421 1345 1490 1402 adiit
1507 1345 1687 1408 hereditatem

222 1446 237 1492 a
255 1449 326 1506 quae
343 1434 474 1490 soluendo
493 1448 547 1489 nun
566 1437 686 1500 estnec
704 1436 832 1504 poterunt
850 1432 1076 1492 creditoreseins
1089 1434 1288 1504 separationem
1301 1435 1456 1504 impetrare.
1483 1433 1632 1490 Sciendum
1645 1441 1688 1489 est

255 1527 362 1594 autem,
386 1523 495 1580 edumei
517 1521 640 1592 obligata
663 1535 707 1576 res
725 1535 788 1577 esse
806 1527 974 1592 proponatur
992 1521 1027 1578 ah
1044 1521 1145 1576 herede
1162 1522 1227 1578 iure·
1238 1523 1360 1593 pignoris
1377 1524 1422 1579 nel
1440 1523 1626 1595 hypothecae,
1647 1527 1687 1578 st-

254 1617 355 1684 tamen,
373 1612 398 1667 si
415 1611 579 1668 hereditarie
596 1608 656 1680 fruit,
677 1611 687 1684 ΙΙ
706 1611 765 1666 iure
783 1610 963 1681 separationis
980 1609 1177 1682 hypothecario
1189 1611 1316 1667 creditori
1328 1614 1461 1682 potiorem
1475 1628 1537 1668 esse
1548 1628 1622 1683 enm,
1640 1613 1687 1684 qni
1703 1619 1812 1670 tte

222 1701 455 1772 raeparationem
479 1701 649 1772 impetrauit:
671 1704 701 1756 et
723 1701 763 1755 ita
780 1698 899 1756 Seuerus
917 1705 946 1755 et
962 1699 1118 1756 Antoninus
1137 1701 1341 1771 rescripserunt
1378 1699 1433 1756 Sed
1451 1702 1534 1757 etiarn
1553 1701 1687 1758 aduersus
1706 1715 1742 1757 rr»

222 1789 351 1847 thaeum
376 1794 405 1845 et
428 1789 578 1860 municipes
600 1789 794 1859 impetraretur
815 1789 960 1858 separatio.
997 1789 1155 1855 Quaesitum
1178 1795 1233 1861 est,
1257 1805 1292 1846 an
1315 1789 1453 1846 interdum
1475 1791 1559 1846 οιίιιιιι
1579 1790 1687 1847 heredis

255 1879 403 1936 creditores
420 1883 538 1950 possunt
554 1878 754 1948 separationem
772 1877 926 1948 impetrare,
945 1878 969 1934 ai
986 1877 1057 1934 sorte
1074 1879 1119 1934 ille
1137 1879 1166 1934 in
1183 1877 1308 1935 heodem
1325 1879 1446 1949 ipsorum
1465 1879 1564 1935 adierit
1581 1879 1686 1937 heredi-

254 1973 350 2026 tatem.
377 1968 427 2024 sed
446 1968 548 2024 nullum
567 1967 717 2024 remedium
735 1971 779 2022 est
795 1967 946 2038 proditum:
965 1957 1025 2023 sibi
1036 1967 1107 2023 enlm
1119 1967 1265 2039 imputent,
1282 1969 1330 2038 qui
1342 1983 1403 2024 eum
1417 1968 1465 2024 tali
1477 1972 1685 2044 contraxerunt:

255 2058 308 2115 nisl
330 2058 354 2114 sl
372 2061 450 2114 extre
467 2057 590 2114 ordinem
609 2060 738 2127 putamus
756 2061 910 2127 praetorem
929 2056 1063 2113 aduersus
1081 2057 1257 2113 calliditatem
1276 2057 1340 2130 eius,
1354 2056 1515 2128 subuenire,
1537 2058 1685 2128 quitatem

222 2145 380 2204 eireudem
403 2149 573 2204 commentus
596 2151 652 2202 est:
676 2146 750 2217 quod
773 2161 828 2202 non
851 2143 931 2200 iscile
954 2145 1104 2201 admissum
1123 2150 1174 2202 est
1210 2145 1265 2202 Sed
1283 2147 1386 2216 siquis
1404 2151 1561 2218 suspectam
1580 2145 1685 2204 heredi·
1703 2160 1748 2202 ro

254 2241 339 2293 tatem
358 2235 453 2292 dicens
471 2230 632 2308 compulsus
646 2235 728 2292 fuerit
746 2235 821 2291 adire
839 2240 868 2291 et
885 2233 1029 2290 restituere
1047 2233 1234 2304 hereditatem,
1253 2234 1353 2291 deinde
1369 2250 1424 2291 non
1443 2236 1480 2291 sit
1491 2236 1536 2292 cui
1548 2237 1686 2306 ιωιίιιιιι,

255 2341 290 2383 ex
313 2323 412 2397 quibus
434 2324 560 2382 casibust
579 2325 649 2382 solet
671 2325 724 2381 hoc
747 2325 864 2381 euenire.
896 2327 925 2379 et
947 2323 999 2392 ipsi
1022 2323 1132 2394 quidem
1150 2323 1324 2379 ¹desideranti
1341 2325 1463 2380 succurri
1480 2323 1533 2381 sihi
1551 2325 1685 2382 aduersus

254 2415 404 2472 creditores
421 2413 600 2470 hereditarios
617 2413 825 2471 subueniemus:
843 2413 904 2470 hoe
913 2416 942 2468 et
959 2412 1040 2468 dinus
1051 2413 1117 2468 Pius
1128 2413 1276 2484 rescripsit,
1295 2418 1326 2468 nt
1335 2412 1449 2484 perinde
1460 2416 1602 2471 metauris
1615 2414 1686 2472 hona

255 2506 392 2574 uenirent,
413 2507 496 2574 atque
515 2504 538 2560 si
557 2503 631 2559 adita
648 2503 785 2559 hereditas
802 2517 857 2558 non
875 2500 980 2557 inisset
1014 2501 1195 2558 creditoribus
1212 2517 1322 2573 quoque
1339 2501 1494 2559 huiusmodi
1511 2503 1622 2560 heredis
1639 2503 1684 2560 de·

255 2591 438 2651 siderantibus
462 2592 514 2648 boe
537 2591 610 2648 idem
632 2590 827 2662 praestandum
850 2596 930 2662 puto,
954 2591 1018 2648 licet
1039 2593 1099 2662 ipse
1121 2605 1177 2648 nen
1197 2589 1377 2663 desiderauit,
1400 2597 1431 2647 nt
1448 2593 1528 2663 qussi
1546 2594 1684 2664 separatio
1701 2603 1769 2648 εἰ

223 2689 238 2737 t
255 2682 390 2754 eumdem
412 2685 574 2752 praestetur.
610 2681 680 2737 Item
699 2680 854 2751 uideamus,
878 2681 902 2736 si
919 2680 982 2751 quis
999 2680 1078 2736 heres
1095 2681 1202 2752 parenti
1219 2681 1353 2752 enfiterit,
1377 2696 1440 2738 cnm
1457 2687 1533 2738 esset
1549 2679 1683 2754 impubes,

256 2771 355 2828 deinde
377 2771 449 2827 intra
466 2770 638 2840 pubertatem
656 2769 807 2826 decesserit
823 2772 852 2824 ct
870 2768 1009 2826 substituti
1027 2768 1100 2826 bona
1117 2775 1249 2841 ueneant,
1273 2771 1320 2841 qni
1338 2769 1486 2842 impuberis
1503 2771 1683 2829 hereditatem

255 2861 331 2932 adlit,
349 2876 385 2916 an
401 2860 488 2932 patria
506 2859 654 2918 creditores
670 2860 778 2932 possint
794 2858 993 2929 separationem
1010 2859 1165 2930 impetrare.
1191 2863 1298 2930 etpute
1309 2875 1407 2931 posse:
1424 2860 1477 2917 hoc
1488 2863 1607 2933 amplius
1619 2868 1684 2933 puto

255 2951 338 3006 etlam
359 2947 508 3021 impuberis
525 2949 673 3006 creditores
691 2963 773 3020 posse
790 2948 990 3018 separationem
1009 2947 1141 3005 aduersus
1158 2949 1308 3006 creditores
1325 2948 1434 3006 heredis
1450 2950 1510 3006 eius
1528 2952 1682 3022 impetrare.

223 3047 239 3094 8
255 3038 411 3096 Secundum
430 3037 499 3094 haec
516 3037 672 3108 uideamus,
697 3039 721 3094 si
737 3037 844 3094 Primus
862 3035 1019 3094 Secundum
1036 3037 1163 3094 heredem
1182 3039 1334 3109 scripserit,
1353 3037 1496 3096 Secundus
1513 3039 1640 3097 Tertium
1656 3045 1683 3096 et
1700 3035 1807 3096 affl

254 3127 341 3184 Tertii
358 3126 431 3184 bona
448 3132 580 3199 ueneant,
599 3127 646 3198 qni
665 3125 813 3183 creditores
830 3127 936 3197 possint
953 3128 1152 3198 separationem
1171 3127 1326 3199 impetrare.
1358 3133 1387 3184 et
1403 3131 1511 3200 putem,
1530 3130 1554 3185 si
1573 3130 1682 3201 quidem

253 3217 338 3274 Primi
359 3217 509 3274 creditores
531 3221 642 3288 petant,
665 3217 759 3287 utiquc
783 3216 934 3272 audiendos
956 3221 985 3272 et
1009 3216 1142 3272 aduersus
1160 3215 1279 3273 Secundi
1296 3221 1325 3272 et
1342 3217 1474 3274 aduersus
1492 3218 1581 3274 Tertii
1599 3219 1682 3276 medi·

254 3312 342 3364 torcs:
366 3307 389 3363 si
406 3322 473 3364 uere
491 3305 610 3362 Secundi
627 3305 776 3362 creditores
793 3311 902 3376 petant,
926 3305 1060 3362 adnerm
1077 3305 1163 3362 Tertii
1180 3306 1275 3396 utique
1294 3320 1342 3362 eos
1359 3307 1505 3378 impetrare
1522 3323 1619 3380 pesse,
1637 3307 1681 3366 ad·

255 3411 353 3454 uersus
369 3397 452 3452 Primi
470 3401 562 3453 entem
580 3411 634 3452 non
651 3409 742 3466 posse.
771 3396 799 3450 in
816 3409 923 3450 summe
940 3395 1023 3452 Primi
1041 3395 1151 3475 quidem
1169 3395 1318 3452 creditores
1335 3395 1468 3452 aduersus
1486 3411 1584 3454 omnes
1599 3399 1682 3470 impe

255 3490 328 3542 trare
346 3491 462 3556 possunt
480 3485 688 3557 separationem,
707 3483 826 3540 Secundi
844 3484 991 3540 creditores
1003 3484 1136 3540 aduersus
1148 3485 1231 3540 Primi
1243 3499 1297 3541 nun
1308 3490 1433 3557 possunt,
1451 3485 1588 3544 aduersus
1599 3489 1683 3544 Tertii
1699 3500 1725 3542 so

223 3580 379 3647 spossunt.
414 3575 446 3632 Si
467 3573 515 3630 lilii
538 3573 655 3632 familias
678 3573 752 3630 bona
773 3579 904 3642 ueneant,
927 3575 974 3644 qui
997 3579 1136 3630 castrense
1153 3574 1289 3644 peculium
1307 3573 1403 3646 habet,
1426 3591 1461 3631 an
1479 3577 1619 3647 separatis
1635 3576 1683 3634 list

255 3666 326 3722 inter
348 3669 502 3721 cumesses
520 3664 668 3720 creditores
685 3667 859 3732 ceterosque,
883 3661 1051 3719 uideamnst.
1082 3664 1161 3718 simul
1180 3671 1246 3733 ergo
1264 3663 1456 3736 admittentur,
1478 3665 1643 3738 dnmmodo,
1660 3665 1683 3722 si

256 3755 303 3824 qui
326 3767 388 3809 cnm
407 3769 440 3810 eo
458 3757 666 3823 conuexerant,
689 3757 835 3822 antequam
854 3751 994 3824 militaret,
1018 3751 1134 3808 fortasse
1151 3751 1271 3809 debeant
1288 3755 1421 3824 separari:
1444 3755 1519 3826 quod
1537 3760 1606 3828 putu
1623 3771 1682 3828 pre

255 3842 386 3899 handum.
413 3857 479 3913 ergo
497 3844 543 3913 qni
561 3847 625 3899 ente
643 3845 850 3912 contraxerunt,
869 3842 892 3897 si
910 3841 983 3898 bona
1000 3843 1150 3898 casuemie
1167 3835 1366 3915 distrahantur,
1385 3858 1439 3901 non
1457 3851 1575 3916 possunt
1592 3847 1683 3904 uenire

256 3947 319 3988 cum
337 3931 523 3988 cashensibus
541 3929 728 3987 creditoribus.
755 3931 821 3986 item
839 3931 863 3986 si
881 3931 947 4002 quid
964 3931 992 3986 in
1011 3946 1067 3986 rem
1085 3931 1171 4002 petris
1189 3946 1298 3992 uersum
1318 3937 1370 4004 eet,
1387 3931 1458 3990 iurte
1474 3935 1617 4006 poteritet
1628 3951 1682 3992 cre·
1699 3945 1724 3988 aa

256 4020 338 4078 ditori
360 4021 522 4090 contradici,
545 4035 580 4076 ne
602 4025 743 4076 castrense
761 4020 896 4090 peculium
915 4020 1062 4090 inquietet,
1086 4035 1148 4074 cnm
1166 4019 1254 4090 possit
1270 4022 1362 4092 potius
1380 4037 1443 4078 cnm
1461 4029 1540 4094 patre
1557 4025 1683 4096 experiri

208 4118 238 4164 10
255 4109 325 4166 Illud
343 4109 484 4166 sciendum
503 4114 546 4166 est
563 4125 611 4166 eoa
628 4109 739 4165 demum
757 4109 906 4165 creditores
923 4123 1006 4179 posse
1023 4109 1170 4180 impetrare
1187 4111 1402 4182 separationem,
1426 4113 1547 4182 quinon
1564 4113 1684 4170 nouandi

256 4200 347 4256 animo
365 4199 400 4254 ab
418 4199 518 4256 herede
537 4198 658 4270 stipulati
676 4203 748 4254 sunt
776 4202 896 4254 ceterum
915 4197 938 4253 si
957 4212 1019 4254 enm
1037 4197 1090 4254 hoe
1107 4199 1197 4256 animo
1215 4200 1302 4257 secuti
1319 4205 1393 4271 sunt,
1410 4201 1563 4258 amiserunt
1575 4217 1683 4276 separa·

254 4304 446 4376 nxrnoe)

256 4447 417 4506 1satisdel.
470 4447 543 4504 ²nel
561 4447 601 4502 ita
617 4446 711 4516 semel]
731 4445 774 4501 uel
792 4446 821 4502 in
838 4461 928 4502 assem
946 4447 989 4503 nel
1002 4447 1172 4516 (Haedosll
1224 4450 1273 4507 ⁸ii
1286 4459 1333 4506 tm.
1385 4452 1568 4510 ⁴autminus
1581 4453 1682 4524 ...hiel

254 4527 397 4592 requiritur
414 4523 462 4576 aut
479 4519 568 4576 minus
586 4517 718 4575 soluendo
729 4533 811 4588 quam
823 4517 903 4581 Seius
973 4520 1392 4592 5(ιιιιιιιιιιιιιιιιιιιιιιιιο(ιιηιιιιιεν
1403 4522 1496 4591 Hali?
1568 4525 1684 4598 8ιιιιιιιῑ]

255 4591 322 4661 qui?
393 4592 457 4647 ⁷ex
474 4590 573 4661 quibus
591 4589 700 4646 casihm
718 4592 765 4645 det
837 4591 918 4646 anec
935 4593 1002 4660 puto
1020 4592 1186 4662 separandos
1203 4597 1331 4650 similione
1348 4603 1396 4650 tm.

175 4745 185 4760 ⁵
254 4733 272 4786 3
326 4729 495 4802 tneritqu'a’e
511 4731 579 4788 satis
589 4728 698 4788 tacere
710 4731 891 4788 creditoribus
904 4733 941 4786 F²
993 4735 1028 4789 22
1045 4731 1163 4804 casibus]
1176 4744 1223 4800 sic,
1237 4736 1389 4792 scammis
1402 4737 1442 4806 Pl
1457 4737 1685 4796 ensnue'e'asr‘t

255 4804 273 4859 6
310 4803 343 4872 'cl
368 4804 411 4868 F1,
433 4801 461 4858 hi
483 4801 631 4858 creditores
654 4805 691 4858 Ρ
744 4804 939 4874 iimpetrare-
992 4807 1240 4876 superatarum
1276 4807 1636 4880 30secundns]secundun
1649 4811 1684 4865 Ρ

254 4872 341 4944 qu'a'e
362 4875 400 4944 F?
456 4875 490 4930 10
507 4875 591 4946 quia
608 4875 646 4929 Ρ
704 4876 739 4930 12
758 4880 885 4946 poterunt
902 4875 940 4930 F·
992 4878 1027 4932 31
1046 4878 1157 4933 ueniant
1175 4879 1212 4932 F¹
1256 4880 1291 4934 36
1309 4880 1357 4950 qui
1373 4900 1423 4935 om.
1436 4881 1473 4934 ΡΙ
1521 4883 1557 4938 37
1576 4882 1684 4953 c'p'etc-

146 4959 154 4972 ’
255 4947 289 5001 13
298 4944 485 5017 ypothcoaeF
516 4945 550 5002 14
558 4944 771 5018 *hypothecario
780 4945 816 4999 Γ*
847 4948 880 5002 16
890 4947 938 5002 im·
992 4963 1091 5019 rosque
1111 4949 1146 5002 F‘
1198 4949 1389 5022 aesopianam
1408 4951 1445 5005 Ρ
1493 4953 1530 5010 41
1549 4953 1685 5026 inquietet

253 5017 421 5088 petra‘re'tnr
429 5018 466 5072 F’
476 5017 480 5082 Ι
491 5019 671 5088 separatio...
683 5019 717 5073 16
725 5022 840 5088 pessunt
848 5037 897 5073 om.
905 5019 937 5073 Ρ
991 5025 1037 5076 *et
1055 5035 1117 5076 curn
1136 5020 1174 5073 Pl

254 5089 289 5147 18
301 5089 466 5146 conuenerit
478 5091 513 5144 F¹
558 5091 593 5148 19
605 5089 657 5147 nisi
668 5090 709 5146 ab
720 5091 756 5146 F’
771 5091 776 5161 1
790 5090 892 5148 talem*
902 5091 938 5144 Ρ
