<?xml version="1.0" encoding="UTF-8"?>
<!DOCTYPE html PUBLIC "-//W3C//DTD XHTML 1.0 Transitional//EN"
    "http://www.w3.org/TR/xhtml1/DTD/xhtml1-transitional.dtd">
<html xmlns="http://www.w3.org/1999/xhtml" xml:lang="en" lang="en">
 <head>
  <title>
</title>
<meta http-equiv="Content-Type" content="text/html;charset=utf-8" />
  <meta name='ocr-system' content='tesseract 3.04.00' />
  <meta name='ocr-capabilities' content='ocr_page ocr_carea ocr_par ocr_line ocrx_word'/>
</head>
<body>
  <div class='ocr_page' id='page_1' title='image "./digestaiustinia00kruegoog_0792.png"; bbox 0 0 3584 5454; ppageno 0'>
   <div class='ocr_carea' id='block_1_1' title="bbox 103 214 1544 328">
    <p class='ocr_par' dir='ltr' id='par_1_1' title="bbox 103 214 1544 328">
     <span class='ocr_line' id='line_1_1' title="bbox 103 214 1544 328; baseline -0.003 -5"><span class='ocrx_word' id='word_1_1' title='bbox 103 277 150 324; x_wconf 74' lang='grc' dir='ltr'>ιιι·</span> <span class='ocrx_word' id='word_1_2' title='bbox 172 272 317 322; x_wconf 78' lang='lat' dir='ltr'><strong>ramosis</strong></span> <span class='ocrx_word' id='word_1_3' title='bbox 339 273 492 322; x_wconf 83' lang='lat' dir='ltr'><strong>nmnnurs</strong></span> <span class='ocrx_word' id='word_1_4' title='bbox 777 247 863 328; x_wconf 94' lang='grc'><strong>777</strong></span> <span class='ocrx_word' id='word_1_5' title='bbox 1246 245 1425 322; x_wconf 76' lang='grc' dir='ltr'><strong>ΧΧΧΧ7Π</strong></span> <span class='ocrx_word' id='word_1_6' title='bbox 1447 214 1544 321; x_wconf 16' lang='lat'>1015*</span> 
     </span>
    </p>
   </div>
   <div class='ocr_carea' id='block_1_2' title="bbox 26 409 1636 3323">
    <p class='ocr_par' dir='ltr' id='par_1_2' title="bbox 26 409 1636 3323">
     <span class='ocr_line' id='line_1_2' title="bbox 104 409 1542 482; baseline -0.002 -13"><span class='ocrx_word' id='word_1_7' title='bbox 104 413 159 469; x_wconf 83' lang='lat' dir='ltr'><strong>‘cui</strong></span> <span class='ocrx_word' id='word_1_8' title='bbox 187 412 285 468; x_wconf 85' lang='lat' dir='ltr'><strong>lesisse</strong></span> <span class='ocrx_word' id='word_1_9' title='bbox 312 413 428 468; x_wconf 88' lang='lat' dir='ltr'><strong>cniusue</strong></span> <span class='ocrx_word' id='word_1_10' title='bbox 454 426 540 481; x_wconf 89' lang='lat' dir='ltr'><strong>opera</strong></span> <span class='ocrx_word' id='word_1_11' title='bbox 565 409 669 468; x_wconf 85' lang='lat' dir='ltr'><strong>lactum</strong></span> <span class='ocrx_word' id='word_1_12' title='bbox 690 425 752 470; x_wconf 85' lang='lat' dir='ltr'><strong>ease</strong></span> <span class='ocrx_word' id='word_1_13' title='bbox 776 411 895 482; x_wconf 88' lang='lat' dir='ltr'><strong>dicetur,</strong></span> <span class='ocrx_word' id='word_1_14' title='bbox 925 425 980 480; x_wconf 87' lang='lat' dir='ltr'><strong>qno</strong></span> <span class='ocrx_word' id='word_1_15' title='bbox 1004 410 1138 466; x_wconf 86' lang='lat' dir='ltr'><strong>aduersus</strong></span> <span class='ocrx_word' id='word_1_16' title='bbox 1163 409 1250 467; x_wconf 87' lang='lat' dir='ltr'><strong>bonos</strong></span> <span class='ocrx_word' id='word_1_17' title='bbox 1273 426 1364 467; x_wconf 86' lang='lat' dir='ltr'><strong>morea</strong></span> <span class='ocrx_word' id='word_1_18' title='bbox 1388 411 1542 466; x_wconf 89' lang='lat' dir='ltr'><strong>conuicium</strong></span> 
     </span>
     <span class='ocr_line' id='line_1_3' title="bbox 26 498 1542 558; baseline 0 -4"><span class='ocrx_word' id='word_1_19' title='bbox 26 500 206 558; x_wconf 69' lang='lat' dir='ltr'><strong>an&#39;lisret:</strong></span> <span class='ocrx_word' id='word_1_20' title='bbox 230 502 260 557; x_wconf 92' lang='lat' dir='ltr'><strong>in</strong></span> <span class='ocrx_word' id='word_1_21' title='bbox 283 516 345 556; x_wconf 90' lang='lat' dir='ltr'><strong>eum</strong></span> <span class='ocrx_word' id='word_1_22' title='bbox 369 501 499 556; x_wconf 88' lang='lat' dir='ltr'><strong>iudicium</strong></span> <span class='ocrx_word' id='word_1_23' title='bbox 523 498 612 556; x_wconf 85' lang='lat' dir='ltr'><strong>dabo&#39;.</strong></span> <span class='ocrx_word' id='word_1_24' title='bbox 649 500 809 556; x_wconf 78' lang='lat' dir='ltr'><strong>Conuiuium</strong></span> <span class='ocrx_word' id='word_1_25' title='bbox 833 500 959 554; x_wconf 89' lang='lat' dir='ltr'><strong>iniuriam</strong></span> <span class='ocrx_word' id='word_1_26' title='bbox 982 513 1044 554; x_wconf 88' lang='lat' dir='ltr'><strong>esse</strong></span> <span class='ocrx_word' id='word_1_27' title='bbox 1064 499 1158 555; x_wconf 89' lang='lat' dir='ltr'><strong>Labeo</strong></span> <span class='ocrx_word' id='word_1_28' title='bbox 1182 501 1229 556; x_wconf 90' lang='lat' dir='ltr'><strong>ait.</strong></span> <span class='ocrx_word' id='word_1_29' title='bbox 1265 500 1425 556; x_wconf 76' lang='lat' dir='ltr'><strong>Conuiuium</strong></span> <span class='ocrx_word' id='word_1_30' title='bbox 1450 505 1542 556; x_wconf 85' lang='lat' dir='ltr'><strong>nutem</strong></span> 
     </span>
     <span class='ocr_line' id='line_1_4' title="bbox 106 588 1542 660; baseline -0.002 -14"><span class='ocrx_word' id='word_1_31' title='bbox 106 591 208 646; x_wconf 89' lang='lat' dir='ltr'><strong>dicitur</strong></span> <span class='ocrx_word' id='word_1_32' title='bbox 225 591 269 646; x_wconf 90' lang='lat' dir='ltr'><strong>nel</strong></span> <span class='ocrx_word' id='word_1_33' title='bbox 288 605 306 644; x_wconf 89' lang='lat' dir='ltr'><strong>a</strong></span> <span class='ocrx_word' id='word_1_34' title='bbox 323 589 506 646; x_wconf 90' lang='lat' dir='ltr'><strong>concitatione</strong></span> <span class='ocrx_word' id='word_1_35' title='bbox 523 590 568 644; x_wconf 91' lang='lat' dir='ltr'><strong>nel</strong></span> <span class='ocrx_word' id='word_1_36' title='bbox 586 605 603 644; x_wconf 86' lang='lat' dir='ltr'><strong>a</strong></span> <span class='ocrx_word' id='word_1_37' title='bbox 621 593 786 660; x_wconf 83' lang='lat' dir='ltr'><strong>conuentu1,</strong></span> <span class='ocrx_word' id='word_1_38' title='bbox 804 589 857 646; x_wconf 88' lang='lat' dir='ltr'><strong>boc</strong></span> <span class='ocrx_word' id='word_1_39' title='bbox 875 593 918 644; x_wconf 88' lang='lat' dir='ltr'><strong>est</strong></span> <span class='ocrx_word' id='word_1_40' title='bbox 935 588 1108 642; x_wconf 85' lang='lat' dir='ltr'><strong>acollatioue</strong></span> <span class='ocrx_word' id='word_1_41' title='bbox 1121 604 1229 644; x_wconf 90' lang='lat' dir='ltr'><strong>uocum.</strong></span> <span class='ocrx_word' id='word_1_42' title='bbox 1258 605 1320 644; x_wconf 89' lang='lat' dir='ltr'><strong>cum</strong></span> <span class='ocrx_word' id='word_1_43' title='bbox 1332 589 1404 644; x_wconf 91' lang='lat' dir='ltr'><strong>enim</strong></span> <span class='ocrx_word' id='word_1_44' title='bbox 1417 589 1446 644; x_wconf 91' lang='lat' dir='ltr'><strong>in</strong></span> <span class='ocrx_word' id='word_1_45' title='bbox 1457 605 1542 644; x_wconf 89' lang='lat' dir='ltr'><strong>unum</strong></span> 
     </span>
     <span class='ocr_line' id='line_1_5' title="bbox 67 676 1543 748; baseline -0.001 -14"><span class='ocrx_word' id='word_1_46' title='bbox 67 687 83 734; x_wconf 74' lang='grc' dir='ltr'>ι</span> <span class='ocrx_word' id='word_1_47' title='bbox 106 680 260 748; x_wconf 85' lang='lat' dir='ltr'><strong>complures</strong></span> <span class='ocrx_word' id='word_1_48' title='bbox 279 693 362 734; x_wconf 89' lang='lat' dir='ltr'><strong>uoces</strong></span> <span class='ocrx_word' id='word_1_49' title='bbox 381 676 564 746; x_wconf 82' lang='lat' dir='ltr'><strong>conferuntur,</strong></span> <span class='ocrx_word' id='word_1_50' title='bbox 583 679 736 734; x_wconf 88' lang='lat' dir='ltr'><strong>conuicium</strong></span> <span class='ocrx_word' id='word_1_51' title='bbox 756 679 907 748; x_wconf 89' lang='lat' dir='ltr'><strong>appellatur</strong></span> <span class='ocrx_word' id='word_1_52' title='bbox 925 677 1004 746; x_wconf 87' lang='lat' dir='ltr'><strong>quasi</strong></span> <span class='ocrx_word' id='word_1_53' title='bbox 1021 678 1192 732; x_wconf 84' lang='lat' dir='ltr'><strong>nonuncium.</strong></span> <span class='ocrx_word' id='word_1_54' title='bbox 1225 676 1281 732; x_wconf 84' lang='lat' dir='ltr'><strong>Sed</strong></span> <span class='ocrx_word' id='word_1_55' title='bbox 1299 678 1373 748; x_wconf 89' lang='lat' dir='ltr'><strong>qnod</strong></span> <span class='ocrx_word' id='word_1_56' title='bbox 1391 677 1543 734; x_wconf 89' lang='lat' dir='ltr'><strong>adicitura</strong></span> 
     </span>
     <span class='ocr_line' id='line_1_6' title="bbox 105 764 1574 839; baseline -0.004 -15"><span class='ocrx_word' id='word_1_57' title='bbox 105 773 234 839; x_wconf 89' lang='lat' dir='ltr'><strong>praetore</strong></span> <span class='ocrx_word' id='word_1_58' title='bbox 256 766 397 822; x_wconf 83' lang='lat' dir='ltr'><strong>&#39;aduersus</strong></span> <span class='ocrx_word' id='word_1_59' title='bbox 423 765 511 822; x_wconf 87' lang='lat' dir='ltr'><strong>bonos</strong></span> <span class='ocrx_word' id='word_1_60' title='bbox 535 764 632 824; x_wconf 87' lang='lat' dir='ltr'><strong>mores&#39;</strong></span> <span class='ocrx_word' id='word_1_61' title='bbox 657 767 778 826; x_wconf 79' lang='lat' dir='ltr'><strong>ostendit</strong></span> <span class='ocrx_word' id='word_1_62' title='bbox 800 782 854 822; x_wconf 92' lang='lat' dir='ltr'><strong>non</strong></span> <span class='ocrx_word' id='word_1_63' title='bbox 878 769 992 822; x_wconf 81' lang='lat' dir='ltr'><strong>omnem·</strong></span> <span class='ocrx_word' id='word_1_64' title='bbox 1010 765 1039 820; x_wconf 91' lang='lat' dir='ltr'><strong>in</strong></span> <span class='ocrx_word' id='word_1_65' title='bbox 1061 781 1145 820; x_wconf 91' lang='lat' dir='ltr'><strong>unum</strong></span> <span class='ocrx_word' id='word_1_66' title='bbox 1168 767 1294 822; x_wconf 87' lang='lat' dir='ltr'><strong>collatam</strong></span> <span class='ocrx_word' id='word_1_67' title='bbox 1318 765 1542 822; x_wconf 80' lang='lat' dir='ltr'><strong>uociferationem</strong></span> <span class='ocrx_word' id='word_1_68' title='bbox 1561 777 1574 818; x_wconf 85' lang='lat' dir='ltr'><strong>s</strong></span> 
     </span>
     <span class='ocr_line' id='line_1_7' title="bbox 105 853 1543 927; baseline -0.001 -16"><span class='ocrx_word' id='word_1_69' title='bbox 105 863 260 927; x_wconf 76' lang='lat' dir='ltr'>praetorem</span> <span class='ocrx_word' id='word_1_70' title='bbox 280 861 387 925; x_wconf 85' lang='lat' dir='ltr'><strong>notare,</strong></span> <span class='ocrx_word' id='word_1_71' title='bbox 409 855 459 910; x_wconf 92' lang='lat' dir='ltr'><strong>sed</strong></span> <span class='ocrx_word' id='word_1_72' title='bbox 477 871 552 924; x_wconf 89' lang='lat' dir='ltr'><strong>eam,</strong></span> <span class='ocrx_word' id='word_1_73' title='bbox 569 863 642 924; x_wconf 79' lang='lat' dir='ltr'><strong>qnae</strong></span> <span class='ocrx_word' id='word_1_74' title='bbox 660 855 740 911; x_wconf 89' lang='lat' dir='ltr'><strong>bonis</strong></span> <span class='ocrx_word' id='word_1_75' title='bbox 758 855 878 910; x_wconf 83' lang='lat' dir='ltr'><strong>moribus</strong></span> <span class='ocrx_word' id='word_1_76' title='bbox 896 853 1066 925; x_wconf 73' lang='lat' dir='ltr'><strong>improbatur</strong></span> <span class='ocrx_word' id='word_1_77' title='bbox 1084 869 1210 926; x_wconf 84' lang='lat' dir='ltr'><strong>quaeque</strong></span> <span class='ocrx_word' id='word_1_78' title='bbox 1228 855 1264 909; x_wconf 89' lang='lat' dir='ltr'><strong>ad</strong></span> <span class='ocrx_word' id='word_1_79' title='bbox 1282 853 1421 911; x_wconf 81' lang='lat' dir='ltr'><strong>infamiam</strong></span> <span class='ocrx_word' id='word_1_80' title='bbox 1440 856 1485 911; x_wconf 92' lang='lat' dir='ltr'><strong>uel</strong></span> <span class='ocrx_word' id='word_1_81' title='bbox 1502 855 1543 910; x_wconf 90' lang='lat' dir='ltr'><strong>in·</strong></span> 
     </span>
     <span class='ocr_line' id='line_1_8' title="bbox 69 942 1543 1014; baseline 0 -14"><span class='ocrx_word' id='word_1_82' title='bbox 69 955 86 999; x_wconf 81' lang='lat' dir='ltr'><strong>u</strong></span> <span class='ocrx_word' id='word_1_83' title='bbox 106 944 211 1000; x_wconf 91' lang='lat' dir='ltr'><strong>uidiam</strong></span> <span class='ocrx_word' id='word_1_84' title='bbox 232 944 346 1000; x_wconf 88' lang='lat' dir='ltr'><strong>alicuius</strong></span> <span class='ocrx_word' id='word_1_85' title='bbox 364 946 511 1014; x_wconf 87' lang='lat' dir='ltr'><strong>spectaret.</strong></span> <span class='ocrx_word' id='word_1_86' title='bbox 547 943 623 999; x_wconf 89' lang='lat' dir='ltr'><strong>idem</strong></span> <span class='ocrx_word' id='word_1_87' title='bbox 642 944 681 998; x_wconf 89' lang='lat' dir='ltr'><strong>ait</strong></span> <span class='ocrx_word' id='word_1_88' title='bbox 698 943 840 1000; x_wconf 63' lang='lat' dir='ltr'><strong>‘murreus</strong></span> <span class='ocrx_word' id='word_1_89' title='bbox 858 943 945 1000; x_wconf 84' lang='lat' dir='ltr'><strong>bonos</strong></span> <span class='ocrx_word' id='word_1_90' title='bbox 963 942 1061 1000; x_wconf 72' lang='lat' dir='ltr'><strong>mores*</strong></span> <span class='ocrx_word' id='word_1_91' title='bbox 1078 944 1119 1000; x_wconf 87' lang='lat' dir='ltr'><strong>sic</strong></span> <span class='ocrx_word' id='word_1_92' title='bbox 1136 943 1326 1014; x_wconf 88' lang='lat' dir='ltr'><strong>accipiendum</strong></span> <span class='ocrx_word' id='word_1_93' title='bbox 1345 959 1399 999; x_wconf 91' lang='lat' dir='ltr'><strong>non</strong></span> <span class='ocrx_word' id='word_1_94' title='bbox 1418 945 1477 1000; x_wconf 91' lang='lat' dir='ltr'><strong>elus</strong></span> <span class='ocrx_word' id='word_1_95' title='bbox 1495 945 1543 1014; x_wconf 91' lang='lat' dir='ltr'><strong>qui</strong></span> 
     </span>
     <span class='ocr_line' id='line_1_9' title="bbox 70 1031 1543 1102; baseline 0 -14"><span class='ocrx_word' id='word_1_96' title='bbox 70 1041 86 1088; x_wconf 81' lang='lat'>7</span> <span class='ocrx_word' id='word_1_97' title='bbox 107 1033 185 1102; x_wconf 85' lang='lat' dir='ltr'><strong>iecit,</strong></span> <span class='ocrx_word' id='word_1_98' title='bbox 209 1033 260 1088; x_wconf 90' lang='lat' dir='ltr'><strong>sed</strong></span> <span class='ocrx_word' id='word_1_99' title='bbox 281 1033 448 1101; x_wconf 84' lang='lat' dir='ltr'><strong>generaliter</strong></span> <span class='ocrx_word' id='word_1_100' title='bbox 470 1031 659 1102; x_wconf 53' lang='lat' dir='ltr'><strong>coemendum</strong></span> <span class='ocrx_word' id='word_1_101' title='bbox 680 1032 814 1088; x_wconf 88' lang='lat' dir='ltr'><strong>aduersus</strong></span> <span class='ocrx_word' id='word_1_102' title='bbox 831 1031 919 1088; x_wconf 89' lang='lat' dir='ltr'><strong>bonos</strong></span> <span class='ocrx_word' id='word_1_103' title='bbox 937 1047 1027 1089; x_wconf 87' lang='lat' dir='ltr'><strong>morea</strong></span> <span class='ocrx_word' id='word_1_104' title='bbox 1045 1032 1126 1088; x_wconf 90' lang='lat' dir='ltr'><strong>huius</strong></span> <span class='ocrx_word' id='word_1_105' title='bbox 1143 1032 1273 1088; x_wconf 82' lang='lat' dir='ltr'><strong>ciuitatis.</strong></span> <span class='ocrx_word' id='word_1_106' title='bbox 1309 1033 1469 1088; x_wconf 84' lang='lat' dir='ltr'><strong>Conuiuium</strong></span> <span class='ocrx_word' id='word_1_107' title='bbox 1488 1049 1543 1089; x_wconf 91' lang='lat' dir='ltr'><strong>nou</strong></span> 
     </span>
     <span class='ocr_line' id='line_1_10' title="bbox 107 1119 1542 1192; baseline -0.001 -15"><span class='ocrx_word' id='word_1_108' title='bbox 107 1126 215 1178; x_wconf 86' lang='lat' dir='ltr'><strong>tantum</strong></span> <span class='ocrx_word' id='word_1_109' title='bbox 232 1121 380 1190; x_wconf 88' lang='lat' dir='ltr'><strong>praesenti,</strong></span> <span class='ocrx_word' id='word_1_110' title='bbox 398 1136 494 1176; x_wconf 90' lang='lat' dir='ltr'><strong>uerum</strong></span> <span class='ocrx_word' id='word_1_111' title='bbox 514 1119 621 1176; x_wconf 87' lang='lat' dir='ltr'><strong>absenti</strong></span> <span class='ocrx_word' id='word_1_112' title='bbox 639 1135 747 1190; x_wconf 87' lang='lat' dir='ltr'><strong>qnoque</strong></span> <span class='ocrx_word' id='word_1_113' title='bbox 764 1119 822 1176; x_wconf 84' lang='lat' dir='ltr'><strong>fieri</strong></span> <span class='ocrx_word' id='word_1_114' title='bbox 841 1136 923 1192; x_wconf 88' lang='lat' dir='ltr'><strong>posse</strong></span> <span class='ocrx_word' id='word_1_115' title='bbox 941 1121 1035 1178; x_wconf 81' lang='lat' dir='ltr'><strong>Labeo</strong></span> <span class='ocrx_word' id='word_1_116' title='bbox 1053 1121 1156 1176; x_wconf 90' lang='lat' dir='ltr'><strong>scribit.</strong></span> <span class='ocrx_word' id='word_1_117' title='bbox 1186 1121 1301 1192; x_wconf 85' lang='lat' dir='ltr'><strong>proinde</strong></span> <span class='ocrx_word' id='word_1_118' title='bbox 1319 1122 1343 1178; x_wconf 90' lang='lat' dir='ltr'><strong>si</strong></span> <span class='ocrx_word' id='word_1_119' title='bbox 1361 1121 1423 1191; x_wconf 87' lang='lat' dir='ltr'><strong>quis</strong></span> <span class='ocrx_word' id='word_1_120' title='bbox 1440 1121 1477 1176; x_wconf 87' lang='lat' dir='ltr'><strong>ad</strong></span> <span class='ocrx_word' id='word_1_121' title='bbox 1494 1121 1542 1177; x_wconf 90' lang='lat' dir='ltr'><strong>do·</strong></span> 
     </span>
     <span class='ocr_line' id='line_1_11' title="bbox 107 1208 1591 1279; baseline -0.003 -13"><span class='ocrx_word' id='word_1_122' title='bbox 107 1227 183 1266; x_wconf 89' lang='lat' dir='ltr'><strong>mum</strong></span> <span class='ocrx_word' id='word_1_123' title='bbox 206 1215 282 1264; x_wconf 89' lang='lat' dir='ltr'><strong>tuam</strong></span> <span class='ocrx_word' id='word_1_124' title='bbox 306 1209 414 1265; x_wconf 89' lang='lat' dir='ltr'><strong>uenerit</strong></span> <span class='ocrx_word' id='word_1_125' title='bbox 436 1214 464 1264; x_wconf 85' lang='lat' dir='ltr'><strong>te</strong></span> <span class='ocrx_word' id='word_1_126' title='bbox 487 1208 616 1279; x_wconf 83' lang='lat' dir='ltr'><strong>absente,</strong></span> <span class='ocrx_word' id='word_1_127' title='bbox 639 1211 792 1266; x_wconf 88' lang='lat' dir='ltr'><strong>conuicium</strong></span> <span class='ocrx_word' id='word_1_128' title='bbox 816 1208 919 1266; x_wconf 87' lang='lat' dir='ltr'><strong>lactum</strong></span> <span class='ocrx_word' id='word_1_129' title='bbox 941 1225 1003 1266; x_wconf 87' lang='lat' dir='ltr'><strong>esse</strong></span> <span class='ocrx_word' id='word_1_130' title='bbox 1021 1210 1129 1266; x_wconf 90' lang='lat' dir='ltr'><strong>dicitur.</strong></span> <span class='ocrx_word' id='word_1_131' title='bbox 1162 1210 1235 1266; x_wconf 91' lang='lat' dir='ltr'><strong>idem</strong></span> <span class='ocrx_word' id='word_1_132' title='bbox 1254 1214 1283 1265; x_wconf 91' lang='lat' dir='ltr'><strong>et</strong></span> <span class='ocrx_word' id='word_1_133' title='bbox 1300 1211 1323 1265; x_wconf 86' lang='lat' dir='ltr'><strong>si</strong></span> <span class='ocrx_word' id='word_1_134' title='bbox 1342 1210 1377 1264; x_wconf 87' lang='lat' dir='ltr'><strong>od</strong></span> <span class='ocrx_word' id='word_1_135' title='bbox 1396 1211 1542 1266; x_wconf 87' lang='lat' dir='ltr'><strong>stationem</strong></span> <span class='ocrx_word' id='word_1_136' title='bbox 1562 1223 1591 1262; x_wconf 85' lang='lat' dir='ltr'><strong>ro</strong></span> 
     </span>
     <span class='ocr_line' id='line_1_12' title="bbox 72 1296 1544 1368; baseline 0.001 -16"><span class='ocrx_word' id='word_1_137' title='bbox 72 1307 87 1352; x_wconf 79' lang='lat' dir='ltr'><strong>a</strong></span> <span class='ocrx_word' id='word_1_138' title='bbox 107 1299 153 1354; x_wconf 94' lang='lat' dir='ltr'><strong>uel</strong></span> <span class='ocrx_word' id='word_1_139' title='bbox 170 1297 312 1354; x_wconf 83' lang='lat' dir='ltr'><strong>tabernam</strong></span> <span class='ocrx_word' id='word_1_140' title='bbox 330 1302 444 1354; x_wconf 91' lang='lat' dir='ltr'><strong>uentum</strong></span> <span class='ocrx_word' id='word_1_141' title='bbox 463 1298 508 1366; x_wconf 89' lang='lat' dir='ltr'><strong>sit,</strong></span> <span class='ocrx_word' id='word_1_142' title='bbox 526 1296 636 1368; x_wconf 85' lang='lat' dir='ltr'><strong>probari</strong></span> <span class='ocrx_word' id='word_1_143' title='bbox 654 1304 788 1368; x_wconf 86' lang='lat' dir='ltr'><strong>oportere.</strong></span> <span class='ocrx_word' id='word_1_144' title='bbox 821 1299 932 1355; x_wconf 84' lang='lat' dir='ltr'><strong>Fecisse</strong></span> <span class='ocrx_word' id='word_1_145' title='bbox 948 1300 1103 1356; x_wconf 89' lang='lat' dir='ltr'><strong>conuiuium</strong></span> <span class='ocrx_word' id='word_1_146' title='bbox 1121 1313 1176 1354; x_wconf 92' lang='lat' dir='ltr'><strong>non</strong></span> <span class='ocrx_word' id='word_1_147' title='bbox 1193 1302 1300 1354; x_wconf 86' lang='lat' dir='ltr'><strong>tantum</strong></span> <span class='ocrx_word' id='word_1_148' title='bbox 1318 1299 1343 1354; x_wconf 92' lang='lat' dir='ltr'><strong>is</strong></span> <span class='ocrx_word' id='word_1_149' title='bbox 1360 1299 1478 1368; x_wconf 88' lang='lat' dir='ltr'><strong>uidetur,</strong></span> <span class='ocrx_word' id='word_1_150' title='bbox 1496 1299 1544 1368; x_wconf 87' lang='lat' dir='ltr'><strong>qni</strong></span> 
     </span>
     <span class='ocr_line' id='line_1_13' title="bbox 107 1385 1544 1458; baseline 0.001 -16"><span class='ocrx_word' id='word_1_151' title='bbox 107 1385 275 1444; x_wconf 79' lang='lat' dir='ltr'><strong>uociferatus</strong></span> <span class='ocrx_word' id='word_1_152' title='bbox 293 1391 344 1456; x_wconf 89' lang='lat' dir='ltr'><strong>est,</strong></span> <span class='ocrx_word' id='word_1_153' title='bbox 363 1402 460 1442; x_wconf 90' lang='lat' dir='ltr'><strong>uerum</strong></span> <span class='ocrx_word' id='word_1_154' title='bbox 478 1387 502 1442; x_wconf 90' lang='lat' dir='ltr'><strong>is</strong></span> <span class='ocrx_word' id='word_1_155' title='bbox 520 1401 638 1458; x_wconf 88' lang='lat' dir='ltr'><strong>quoque,</strong></span> <span class='ocrx_word' id='word_1_156' title='bbox 656 1387 704 1457; x_wconf 91' lang='lat' dir='ltr'><strong>qui</strong></span> <span class='ocrx_word' id='word_1_157' title='bbox 722 1388 872 1444; x_wconf 87' lang='lat' dir='ltr'><strong>concitauit</strong></span> <span class='ocrx_word' id='word_1_158' title='bbox 889 1388 925 1443; x_wconf 91' lang='lat' dir='ltr'><strong>ad</strong></span> <span class='ocrx_word' id='word_1_159' title='bbox 943 1386 1166 1444; x_wconf 80' lang='lat' dir='ltr'><strong>uociferationem</strong></span> <span class='ocrx_word' id='word_1_160' title='bbox 1184 1389 1253 1443; x_wconf 84' lang='lat' dir='ltr'><strong>alios</strong></span> <span class='ocrx_word' id='word_1_161' title='bbox 1271 1388 1315 1442; x_wconf 92' lang='lat' dir='ltr'><strong>uel</strong></span> <span class='ocrx_word' id='word_1_162' title='bbox 1332 1389 1380 1457; x_wconf 88' lang='lat' dir='ltr'><strong>qni</strong></span> <span class='ocrx_word' id='word_1_163' title='bbox 1392 1387 1544 1444; x_wconf 87' lang='lat' dir='ltr'><strong>summissit</strong></span> 
     </span>
     <span class='ocr_line' id='line_1_14' title="bbox 73 1474 1543 1546; baseline 0.001 -16"><span class='ocrx_word' id='word_1_164' title='bbox 73 1485 89 1530; x_wconf 85' lang='lat' dir='ltr'><strong>o</strong></span> <span class='ocrx_word' id='word_1_165' title='bbox 108 1479 141 1532; x_wconf 91' lang='lat' dir='ltr'><strong>ut</strong></span> <span class='ocrx_word' id='word_1_166' title='bbox 163 1474 355 1532; x_wconf 81' lang='lat' dir='ltr'><strong>uociferantur.</strong></span> <span class='ocrx_word' id='word_1_167' title='bbox 391 1475 457 1531; x_wconf 80' lang='lat' dir='ltr'><strong>&#39;Oui&#39;</strong></span> <span class='ocrx_word' id='word_1_168' title='bbox 475 1490 530 1530; x_wconf 92' lang='lat' dir='ltr'><strong>non</strong></span> <span class='ocrx_word' id='word_1_169' title='bbox 553 1476 612 1531; x_wconf 90' lang='lat' dir='ltr'><strong>sine</strong></span> <span class='ocrx_word' id='word_1_170' title='bbox 635 1489 721 1530; x_wconf 89' lang='lat' dir='ltr'><strong>causa</strong></span> <span class='ocrx_word' id='word_1_171' title='bbox 738 1476 875 1532; x_wconf 86' lang='lat' dir='ltr'><strong>adiectum</strong></span> <span class='ocrx_word' id='word_1_172' title='bbox 894 1481 951 1532; x_wconf 86' lang='lat' dir='ltr'><strong>est:</strong></span> <span class='ocrx_word' id='word_1_173' title='bbox 975 1491 1039 1532; x_wconf 85' lang='lat' dir='ltr'><strong>nam</strong></span> <span class='ocrx_word' id='word_1_174' title='bbox 1058 1477 1082 1532; x_wconf 90' lang='lat' dir='ltr'><strong>ai</strong></span> <span class='ocrx_word' id='word_1_175' title='bbox 1099 1478 1219 1532; x_wconf 86' lang='lat' dir='ltr'><strong>incertae</strong></span> <span class='ocrx_word' id='word_1_176' title='bbox 1236 1491 1371 1546; x_wconf 82' lang='lat' dir='ltr'><strong>persome</strong></span> <span class='ocrx_word' id='word_1_177' title='bbox 1389 1476 1543 1532; x_wconf 89' lang='lat' dir='ltr'><strong>conuicium</strong></span> 
     </span>
     <span class='ocr_line' id='line_1_15' title="bbox 57 1563 1543 1640; baseline 0.001 -22"><span class='ocrx_word' id='word_1_178' title='bbox 57 1573 88 1618; x_wconf 88' lang='lat' dir='ltr'><strong>ro</strong></span> <span class='ocrx_word' id='word_1_179' title='bbox 107 1563 172 1634; x_wconf 83' lang='lat' dir='ltr'><strong>liat,</strong></span> <span class='ocrx_word' id='word_1_180' title='bbox 195 1565 269 1620; x_wconf 87' lang='lat' dir='ltr'><strong>nulla</strong></span> <span class='ocrx_word' id='word_1_181' title='bbox 292 1564 418 1620; x_wconf 76' lang='lat' dir='ltr'><strong>executio</strong></span> <span class='ocrx_word' id='word_1_182' title='bbox 440 1569 491 1619; x_wconf 90' lang='lat' dir='ltr'><strong>est.</strong></span> <span class='ocrx_word' id='word_1_183' title='bbox 528 1563 558 1620; x_wconf 88' lang='lat' dir='ltr'><strong>Si</strong></span> <span class='ocrx_word' id='word_1_184' title='bbox 582 1565 719 1620; x_wconf 87' lang='lat' dir='ltr'><strong>curauerit</strong></span> <span class='ocrx_word' id='word_1_185' title='bbox 742 1565 803 1634; x_wconf 89' lang='lat' dir='ltr'><strong>quis</strong></span> <span class='ocrx_word' id='word_1_186' title='bbox 827 1565 981 1621; x_wconf 88' lang='lat' dir='ltr'><strong>conuicium</strong></span> <span class='ocrx_word' id='word_1_187' title='bbox 1000 1566 1080 1622; x_wconf 86' lang='lat' dir='ltr'><strong>alicui</strong></span> <span class='ocrx_word' id='word_1_188' title='bbox 1097 1564 1170 1634; x_wconf 90' lang='lat' dir='ltr'><strong>lieri,</strong></span> <span class='ocrx_word' id='word_1_189' title='bbox 1182 1579 1248 1621; x_wconf 49' lang='lat' dir='ltr'><strong>&#39;non</strong></span> <span class='ocrx_word' id='word_1_190' title='bbox 1266 1569 1359 1620; x_wconf 80' lang='lat' dir='ltr'><strong>tamen</strong></span> <span class='ocrx_word' id='word_1_191' title='bbox 1376 1563 1480 1640; x_wconf 82' lang='lat' dir='ltr'><strong>iactnm</strong></span> <span class='ocrx_word' id='word_1_192' title='bbox 1499 1565 1543 1634; x_wconf 75' lang='lat' dir='ltr'><strong>sit,</strong></span> 
     </span>
     <span class='ocr_line' id='line_1_16' title="bbox 56 1652 1592 1724; baseline -0.001 -16"><span class='ocrx_word' id='word_1_193' title='bbox 56 1663 87 1708; x_wconf 86' lang='grc' dir='ltr'><strong>ιι</strong></span> <span class='ocrx_word' id='word_1_194' title='bbox 108 1669 164 1710; x_wconf 89' lang='lat' dir='ltr'><strong>non</strong></span> <span class='ocrx_word' id='word_1_195' title='bbox 181 1652 327 1710; x_wconf 78' lang='lat' dir='ltr'><strong>tenebitur.</strong></span> <span class='ocrx_word' id='word_1_196' title='bbox 362 1654 406 1710; x_wconf 84' lang='lat' dir='ltr'><strong>Ex</strong></span> <span class='ocrx_word' id='word_1_197' title='bbox 422 1653 464 1708; x_wconf 84' lang='lat' dir='ltr'><strong>bis</strong></span> <span class='ocrx_word' id='word_1_198' title='bbox 482 1658 598 1723; x_wconf 87' lang='lat' dir='ltr'><strong>apparet</strong></span> <span class='ocrx_word' id='word_1_199' title='bbox 614 1668 669 1708; x_wconf 92' lang='lat' dir='ltr'><strong>non</strong></span> <span class='ocrx_word' id='word_1_200' title='bbox 686 1668 767 1708; x_wconf 88' lang='lat' dir='ltr'><strong>omne</strong></span> <span class='ocrx_word' id='word_1_201' title='bbox 785 1653 959 1710; x_wconf 87' lang='lat' dir='ltr'><strong>maledictum</strong></span> <span class='ocrx_word' id='word_1_202' title='bbox 978 1655 1132 1710; x_wconf 89' lang='lat' dir='ltr'><strong>conuicium</strong></span> <span class='ocrx_word' id='word_1_203' title='bbox 1146 1668 1222 1709; x_wconf 85' lang='lat' dir='ltr'><strong>ease:</strong></span> <span class='ocrx_word' id='word_1_204' title='bbox 1240 1653 1289 1708; x_wconf 89' lang='lat' dir='ltr'><strong>sed</strong></span> <span class='ocrx_word' id='word_1_205' title='bbox 1308 1653 1337 1708; x_wconf 90' lang='lat' dir='ltr'><strong>id</strong></span> <span class='ocrx_word' id='word_1_206' title='bbox 1353 1655 1451 1724; x_wconf 83' lang='lat' dir='ltr'><strong>solum,</strong></span> <span class='ocrx_word' id='word_1_207' title='bbox 1470 1653 1545 1724; x_wconf 86' lang='lat' dir='ltr'><strong>quod</strong></span> <span class='ocrx_word' id='word_1_208' title='bbox 1564 1665 1592 1706; x_wconf 85' lang='lat' dir='ltr'><strong>rs</strong></span> 
     </span>
     <span class='ocr_line' id='line_1_17' title="bbox 58 1741 1544 1814; baseline 0.001 -18"><span class='ocrx_word' id='word_1_209' title='bbox 58 1751 89 1796; x_wconf 85' lang='grc' dir='ltr'><strong>ιι</strong></span> <span class='ocrx_word' id='word_1_210' title='bbox 108 1759 172 1798; x_wconf 87' lang='lat' dir='ltr'><strong>enm</strong></span> <span class='ocrx_word' id='word_1_211' title='bbox 197 1741 392 1798; x_wconf 79' lang='lat' dir='ltr'><strong>uociferatione</strong></span> <span class='ocrx_word' id='word_1_212' title='bbox 415 1742 519 1797; x_wconf 74' lang='lat' dir='ltr'><strong>fficium</strong></span> <span class='ocrx_word' id='word_1_213' title='bbox 538 1746 593 1810; x_wconf 88' lang='lat' dir='ltr'><strong>est,</strong></span> <span class='ocrx_word' id='word_1_214' title='bbox 617 1743 678 1798; x_wconf 90' lang='lat' dir='ltr'><strong>siue</strong></span> <span class='ocrx_word' id='word_1_215' title='bbox 702 1757 773 1798; x_wconf 89' lang='lat' dir='ltr'><strong>unus</strong></span> <span class='ocrx_word' id='word_1_216' title='bbox 791 1743 850 1798; x_wconf 91' lang='lat' dir='ltr'><strong>siue</strong></span> <span class='ocrx_word' id='word_1_217' title='bbox 867 1743 959 1814; x_wconf 88' lang='lat' dir='ltr'><strong>plures</strong></span> <span class='ocrx_word' id='word_1_218' title='bbox 977 1743 1109 1813; x_wconf 86' lang='lat' dir='ltr'><strong>dixerint,</strong></span> <span class='ocrx_word' id='word_1_219' title='bbox 1133 1741 1208 1813; x_wconf 89' lang='lat' dir='ltr'><strong>quod</strong></span> <span class='ocrx_word' id='word_1_220' title='bbox 1225 1743 1254 1798; x_wconf 92' lang='lat' dir='ltr'><strong>iu</strong></span> <span class='ocrx_word' id='word_1_221' title='bbox 1272 1747 1353 1798; x_wconf 89' lang='lat' dir='ltr'><strong>coetu</strong></span> <span class='ocrx_word' id='word_1_222' title='bbox 1371 1742 1475 1798; x_wconf 90' lang='lat' dir='ltr'><strong>dictum</strong></span> <span class='ocrx_word' id='word_1_223' title='bbox 1493 1747 1544 1812; x_wconf 88' lang='lat' dir='ltr'><strong>est,</strong></span> 
     </span>
     <span class='ocr_line' id='line_1_18' title="bbox 108 1830 1545 1902; baseline -0.001 -14"><span class='ocrx_word' id='word_1_224' title='bbox 108 1832 264 1888; x_wconf 89' lang='lat' dir='ltr'><strong>conuicium</strong></span> <span class='ocrx_word' id='word_1_225' title='bbox 282 1836 338 1886; x_wconf 77' lang='lat' dir='ltr'><strong>estc</strong></span> <span class='ocrx_word' id='word_1_226' title='bbox 356 1830 431 1900; x_wconf 82' lang='lat' dir='ltr'><strong>quod</strong></span> <span class='ocrx_word' id='word_1_227' title='bbox 449 1835 541 1886; x_wconf 88' lang='lat' dir='ltr'><strong>autem</strong></span> <span class='ocrx_word' id='word_1_228' title='bbox 560 1845 615 1887; x_wconf 86' lang='lat' dir='ltr'><strong>non</strong></span> <span class='ocrx_word' id='word_1_229' title='bbox 634 1832 662 1886; x_wconf 90' lang='lat' dir='ltr'><strong>iu</strong></span> <span class='ocrx_word' id='word_1_230' title='bbox 680 1835 761 1886; x_wconf 88' lang='lat' dir='ltr'><strong>coetu</strong></span> <span class='ocrx_word' id='word_1_231' title='bbox 780 1846 831 1886; x_wconf 89' lang='lat' dir='ltr'><strong>nec</strong></span> <span class='ocrx_word' id='word_1_232' title='bbox 849 1830 1044 1887; x_wconf 84' lang='lat' dir='ltr'><strong>uociferatione</strong></span> <span class='ocrx_word' id='word_1_233' title='bbox 1062 1831 1170 1900; x_wconf 87' lang='lat' dir='ltr'><strong>dicitur,</strong></span> <span class='ocrx_word' id='word_1_234' title='bbox 1192 1832 1345 1888; x_wconf 89' lang='lat' dir='ltr'><strong>conuicium</strong></span> <span class='ocrx_word' id='word_1_235' title='bbox 1363 1847 1418 1887; x_wconf 93' lang='lat' dir='ltr'><strong>non</strong></span> <span class='ocrx_word' id='word_1_236' title='bbox 1436 1832 1545 1902; x_wconf 84' lang='lat' dir='ltr'><strong>preprie</strong></span> 
     </span>
     <span class='ocr_line' id='line_1_19' title="bbox 57 1918 1545 1990; baseline 0 -16"><span class='ocrx_word' id='word_1_237' title='bbox 57 1929 88 1974; x_wconf 80' lang='lat' dir='ltr'><strong>ru</strong></span> <span class='ocrx_word' id='word_1_238' title='bbox 107 1920 218 1990; x_wconf 89' lang='lat' dir='ltr'><strong>dicitur,</strong></span> <span class='ocrx_word' id='word_1_239' title='bbox 236 1919 285 1976; x_wconf 90' lang='lat' dir='ltr'><strong>sed</strong></span> <span class='ocrx_word' id='word_1_240' title='bbox 304 1918 454 1976; x_wconf 79' lang='lat' dir='ltr'><strong>infamandi</strong></span> <span class='ocrx_word' id='word_1_241' title='bbox 472 1935 556 1974; x_wconf 87' lang='lat' dir='ltr'><strong>cansa</strong></span> <span class='ocrx_word' id='word_1_242' title='bbox 573 1919 685 1974; x_wconf 88' lang='lat' dir='ltr'><strong>dictum.</strong></span> <span class='ocrx_word' id='word_1_243' title='bbox 716 1918 763 1974; x_wconf 73' lang='lat' dir='ltr'><strong>’Si</strong></span> <span class='ocrx_word' id='word_1_244' title='bbox 781 1921 843 1989; x_wconf 90' lang='lat' dir='ltr'><strong>qnis</strong></span> <span class='ocrx_word' id='word_1_245' title='bbox 860 1921 1016 1990; x_wconf 80' lang='lat' dir='ltr'><strong>astrologus</strong></span> <span class='ocrx_word' id='word_1_246' title='bbox 1031 1920 1136 1990; x_wconf 91' lang='lat' dir='ltr'><strong>uelqni</strong></span> <span class='ocrx_word' id='word_1_247' title='bbox 1148 1920 1282 1990; x_wconf 80' lang='lat' dir='ltr'><strong>aliquam⁸</strong></span> <span class='ocrx_word' id='word_1_248' title='bbox 1301 1921 1422 1976; x_wconf 88' lang='lat' dir='ltr'><strong>illicitam</strong></span> <span class='ocrx_word' id='word_1_249' title='bbox 1440 1920 1545 1975; x_wconf 87' lang='lat' dir='ltr'><strong>diuina·</strong></span> 
     </span>
     <span class='ocr_line' id='line_1_20' title="bbox 106 2005 1546 2079; baseline 0 -15"><span class='ocrx_word' id='word_1_250' title='bbox 106 2011 212 2066; x_wconf 87' lang='lat' dir='ltr'><strong>tionem</strong></span> <span class='ocrx_word' id='word_1_251' title='bbox 229 2009 373 2079; x_wconf 88' lang='lat' dir='ltr'><strong>pollicetur</strong></span> <span class='ocrx_word' id='word_1_252' title='bbox 395 2010 537 2065; x_wconf 88' lang='lat' dir='ltr'><strong>consultus</strong></span> <span class='ocrx_word' id='word_1_253' title='bbox 559 2009 677 2078; x_wconf 88' lang='lat' dir='ltr'><strong>aliquem</strong></span> <span class='ocrx_word' id='word_1_254' title='bbox 701 2005 788 2062; x_wconf 84' lang='lat' dir='ltr'><strong>iurem</strong></span> <span class='ocrx_word' id='word_1_255' title='bbox 809 2007 938 2077; x_wconf 76' lang='lat' dir='ltr'><strong>dixisset,</strong></span> <span class='ocrx_word' id='word_1_256' title='bbox 961 2009 1007 2078; x_wconf 81' lang='lat' dir='ltr'><strong>qui</strong></span> <span class='ocrx_word' id='word_1_257' title='bbox 1026 2024 1081 2064; x_wconf 92' lang='lat' dir='ltr'><strong>nou</strong></span> <span class='ocrx_word' id='word_1_258' title='bbox 1098 2014 1171 2078; x_wconf 87' lang='lat' dir='ltr'><strong>erat,</strong></span> <span class='ocrx_word' id='word_1_259' title='bbox 1190 2009 1347 2064; x_wconf 86' lang='lat' dir='ltr'><strong>iniuriarum</strong></span> <span class='ocrx_word' id='word_1_260' title='bbox 1366 2024 1430 2064; x_wconf 90' lang='lat' dir='ltr'><strong>cum</strong></span> <span class='ocrx_word' id='word_1_261' title='bbox 1448 2023 1481 2064; x_wconf 89' lang='lat' dir='ltr'><strong>eo</strong></span> <span class='ocrx_word' id='word_1_262' title='bbox 1500 2009 1546 2079; x_wconf 77' lang='lat' dir='ltr'><strong>agi</strong></span> 
     </span>
     <span class='ocr_line' id='line_1_21' title="bbox 57 2097 1593 2168; baseline -0.001 -16"><span class='ocrx_word' id='word_1_263' title='bbox 57 2107 89 2152; x_wconf 83' lang='grc' dir='ltr'><strong>ιι</strong></span> <span class='ocrx_word' id='word_1_264' title='bbox 107 2113 164 2156; x_wconf 92' lang='lat' dir='ltr'><strong>nou</strong></span> <span class='ocrx_word' id='word_1_265' title='bbox 181 2102 288 2168; x_wconf 89' lang='lat' dir='ltr'><strong>potest,</strong></span> <span class='ocrx_word' id='word_1_266' title='bbox 312 2097 362 2154; x_wconf 91' lang='lat' dir='ltr'><strong>sed</strong></span> <span class='ocrx_word' id='word_1_267' title='bbox 380 2099 590 2154; x_wconf 73' lang='lat' dir='ltr'><strong>constitutiones</strong></span> <span class='ocrx_word' id='word_1_268' title='bbox 608 2113 656 2154; x_wconf 87' lang='lat' dir='ltr'><strong>eos</strong></span> <span class='ocrx_word' id='word_1_269' title='bbox 674 2101 777 2152; x_wconf 86' lang='lat' dir='ltr'><strong>teneut.</strong></span> <span class='ocrx_word' id='word_1_270' title='bbox 814 2097 989 2167; x_wconf 87' lang='lat' dir='ltr'><strong>Iniuriarum,</strong></span> <span class='ocrx_word' id='word_1_271' title='bbox 1013 2113 1085 2167; x_wconf 87' lang='lat' dir='ltr'><strong>quae</strong></span> <span class='ocrx_word' id='word_1_272' title='bbox 1102 2113 1138 2152; x_wconf 87' lang='lat' dir='ltr'><strong>ex</strong></span> <span class='ocrx_word' id='word_1_273' title='bbox 1156 2097 1281 2153; x_wconf 78' lang='lat' dir='ltr'><strong>conuicio</strong></span> <span class='ocrx_word' id='word_1_274' title='bbox 1299 2099 1436 2168; x_wconf 89' lang='lat' dir='ltr'><strong>nascitur,</strong></span> <span class='ocrx_word' id='word_1_275' title='bbox 1453 2098 1481 2152; x_wconf 90' lang='lat' dir='ltr'><strong>in</strong></span> <span class='ocrx_word' id='word_1_276' title='bbox 1499 2097 1545 2153; x_wconf 91' lang='lat' dir='ltr'><strong>he·</strong></span> <span class='ocrx_word' id='word_1_277' title='bbox 1564 2107 1593 2150; x_wconf 87' lang='grc' dir='ltr'>ιο</span> 
     </span>
     <span class='ocr_line' id='line_1_22' title="bbox 59 2185 1546 2256; baseline 0.001 -15"><span class='ocrx_word' id='word_1_278' title='bbox 59 2195 88 2241; x_wconf 79' lang='grc' dir='ltr'><strong>ιι</strong></span> <span class='ocrx_word' id='word_1_279' title='bbox 107 2187 189 2242; x_wconf 85' lang='lat' dir='ltr'><strong>redes</strong></span> <span class='ocrx_word' id='word_1_280' title='bbox 207 2201 263 2242; x_wconf 90' lang='lat' dir='ltr'><strong>non</strong></span> <span class='ocrx_word' id='word_1_281' title='bbox 280 2192 324 2242; x_wconf 86' lang='lat' dir='ltr'><strong>est</strong></span> <span class='ocrx_word' id='word_1_282' title='bbox 341 2186 496 2242; x_wconf 86' lang='lat' dir='ltr'><strong>reddenda:</strong></span> <span class='ocrx_word' id='word_1_283' title='bbox 514 2186 564 2242; x_wconf 93' lang='lat' dir='ltr'><strong>sed</strong></span> <span class='ocrx_word' id='word_1_284' title='bbox 582 2201 634 2242; x_wconf 91' lang='lat' dir='ltr'><strong>nec</strong></span> <span class='ocrx_word' id='word_1_285' title='bbox 651 2185 754 2241; x_wconf 89' lang='lat' dir='ltr'><strong>heredi.</strong></span> <span class='ocrx_word' id='word_1_286' title='bbox 790 2185 838 2241; x_wconf 68' lang='lat' dir='ltr'><strong>&#39;Si</strong></span> <span class='ocrx_word' id='word_1_287' title='bbox 856 2186 918 2256; x_wconf 88' lang='lat' dir='ltr'><strong>quis</strong></span> <span class='ocrx_word' id='word_1_288' title='bbox 936 2186 1057 2256; x_wconf 81' lang='lat' dir='ltr'><strong>uirgines</strong></span> <span class='ocrx_word' id='word_1_289' title='bbox 1075 2187 1252 2256; x_wconf 77' lang='lat' dir='ltr'><strong>appellasset,</strong></span> <span class='ocrx_word' id='word_1_290' title='bbox 1272 2187 1296 2242; x_wconf 87' lang='lat' dir='ltr'><strong>sl</strong></span> <span class='ocrx_word' id='word_1_291' title='bbox 1313 2193 1407 2242; x_wconf 89' lang='lat' dir='ltr'><strong>tamen</strong></span> <span class='ocrx_word' id='word_1_292' title='bbox 1425 2187 1546 2242; x_wconf 77' lang='lat' dir='ltr'><strong>ancillari</strong></span> 
     </span>
     <span class='ocr_line' id='line_1_23' title="bbox 108 2273 1546 2346; baseline -0.001 -14"><span class='ocrx_word' id='word_1_293' title='bbox 108 2280 188 2332; x_wconf 85' lang='lat' dir='ltr'><strong>ueste</strong></span> <span class='ocrx_word' id='word_1_294' title='bbox 207 2276 335 2344; x_wconf 89' lang='lat' dir='ltr'><strong>uestitas,</strong></span> <span class='ocrx_word' id='word_1_295' title='bbox 353 2275 444 2330; x_wconf 89' lang='lat' dir='ltr'><strong>minus</strong></span> <span class='ocrx_word' id='word_1_296' title='bbox 461 2289 577 2346; x_wconf 88' lang='lat' dir='ltr'><strong>peceare</strong></span> <span class='ocrx_word' id='word_1_297' title='bbox 595 2275 718 2330; x_wconf 88' lang='lat' dir='ltr'><strong>uidetur:</strong></span> <span class='ocrx_word' id='word_1_298' title='bbox 737 2275 824 2330; x_wconf 89' lang='lat' dir='ltr'><strong>multo</strong></span> <span class='ocrx_word' id='word_1_299' title='bbox 843 2275 941 2344; x_wconf 90' lang='lat' dir='ltr'><strong>minus,</strong></span> <span class='ocrx_word' id='word_1_300' title='bbox 960 2275 984 2330; x_wconf 93' lang='lat' dir='ltr'><strong>si</strong></span> <span class='ocrx_word' id='word_1_301' title='bbox 1001 2275 1156 2332; x_wconf 84' lang='lat' dir='ltr'><strong>meretricia</strong></span> <span class='ocrx_word' id='word_1_302' title='bbox 1172 2278 1252 2330; x_wconf 88' lang='lat' dir='ltr'><strong>ueste</strong></span> <span class='ocrx_word' id='word_1_303' title='bbox 1270 2273 1397 2346; x_wconf 86' lang='lat' dir='ltr'><strong>seminas,</strong></span> <span class='ocrx_word' id='word_1_304' title='bbox 1415 2289 1471 2331; x_wconf 88' lang='lat' dir='ltr'><strong>non</strong></span> <span class='ocrx_word' id='word_1_305' title='bbox 1488 2289 1546 2330; x_wconf 87' lang='lat' dir='ltr'><strong>ma·</strong></span> 
     </span>
     <span class='ocr_line' id='line_1_24' title="bbox 107 2361 1545 2433; baseline -0.001 -13"><span class='ocrx_word' id='word_1_306' title='bbox 107 2369 182 2420; x_wconf 87' lang='lat' dir='ltr'><strong>trum</strong></span> <span class='ocrx_word' id='word_1_307' title='bbox 200 2362 362 2420; x_wconf 83' lang='lat' dir='ltr'><strong>familiarum</strong></span> <span class='ocrx_word' id='word_1_308' title='bbox 381 2365 499 2420; x_wconf 79' lang='lat' dir='ltr'><strong>nestitae</strong></span> <span class='ocrx_word' id='word_1_309' title='bbox 517 2363 642 2420; x_wconf 87' lang='lat' dir='ltr'><strong>luissent.</strong></span> <span class='ocrx_word' id='word_1_310' title='bbox 670 2365 694 2420; x_wconf 89' lang='lat' dir='ltr'><strong>si</strong></span> <span class='ocrx_word' id='word_1_311' title='bbox 712 2363 796 2432; x_wconf 81' lang='lat' dir='ltr'><strong>igitur</strong></span> <span class='ocrx_word' id='word_1_312' title='bbox 813 2379 869 2419; x_wconf 92' lang='lat' dir='ltr'><strong>non</strong></span> <span class='ocrx_word' id='word_1_313' title='bbox 886 2364 1030 2419; x_wconf 89' lang='lat' dir='ltr'><strong>matronali</strong></span> <span class='ocrx_word' id='word_1_314' title='bbox 1048 2363 1145 2419; x_wconf 87' lang='lat' dir='ltr'><strong>babitu</strong></span> <span class='ocrx_word' id='word_1_315' title='bbox 1162 2361 1264 2419; x_wconf 82' lang='lat' dir='ltr'><strong>semina</strong></span> <span class='ocrx_word' id='word_1_316' title='bbox 1276 2362 1359 2419; x_wconf 89' lang='lat' dir='ltr'><strong>luerit</strong></span> <span class='ocrx_word' id='word_1_317' title='bbox 1370 2367 1399 2419; x_wconf 90' lang='lat' dir='ltr'><strong>et</strong></span> <span class='ocrx_word' id='word_1_318' title='bbox 1410 2363 1472 2433; x_wconf 90' lang='lat' dir='ltr'><strong>quis</strong></span> <span class='ocrx_word' id='word_1_319' title='bbox 1483 2378 1545 2418; x_wconf 91' lang='lat' dir='ltr'><strong>eam</strong></span> 
     </span>
     <span class='ocr_line' id='line_1_25' title="bbox 60 2451 1545 2524; baseline -0.001 -16"><span class='ocrx_word' id='word_1_320' title='bbox 60 2463 89 2509; x_wconf 82' lang='lat' dir='ltr'><strong>lu</strong></span> <span class='ocrx_word' id='word_1_321' title='bbox 107 2453 260 2524; x_wconf 85' lang='lat' dir='ltr'><strong>appellauit</strong></span> <span class='ocrx_word' id='word_1_322' title='bbox 282 2453 327 2507; x_wconf 94' lang='lat' dir='ltr'><strong>uel</strong></span> <span class='ocrx_word' id='word_1_323' title='bbox 350 2452 376 2507; x_wconf 94' lang='lat' dir='ltr'><strong>ei</strong></span> <span class='ocrx_word' id='word_1_324' title='bbox 399 2452 527 2508; x_wconf 89' lang='lat' dir='ltr'><strong>comitem</strong></span> <span class='ocrx_word' id='word_1_325' title='bbox 546 2451 673 2522; x_wconf 86' lang='lat' dir='ltr'><strong>abduxit,</strong></span> <span class='ocrx_word' id='word_1_326' title='bbox 696 2451 856 2508; x_wconf 87' lang='lat' dir='ltr'><strong>iniuriarum</strong></span> <span class='ocrx_word' id='word_1_327' title='bbox 873 2457 990 2507; x_wconf 85' lang='lat' dir='ltr'><strong>tenetur.</strong></span> <span class='ocrx_word' id='word_1_328' title='bbox 1027 2451 1160 2508; x_wconf 82' lang='lat' dir='ltr'><strong>Comitem</strong></span> <span class='ocrx_word' id='word_1_329' title='bbox 1179 2453 1304 2522; x_wconf 84' lang='lat' dir='ltr'><strong>accipere</strong></span> <span class='ocrx_word' id='word_1_330' title='bbox 1322 2451 1455 2508; x_wconf 90' lang='lat' dir='ltr'><strong>debemus</strong></span> <span class='ocrx_word' id='word_1_331' title='bbox 1473 2467 1545 2523; x_wconf 89' lang='lat' dir='ltr'><strong>eum,</strong></span> 
     </span>
     <span class='ocr_line' id='line_1_26' title="bbox 107 2540 1593 2612; baseline -0.003 -16"><span class='ocrx_word' id='word_1_332' title='bbox 107 2542 157 2612; x_wconf 88' lang='lat' dir='ltr'><strong>qui</strong></span> <span class='ocrx_word' id='word_1_333' title='bbox 180 2541 326 2598; x_wconf 76' lang='lat' dir='ltr'><strong>comitetur</strong></span> <span class='ocrx_word' id='word_1_334' title='bbox 343 2545 372 2596; x_wconf 91' lang='lat' dir='ltr'><strong>et</strong></span> <span class='ocrx_word' id='word_1_335' title='bbox 389 2544 521 2610; x_wconf 79' lang='lat' dir='ltr'><strong>sequaurr</strong></span> <span class='ocrx_word' id='word_1_336' title='bbox 538 2545 567 2596; x_wconf 86' lang='lat' dir='ltr'><strong>et</strong></span> <span class='ocrx_word' id='word_1_337' title='bbox 585 2546 627 2607; x_wconf 87' lang='lat' dir='ltr'><strong>(nt</strong></span> <span class='ocrx_word' id='word_1_338' title='bbox 645 2542 683 2596; x_wconf 87' lang='lat' dir='ltr'><strong>ait</strong></span> <span class='ocrx_word' id='word_1_339' title='bbox 700 2541 804 2606; x_wconf 78' lang='lat' dir='ltr'><strong>Labeo)</strong></span> <span class='ocrx_word' id='word_1_340' title='bbox 823 2542 882 2596; x_wconf 91' lang='lat' dir='ltr'><strong>siue</strong></span> <span class='ocrx_word' id='word_1_341' title='bbox 900 2540 1014 2596; x_wconf 90' lang='lat' dir='ltr'><strong>liberum</strong></span> <span class='ocrx_word' id='word_1_342' title='bbox 1033 2542 1093 2597; x_wconf 87' lang='lat' dir='ltr'><strong>siue</strong></span> <span class='ocrx_word' id='word_1_343' title='bbox 1111 2557 1221 2597; x_wconf 88' lang='lat' dir='ltr'><strong>sernum</strong></span> <span class='ocrx_word' id='word_1_344' title='bbox 1239 2542 1299 2597; x_wconf 91' lang='lat' dir='ltr'><strong>siue</strong></span> <span class='ocrx_word' id='word_1_345' title='bbox 1317 2542 1467 2596; x_wconf 88' lang='lat' dir='ltr'><strong>masculum</strong></span> <span class='ocrx_word' id='word_1_346' title='bbox 1485 2541 1545 2596; x_wconf 87' lang='lat' dir='ltr'><strong>siue</strong></span> <span class='ocrx_word' id='word_1_347' title='bbox 1564 2551 1593 2592; x_wconf 85' lang='grc' dir='ltr'><strong>ιι</strong></span> 
     </span>
     <span class='ocr_line' id='line_1_27' title="bbox 107 2629 1636 2700; baseline -0.001 -15"><span class='ocrx_word' id='word_1_348' title='bbox 107 2629 254 2686; x_wconf 83' lang='lat' dir='ltr'><strong>feminam:</strong></span> <span class='ocrx_word' id='word_1_349' title='bbox 280 2629 290 2698; x_wconf 84' lang='lat' dir='ltr'><strong>ll</strong></span> <span class='ocrx_word' id='word_1_350' title='bbox 309 2634 338 2684; x_wconf 89' lang='lat' dir='ltr'><strong>et</strong></span> <span class='ocrx_word' id='word_1_351' title='bbox 360 2629 400 2684; x_wconf 87' lang='lat' dir='ltr'><strong>ita</strong></span> <span class='ocrx_word' id='word_1_352' title='bbox 421 2630 548 2684; x_wconf 90' lang='lat' dir='ltr'><strong>comitem</strong></span> <span class='ocrx_word' id='word_1_353' title='bbox 567 2630 660 2686; x_wconf 84' lang='lat' dir='ltr'><strong>Labeo</strong></span> <span class='ocrx_word' id='word_1_354' title='bbox 684 2629 780 2686; x_wconf 87' lang='lat' dir='ltr'><strong>definit</strong></span> <span class='ocrx_word' id='word_1_355' title='bbox 797 2629 851 2700; x_wconf 88' lang='lat' dir='ltr'><strong>&#39;qui</strong></span> <span class='ocrx_word' id='word_1_356' title='bbox 875 2629 1066 2699; x_wconf 79' lang='lat' dir='ltr'><strong>frequentandi</strong></span> <span class='ocrx_word' id='word_1_357' title='bbox 1084 2629 1217 2700; x_wconf 85' lang='lat' dir='ltr'><strong>cuiusque</strong></span> <span class='ocrx_word' id='word_1_358' title='bbox 1235 2645 1320 2686; x_wconf 87' lang='lat' dir='ltr'><strong>causa</strong></span> <span class='ocrx_word' id='word_1_359' title='bbox 1336 2635 1368 2686; x_wconf 89' lang='lat' dir='ltr'><strong>nt</strong></span> <span class='ocrx_word' id='word_1_360' title='bbox 1385 2633 1546 2700; x_wconf 86' lang='lat' dir='ltr'><strong>sequeretur</strong></span> <span class='ocrx_word' id='word_1_361' title='bbox 1562 2635 1578 2684; x_wconf 90' lang='lat' dir='ltr'><strong>t.</strong></span> <span class='ocrx_word' id='word_1_362' title='bbox 1590 2637 1636 2684; x_wconf 83' lang='grc' dir='ltr'><strong>ιιι</strong></span> 
     </span>
     <span class='ocr_line' id='line_1_28' title="bbox 109 2717 1545 2790; baseline 0 -17"><span class='ocrx_word' id='word_1_363' title='bbox 109 2717 272 2773; x_wconf 85' lang='lat' dir='ltr'><strong>&#39;destinatus</strong></span> <span class='ocrx_word' id='word_1_364' title='bbox 290 2718 319 2772; x_wconf 91' lang='lat' dir='ltr'><strong>in</strong></span> <span class='ocrx_word' id='word_1_365' title='bbox 336 2717 446 2788; x_wconf 90' lang='lat' dir='ltr'><strong>publico</strong></span> <span class='ocrx_word' id='word_1_366' title='bbox 464 2719 608 2787; x_wconf 85' lang='lat' dir='ltr'><strong>priuatone</strong></span> <span class='ocrx_word' id='word_1_367' title='bbox 626 2717 763 2776; x_wconf 88' lang='lat' dir='ltr'><strong>abductus</strong></span> <span class='ocrx_word' id='word_1_368' title='bbox 780 2718 879 2774; x_wconf 86' lang='lat' dir='ltr'><strong>luerit&#39;.</strong></span> <span class='ocrx_word' id='word_1_369' title='bbox 906 2719 977 2774; x_wconf 86' lang='lat' dir='ltr'><strong>iuter</strong></span> <span class='ocrx_word' id='word_1_370' title='bbox 995 2719 1110 2774; x_wconf 89' lang='lat' dir='ltr'><strong>comites</strong></span> <span class='ocrx_word' id='word_1_371' title='bbox 1127 2719 1223 2788; x_wconf 87' lang='lat' dir='ltr'><strong>utique</strong></span> <span class='ocrx_word' id='word_1_372' title='bbox 1241 2723 1270 2775; x_wconf 91' lang='lat' dir='ltr'><strong>et</strong></span> <span class='ocrx_word' id='word_1_373' title='bbox 1286 2719 1443 2790; x_wconf 72' lang='lat' dir='ltr'><strong>paedagogi</strong></span> <span class='ocrx_word' id='word_1_374' title='bbox 1456 2721 1545 2774; x_wconf 89' lang='lat' dir='ltr'><strong>erunt.</strong></span> 
     </span>
     <span class='ocr_line' id='line_1_29' title="bbox 61 2806 1546 2878; baseline -0.001 -15"><span class='ocrx_word' id='word_1_375' title='bbox 61 2817 92 2863; x_wconf 84' lang='lat'><strong>17</strong></span> <span class='ocrx_word' id='word_1_376' title='bbox 109 2806 269 2862; x_wconf 82' lang='lat' dir='ltr'><strong>Abduxisse</strong></span> <span class='ocrx_word' id='word_1_377' title='bbox 287 2806 409 2876; x_wconf 89' lang='lat' dir='ltr'><strong>uidetur,</strong></span> <span class='ocrx_word' id='word_1_378' title='bbox 434 2811 466 2862; x_wconf 90' lang='lat' dir='ltr'><strong>ut</strong></span> <span class='ocrx_word' id='word_1_379' title='bbox 483 2807 576 2864; x_wconf 85' lang='lat' dir='ltr'><strong>Labeo</strong></span> <span class='ocrx_word' id='word_1_380' title='bbox 594 2808 647 2877; x_wconf 89' lang='lat' dir='ltr'><strong>alt,</strong></span> <span class='ocrx_word' id='word_1_381' title='bbox 668 2823 723 2864; x_wconf 91' lang='lat' dir='ltr'><strong>non</strong></span> <span class='ocrx_word' id='word_1_382' title='bbox 741 2809 788 2878; x_wconf 89' lang='lat' dir='ltr'><strong>qui</strong></span> <span class='ocrx_word' id='word_1_383' title='bbox 806 2807 942 2864; x_wconf 90' lang='lat' dir='ltr'><strong>abducere</strong></span> <span class='ocrx_word' id='word_1_384' title='bbox 961 2808 1089 2864; x_wconf 88' lang='lat' dir='ltr'><strong>comitem</strong></span> <span class='ocrx_word' id='word_1_385' title='bbox 1107 2808 1210 2878; x_wconf 88' lang='lat' dir='ltr'><strong>coepit,</strong></span> <span class='ocrx_word' id='word_1_386' title='bbox 1235 2807 1284 2864; x_wconf 88' lang='lat' dir='ltr'><strong>aed</strong></span> <span class='ocrx_word' id='word_1_387' title='bbox 1302 2808 1349 2878; x_wconf 90' lang='lat' dir='ltr'><strong>qui</strong></span> <span class='ocrx_word' id='word_1_388' title='bbox 1367 2806 1496 2878; x_wconf 82' lang='lat' dir='ltr'><strong>perfecit,</strong></span> <span class='ocrx_word' id='word_1_389' title='bbox 1515 2811 1546 2863; x_wconf 89' lang='lat' dir='ltr'><strong>ut</strong></span> 
     </span>
     <span class='ocr_line' id='line_1_30' title="bbox 61 2895 1545 2969; baseline 0 -17"><span class='ocrx_word' id='word_1_390' title='bbox 61 2906 91 2952; x_wconf 81' lang='grc' dir='ltr'><strong>ιι</strong></span> <span class='ocrx_word' id='word_1_391' title='bbox 109 2910 204 2952; x_wconf 88' lang='lat' dir='ltr'><strong>comes</strong></span> <span class='ocrx_word' id='word_1_392' title='bbox 223 2911 286 2950; x_wconf 91' lang='lat' dir='ltr'><strong>cum</strong></span> <span class='ocrx_word' id='word_1_393' title='bbox 304 2897 354 2951; x_wconf 70' lang='lat' dir='ltr'><strong>eo⁴</strong></span> <span class='ocrx_word' id='word_1_394' title='bbox 371 2910 426 2951; x_wconf 91' lang='lat' dir='ltr'><strong>nou</strong></span> <span class='ocrx_word' id='word_1_395' title='bbox 445 2901 527 2952; x_wconf 86' lang='lat' dir='ltr'><strong>esset.</strong></span> <span class='ocrx_word' id='word_1_396' title='bbox 555 2895 713 2953; x_wconf 83' lang='lat' dir='ltr'><strong>Abduxisse</strong></span> <span class='ocrx_word' id='word_1_397' title='bbox 731 2901 824 2954; x_wconf 82' lang='lat' dir='ltr'><strong>autem</strong></span> <span class='ocrx_word' id='word_1_398' title='bbox 841 2913 896 2952; x_wconf 92' lang='lat' dir='ltr'><strong>non</strong></span> <span class='ocrx_word' id='word_1_399' title='bbox 913 2901 1022 2952; x_wconf 90' lang='lat' dir='ltr'><strong>tantum</strong></span> <span class='ocrx_word' id='word_1_400' title='bbox 1040 2897 1064 2952; x_wconf 91' lang='lat' dir='ltr'><strong>is</strong></span> <span class='ocrx_word' id='word_1_401' title='bbox 1081 2896 1198 2966; x_wconf 90' lang='lat' dir='ltr'><strong>uidetur,</strong></span> <span class='ocrx_word' id='word_1_402' title='bbox 1216 2897 1264 2967; x_wconf 84' lang='lat' dir='ltr'><strong>qui</strong></span> <span class='ocrx_word' id='word_1_403' title='bbox 1281 2911 1331 2969; x_wconf 92' lang='lat' dir='ltr'><strong>per</strong></span> <span class='ocrx_word' id='word_1_404' title='bbox 1348 2897 1405 2952; x_wconf 89' lang='lat' dir='ltr'><strong>uim</strong></span> <span class='ocrx_word' id='word_1_405' title='bbox 1422 2895 1545 2968; x_wconf 88' lang='lat' dir='ltr'><strong>abduxit,</strong></span> 
     </span>
     <span class='ocr_line' id='line_1_31' title="bbox 61 2985 1633 3056; baseline 0.001 -16"><span class='ocrx_word' id='word_1_406' title='bbox 61 2995 91 3040; x_wconf 83' lang='grc' dir='ltr'><strong>ιι</strong></span> <span class='ocrx_word' id='word_1_407' title='bbox 108 2999 207 3042; x_wconf 86' lang='lat' dir='ltr'><strong>nerum</strong></span> <span class='ocrx_word' id='word_1_408' title='bbox 225 2985 249 3039; x_wconf 91' lang='lat' dir='ltr'><strong>is</strong></span> <span class='ocrx_word' id='word_1_409' title='bbox 267 2999 385 3054; x_wconf 86' lang='lat' dir='ltr'><strong>quoque,</strong></span> <span class='ocrx_word' id='word_1_410' title='bbox 404 2985 451 3054; x_wconf 90' lang='lat' dir='ltr'><strong>qui</strong></span> <span class='ocrx_word' id='word_1_411' title='bbox 468 2986 606 3055; x_wconf 72' lang='lat' dir='ltr'><strong>pennasit</strong></span> <span class='ocrx_word' id='word_1_412' title='bbox 623 2987 725 3056; x_wconf 89' lang='lat' dir='ltr'><strong>comiti,</strong></span> <span class='ocrx_word' id='word_1_413' title='bbox 742 2991 775 3041; x_wconf 87' lang='lat' dir='ltr'><strong>ut</strong></span> <span class='ocrx_word' id='word_1_414' title='bbox 792 3001 853 3042; x_wconf 87' lang='lat' dir='ltr'><strong>eam</strong></span> <span class='ocrx_word' id='word_1_415' title='bbox 871 2985 1019 3042; x_wconf 84' lang='lat' dir='ltr'><strong>desereret.</strong></span> <span class='ocrx_word' id='word_1_416' title='bbox 1048 2987 1170 3042; x_wconf 85' lang='lat' dir='ltr'><strong>Tenetur</strong></span> <span class='ocrx_word' id='word_1_417' title='bbox 1187 2985 1239 3042; x_wconf 93' lang='lat' dir='ltr'><strong>boc</strong></span> <span class='ocrx_word' id='word_1_418' title='bbox 1257 2987 1348 3042; x_wconf 90' lang='lat' dir='ltr'><strong>edicto</strong></span> <span class='ocrx_word' id='word_1_419' title='bbox 1366 2991 1545 3044; x_wconf 74' lang='lat' dir='ltr'><strong>neumatum</strong></span> <span class='ocrx_word' id='word_1_420' title='bbox 1565 2995 1594 3037; x_wconf 80' lang='grc' dir='ltr'><strong>ιι</strong></span> <span class='ocrx_word' id='word_1_421' title='bbox 1630 2991 1633 3000; x_wconf 86' lang='grc'><em>“</em></span> 
     </span>
     <span class='ocr_line' id='line_1_32' title="bbox 109 3072 1546 3146; baseline 0.003 -18"><span class='ocrx_word' id='word_1_422' title='bbox 109 3074 159 3144; x_wconf 90' lang='lat' dir='ltr'><strong>qui</strong></span> <span class='ocrx_word' id='word_1_423' title='bbox 182 3073 309 3128; x_wconf 88' lang='lat' dir='ltr'><strong>comitem</strong></span> <span class='ocrx_word' id='word_1_424' title='bbox 333 3072 462 3143; x_wconf 80' lang='lat' dir='ltr'><strong>abduxit,</strong></span> <span class='ocrx_word' id='word_1_425' title='bbox 485 3089 581 3130; x_wconf 92' lang='lat' dir='ltr'><strong>uerum</strong></span> <span class='ocrx_word' id='word_1_426' title='bbox 605 3075 688 3130; x_wconf 90' lang='lat' dir='ltr'><strong>etiarn</strong></span> <span class='ocrx_word' id='word_1_427' title='bbox 712 3074 819 3144; x_wconf 88' lang='lat' dir='ltr'><strong>siquis</strong></span> <span class='ocrx_word' id='word_1_428' title='bbox 842 3089 935 3130; x_wconf 87' lang='lat' dir='ltr'><strong>eorum</strong></span> <span class='ocrx_word' id='word_1_429' title='bbox 959 3089 1041 3145; x_wconf 83' lang='lat' dir='ltr'><strong>quem</strong></span> <span class='ocrx_word' id='word_1_430' title='bbox 1065 3075 1260 3146; x_wconf 88' lang='lat' dir='ltr'><strong>appellauisset</strong></span> <span class='ocrx_word' id='word_1_431' title='bbox 1281 3076 1476 3132; x_wconf 86' lang='lat' dir='ltr'><strong>adseotstnsue</strong></span> <span class='ocrx_word' id='word_1_432' title='bbox 1494 3081 1546 3132; x_wconf 87' lang='lat' dir='ltr'><strong>est.</strong></span> 
     </span>
     <span class='ocr_line' id='line_1_33' title="bbox 62 3161 1545 3235; baseline 0.001 -17"><span class='ocrx_word' id='word_1_433' title='bbox 62 3173 92 3218; x_wconf 84' lang='grc' dir='ltr'><strong>ιι</strong></span> <span class='ocrx_word' id='word_1_434' title='bbox 110 3162 258 3232; x_wconf 82' lang='lat' dir='ltr'><strong>Appellare</strong></span> <span class='ocrx_word' id='word_1_435' title='bbox 276 3165 320 3217; x_wconf 88' lang='lat' dir='ltr'><strong>est</strong></span> <span class='ocrx_word' id='word_1_436' title='bbox 337 3161 439 3218; x_wconf 89' lang='lat' dir='ltr'><strong>blanda</strong></span> <span class='ocrx_word' id='word_1_437' title='bbox 455 3163 578 3218; x_wconf 86' lang='lat' dir='ltr'><strong>oratione</strong></span> <span class='ocrx_word' id='word_1_438' title='bbox 596 3163 708 3218; x_wconf 86' lang='lat' dir='ltr'><strong>alterins</strong></span> <span class='ocrx_word' id='word_1_439' title='bbox 725 3162 886 3233; x_wconf 86' lang='lat' dir='ltr'><strong>pudicitiam</strong></span> <span class='ocrx_word' id='word_1_440' title='bbox 904 3164 1088 3235; x_wconf 87' lang='lat' dir='ltr'><strong>adtemptare:</strong></span> <span class='ocrx_word' id='word_1_441' title='bbox 1107 3163 1160 3220; x_wconf 92' lang='lat' dir='ltr'><strong>boc</strong></span> <span class='ocrx_word' id='word_1_442' title='bbox 1175 3164 1248 3219; x_wconf 90' lang='lat' dir='ltr'><strong>enim</strong></span> <span class='ocrx_word' id='word_1_443' title='bbox 1260 3179 1315 3220; x_wconf 91' lang='lat' dir='ltr'><strong>nou</strong></span> <span class='ocrx_word' id='word_1_444' title='bbox 1328 3169 1371 3220; x_wconf 91' lang='lat' dir='ltr'><strong>est</strong></span> <span class='ocrx_word' id='word_1_445' title='bbox 1383 3165 1545 3235; x_wconf 88' lang='lat' dir='ltr'><strong>conuicium,</strong></span> 
     </span>
     <span class='ocr_line' id='line_1_34' title="bbox 62 3249 1545 3323; baseline 0.001 -17"><span class='ocrx_word' id='word_1_446' title='bbox 62 3263 90 3306; x_wconf 87' lang='grc' dir='ltr'><strong>ιι</strong></span> <span class='ocrx_word' id='word_1_447' title='bbox 110 3251 161 3306; x_wconf 87' lang='lat' dir='ltr'><strong>aed</strong></span> <span class='ocrx_word' id='word_1_448' title='bbox 183 3250 317 3306; x_wconf 86' lang='lat' dir='ltr'><strong>aduersus</strong></span> <span class='ocrx_word' id='word_1_449' title='bbox 339 3249 427 3306; x_wconf 87' lang='lat' dir='ltr'><strong>bonos</strong></span> <span class='ocrx_word' id='word_1_450' title='bbox 450 3266 540 3308; x_wconf 89' lang='lat' dir='ltr'><strong>mores</strong></span> <span class='ocrx_word' id='word_1_451' title='bbox 559 3251 756 3322; x_wconf 70' lang='lat' dir='ltr'><strong>adtemptarel.</strong></span> <span class='ocrx_word' id='word_1_452' title='bbox 794 3253 846 3319; x_wconf 80' lang='lat' dir='ltr'><strong>Qui</strong></span> <span class='ocrx_word' id='word_1_453' title='bbox 862 3253 988 3323; x_wconf 86' lang='lat' dir='ltr'><strong>turpibus</strong></span> <span class='ocrx_word' id='word_1_454' title='bbox 1006 3251 1099 3309; x_wconf 87' lang='lat' dir='ltr'><strong>uerbis</strong></span> <span class='ocrx_word' id='word_1_455' title='bbox 1117 3253 1211 3323; x_wconf 88' lang='lat' dir='ltr'><strong>utitur,</strong></span> <span class='ocrx_word' id='word_1_456' title='bbox 1233 3267 1289 3309; x_wconf 93' lang='lat' dir='ltr'><strong>nou</strong></span> <span class='ocrx_word' id='word_1_457' title='bbox 1306 3257 1424 3323; x_wconf 84' lang='lat' dir='ltr'><strong>temptat</strong></span> <span class='ocrx_word' id='word_1_458' title='bbox 1440 3253 1545 3323; x_wconf 90' lang='lat' dir='ltr'><strong>podici-</strong></span> 
     </span>
    </p>
   </div>
   <div class='ocr_carea' id='block_1_3' title="bbox 110 3375 304 3445">
    <p class='ocr_par' dir='ltr' id='par_1_3' title="bbox 110 3375 304 3445">
     <span class='ocr_line' id='line_1_35' title="bbox 110 3375 304 3445; baseline 0 -15"><span class='ocrx_word' id='word_1_459' title='bbox 110 3375 304 3445; x_wconf 64' lang='lat' dir='ltr'><strong>smenon)</strong></span> 
     </span>
    </p>
   </div>
   <div class='ocr_carea' id='block_1_4' title="bbox 109 3562 1547 3780">
    <p class='ocr_par' dir='ltr' id='par_1_4' title="bbox 109 3562 1547 3780">
     <span class='ocr_line' id='line_1_36' title="bbox 112 3562 1547 3630; baseline 0.001 -13"><span class='ocrx_word' id='word_1_460' title='bbox 112 3567 121 3600; x_wconf 88' lang='lat'>¹</span> <span class='ocrx_word' id='word_1_461' title='bbox 141 3567 277 3619; x_wconf 80' lang='lat' dir='ltr'><strong>concentu</strong></span> <span class='ocrx_word' id='word_1_462' title='bbox 295 3563 396 3630; x_wconf 77' lang='lat' dir='ltr'><strong>(Currus</strong></span> <span class='ocrx_word' id='word_1_463' title='bbox 415 3562 507 3629; x_wconf 77' lang='lat' dir='ltr'><strong>ietsrl?</strong></span> <span class='ocrx_word' id='word_1_464' title='bbox 595 3563 607 3599; x_wconf 82' lang='lat'>²</span> <span class='ocrx_word' id='word_1_465' title='bbox 625 3584 646 3619; x_wconf 88' lang='lat' dir='ltr'><strong>c.</strong></span> <span class='ocrx_word' id='word_1_466' title='bbox 659 3565 694 3618; x_wconf 87' lang='grc'><strong>14</strong></span> <span class='ocrx_word' id='word_1_467' title='bbox 711 3565 883 3619; x_wconf 82' lang='lat' dir='ltr'><strong>collocandum</strong></span> <span class='ocrx_word' id='word_1_468' title='bbox 906 3570 964 3618; x_wconf 81' lang='lat' dir='ltr'><strong>cute</strong></span> <span class='ocrx_word' id='word_1_469' title='bbox 982 3583 1002 3618; x_wconf 84' lang='lat' dir='ltr'><strong>c.</strong></span> <span class='ocrx_word' id='word_1_470' title='bbox 1016 3563 1063 3617; x_wconf 87' lang='lat'><strong>13:</strong></span> <span class='ocrx_word' id='word_1_471' title='bbox 1087 3564 1178 3618; x_wconf 79' lang='lat' dir='ltr'><strong>deiude</strong></span> <span class='ocrx_word' id='word_1_472' title='bbox 1201 3571 1259 3619; x_wconf 82' lang='lat' dir='ltr'><strong>oute</strong></span> <span class='ocrx_word' id='word_1_473' title='bbox 1276 3583 1297 3619; x_wconf 91' lang='lat' dir='ltr'><strong>c.</strong></span> <span class='ocrx_word' id='word_1_474' title='bbox 1311 3565 1344 3618; x_wconf 84' lang='lat'><strong>15</strong></span> <span class='ocrx_word' id='word_1_475' title='bbox 1369 3565 1547 3619; x_wconf 80' lang='lat' dir='ltr'><strong>desiderantur</strong></span> 
     </span>
     <span class='ocr_line' id='line_1_37' title="bbox 110 3584 1547 3712; baseline 0.001 -23"><span class='ocrx_word' id='word_1_476' title='bbox 110 3636 190 3690; x_wconf 81' lang='lat' dir='ltr'><strong>uerbo</strong></span> <span class='ocrx_word' id='word_1_477' title='bbox 209 3637 286 3689; x_wconf 82' lang='lat' dir='ltr'><strong>rdr&#39;rlr&#39;</strong></span> <span class='ocrx_word' id='word_1_478' title='bbox 303 3635 335 3689; x_wconf 80' lang='lat' dir='ltr'><strong>de</strong></span> <span class='ocrx_word' id='word_1_479' title='bbox 349 3584 478 3706; x_wconf 46' lang='lat' dir='ltr'><strong>pudicitia</strong></span> <span class='ocrx_word' id='word_1_480' title='bbox 490 3641 640 3705; x_wconf 77' lang='lat' dir='ltr'><strong>attemptata</strong></span> <span class='ocrx_word' id='word_1_481' title='bbox 704 3635 815 3691; x_wconf 77' lang='lat' dir='ltr'><strong>⁸uliam</strong></span> <span class='ocrx_word' id='word_1_482' title='bbox 834 3651 916 3704; x_wconf 80' lang='lat' dir='ltr'><strong>quam</strong></span> <span class='ocrx_word' id='word_1_483' title='bbox 930 3633 1033 3706; x_wconf 67' lang='lat' dir='ltr'><strong>(tripla</strong></span> <span class='ocrx_word' id='word_1_484' title='bbox 1047 3633 1088 3689; x_wconf 90' lang='grc' dir='ltr'><strong>Β.·</strong></span> <span class='ocrx_word' id='word_1_485' title='bbox 1106 3634 1308 3712; x_wconf 58' lang='lat' dir='ltr'><strong>staineinaim?</strong></span> <span class='ocrx_word' id='word_1_486' title='bbox 1377 3635 1547 3703; x_wconf 58' lang='lat' dir='ltr'><strong>‘caledddi</strong></span> 
     </span>
     <span class='ocr_line' id='line_1_38' title="bbox 109 3706 597 3780; baseline -0.002 -19"><span class='ocrx_word' id='word_1_487' title='bbox 109 3709 121 3743; x_wconf 79' lang='lat'>⁸</span> <span class='ocrx_word' id='word_1_488' title='bbox 141 3706 313 3776; x_wconf 71' lang='lat' dir='ltr'><strong>adtemptare</strong></span> <span class='ocrx_word' id='word_1_489' title='bbox 331 3707 378 3760; x_wconf 74' lang='lat' dir='ltr'><strong>det.</strong></span> <span class='ocrx_word' id='word_1_490' title='bbox 396 3709 440 3780; x_wconf 88' lang='lat' dir='ltr'><strong>(cs.</strong></span> <span class='ocrx_word' id='word_1_491' title='bbox 458 3725 484 3776; x_wconf 84' lang='grc' dir='ltr'><strong>ρ.</strong></span> <span class='ocrx_word' id='word_1_492' title='bbox 496 3706 556 3769; x_wconf 88' lang='grc'><strong>778,</strong></span> <span class='ocrx_word' id='word_1_493' title='bbox 569 3707 597 3773; x_wconf 87' lang='grc'><strong>6)</strong></span> 
     </span>
    </p>
   </div>
   <div class='ocr_carea' id='block_1_5' title="bbox 109 3889 1597 5086">
    <p class='ocr_par' dir='ltr' id='par_1_5' title="bbox 109 3889 1597 5028">
     <span class='ocr_line' id='line_1_39' title="bbox 112 3889 1549 3963; baseline 0.001 -16"><span class='ocrx_word' id='word_1_494' title='bbox 112 3895 127 3947; x_wconf 96' lang='grc'>1</span> <span class='ocrx_word' id='word_1_495' title='bbox 147 3905 209 3946; x_wconf 87' lang='lat' dir='ltr'><strong>esse</strong></span> <span class='ocrx_word' id='word_1_496' title='bbox 228 3910 277 3945; x_wconf 86' lang='lat' dir='ltr'><strong>om.</strong></span> <span class='ocrx_word' id='word_1_497' title='bbox 289 3891 359 3945; x_wconf 80' lang='lat' dir='ltr'><strong>Prtr.</strong></span> <span class='ocrx_word' id='word_1_498' title='bbox 380 3890 385 3956; x_wconf 95' lang='grc'>1</span> <span class='ocrx_word' id='word_1_499' title='bbox 405 3889 513 3946; x_wconf 88' lang='lat' dir='ltr'><strong>dicatur</strong></span> <span class='ocrx_word' id='word_1_500' title='bbox 534 3889 562 3944; x_wconf 80' lang='lat' dir='ltr'><em>Y</em></span> <span class='ocrx_word' id='word_1_501' title='bbox 615 3891 632 3945; x_wconf 83' lang='lat'><strong>2</strong></span> <span class='ocrx_word' id='word_1_502' title='bbox 650 3889 722 3946; x_wconf 91' lang='lat' dir='ltr'><strong>dauo</strong></span> <span class='ocrx_word' id='word_1_503' title='bbox 741 3891 776 3944; x_wconf 81' lang='lat' dir='ltr'><strong>F¹</strong></span> <span class='ocrx_word' id='word_1_504' title='bbox 798 3891 802 3961; x_wconf 92' lang='grc' dir='ltr'>Ι</span> <span class='ocrx_word' id='word_1_505' title='bbox 857 3889 953 3946; x_wconf 88' lang='lat' dir='ltr'><strong>babitu</strong></span> <span class='ocrx_word' id='word_1_506' title='bbox 966 3891 1124 3960; x_wconf 62' lang='lat' dir='ltr'><strong>labinum]</strong></span> <span class='ocrx_word' id='word_1_507' title='bbox 1142 3899 1218 3963; x_wconf 77' lang='lat' dir='ltr'><strong>quart</strong></span> <span class='ocrx_word' id='word_1_508' title='bbox 1228 3892 1327 3946; x_wconf 81' lang='lat' dir='ltr'><strong>oberret</strong></span> <span class='ocrx_word' id='word_1_509' title='bbox 1339 3905 1403 3960; x_wconf 92' lang='lat' dir='ltr'><strong>non,</strong></span> <span class='ocrx_word' id='word_1_510' title='bbox 1421 3900 1460 3948; x_wconf 82' lang='lat' dir='ltr'><strong>ric</strong></span> <span class='ocrx_word' id='word_1_511' title='bbox 1470 3899 1549 3948; x_wconf 74' lang='lat' dir='ltr'><strong>uertit</strong></span> 
     </span>
     <span class='ocr_line' id='line_1_40' title="bbox 111 3961 1546 4026; baseline 0 -8"><span class='ocrx_word' id='word_1_512' title='bbox 111 3962 285 4018; x_wconf 62' lang='lat' dir='ltr'><strong>conuicium</strong></span> <span class='ocrx_word' id='word_1_513' title='bbox 309 3961 435 4016; x_wconf 83' lang='lat' dir='ltr'><strong>iniuriam</strong></span> <span class='ocrx_word' id='word_1_514' title='bbox 460 3963 504 4026; x_wconf 77' lang='lat' dir='ltr'><strong>F&#39;,</strong></span> <span class='ocrx_word' id='word_1_515' title='bbox 530 3962 684 4018; x_wconf 82' lang='lat' dir='ltr'><strong>conuicium</strong></span> <span class='ocrx_word' id='word_1_516' title='bbox 711 3967 804 4017; x_wconf 85' lang='lat' dir='ltr'><strong>autem</strong></span> <span class='ocrx_word' id='word_1_517' title='bbox 857 3963 1020 4018; x_wconf 74' lang='lat' dir='ltr'><strong>Dorotheus:</strong></span> <span class='ocrx_word' id='word_1_518' title='bbox 1038 3963 1061 4017; x_wconf 85' lang='lat' dir='ltr'><strong>si</strong></span> <span class='ocrx_word' id='word_1_519' title='bbox 1078 3965 1168 4026; x_wconf 68' lang='lat' dir='ltr'><strong>rolrrra</strong></span> <span class='ocrx_word' id='word_1_520' title='bbox 1182 3961 1454 4018; x_wconf 72' lang='lat' dir='ltr'><strong>narioiaobicuoraaa</strong></span> <span class='ocrx_word' id='word_1_521' title='bbox 1468 3961 1546 4026; x_wconf 76' lang='lat' dir='ltr'><strong>riaci-</strong></span> 
     </span>
     <span class='ocr_line' id='line_1_41' title="bbox 109 4031 1546 4105; baseline 0.001 -17"><span class='ocrx_word' id='word_1_522' title='bbox 109 4034 211 4088; x_wconf 83' lang='lat' dir='ltr'><strong>dicitur</strong></span> <span class='ocrx_word' id='word_1_523' title='bbox 228 4033 387 4088; x_wconf 86' lang='lat' dir='ltr'><strong>iniuriarum</strong></span> <span class='ocrx_word' id='word_1_524' title='bbox 399 4031 441 4086; x_wconf 83' lang='lat' dir='ltr'><strong>X·</strong></span> <span class='ocrx_word' id='word_1_525' title='bbox 456 4035 460 4098; x_wconf 96' lang='grc' dir='ltr'>Ι</span> <span class='ocrx_word' id='word_1_526' title='bbox 477 4038 568 4088; x_wconf 83' lang='lat' dir='ltr'><strong>autem</strong></span> <span class='ocrx_word' id='word_1_527' title='bbox 586 4033 686 4087; x_wconf 88' lang='lat' dir='ltr'><strong>dicitur</strong></span> <span class='ocrx_word' id='word_1_528' title='bbox 697 4033 742 4090; x_wconf 87' lang='lat' dir='ltr'><strong>uel</strong></span> <span class='ocrx_word' id='word_1_529' title='bbox 755 4052 803 4086; x_wconf 83' lang='lat' dir='ltr'><strong>om.</strong></span> <span class='ocrx_word' id='word_1_530' title='bbox 858 4053 919 4088; x_wconf 86' lang='lat' dir='ltr'><strong>ecro</strong></span> <span class='ocrx_word' id='word_1_531' title='bbox 938 4033 952 4086; x_wconf 83' lang='lat' dir='ltr'><strong>r‘r</strong></span> <span class='ocrx_word' id='word_1_532' title='bbox 973 4033 1035 4098; x_wconf 60' lang='lat' dir='ltr'><strong>spari</strong></span> <span class='ocrx_word' id='word_1_533' title='bbox 1056 4035 1094 4088; x_wconf 76' lang='lat' dir='ltr'><strong>rai</strong></span> <span class='ocrx_word' id='word_1_534' title='bbox 1113 4052 1152 4088; x_wconf 84' lang='lat' dir='ltr'><strong>rrc</strong></span> <span class='ocrx_word' id='word_1_535' title='bbox 1165 4032 1228 4104; x_wconf 70' lang='grc' dir='ltr'><strong>ιῩτᾷ</strong></span> <span class='ocrx_word' id='word_1_536' title='bbox 1241 4034 1402 4105; x_wconf 73' lang='grc' dir='ltr'>προιὲθιλειι</span> <span class='ocrx_word' id='word_1_537' title='bbox 1462 4035 1493 4104; x_wconf 73' lang='grc' dir='ltr'><strong>τῇ</strong></span> <span class='ocrx_word' id='word_1_538' title='bbox 1509 4035 1546 4090; x_wconf 83' lang='lat' dir='ltr'><strong>irr-</strong></span> 
     </span>
     <span class='ocr_line' id='line_1_42' title="bbox 110 4103 1548 4177; baseline 0 -17"><span class='ocrx_word' id='word_1_539' title='bbox 110 4107 182 4160; x_wconf 85' lang='lat' dir='ltr'><strong>Petr.</strong></span> <span class='ocrx_word' id='word_1_540' title='bbox 212 4103 465 4160; x_wconf 72' lang='lat' dir='ltr'><strong>dcouciiationu&#39;m&#39;</strong></span> <span class='ocrx_word' id='word_1_541' title='bbox 476 4105 501 4158; x_wconf 85' lang='lat' dir='ltr'><em>F</em></span> <span class='ocrx_word' id='word_1_542' title='bbox 502 4105 521 4168; x_wconf 71' lang='lat'><strong>⁴,</strong></span> <span class='ocrx_word' id='word_1_543' title='bbox 531 4105 716 4159; x_wconf 85' lang='lat' dir='ltr'><strong>conuitaiiouc</strong></span> <span class='ocrx_word' id='word_1_544' title='bbox 726 4105 804 4169; x_wconf 66' lang='lat' dir='ltr'><strong>Pela,</strong></span> <span class='ocrx_word' id='word_1_545' title='bbox 858 4105 1008 4176; x_wconf 66' lang='lat' dir='ltr'><strong>rorpra&#39;pora</strong></span> <span class='ocrx_word' id='word_1_546' title='bbox 1026 4105 1165 4175; x_wconf 71' lang='grc' dir='ltr'>κιτὲχετιι,</span> <span class='ocrx_word' id='word_1_547' title='bbox 1183 4123 1248 4177; x_wconf 79' lang='lat' dir='ltr'><strong>quoe</strong></span> <span class='ocrx_word' id='word_1_548' title='bbox 1262 4105 1341 4160; x_wconf 80' lang='lat' dir='ltr'><strong>cerba</strong></span> <span class='ocrx_word' id='word_1_549' title='bbox 1353 4105 1392 4159; x_wconf 84' lang='lat' dir='ltr'><strong>blo</strong></span> <span class='ocrx_word' id='word_1_550' title='bbox 1404 4108 1509 4160; x_wconf 79' lang='lat' dir='ltr'><strong>redeunt</strong></span> <span class='ocrx_word' id='word_1_551' title='bbox 1521 4115 1548 4160; x_wconf 84' lang='lat' dir='ltr'><strong>ln</strong></span> 
     </span>
     <span class='ocr_line' id='line_1_43' title="bbox 110 4175 1548 4247; baseline -0.001 -15"><span class='ocrx_word' id='word_1_552' title='bbox 110 4175 266 4232; x_wconf 87' lang='lat' dir='ltr'><strong>counitione</strong></span> <span class='ocrx_word' id='word_1_553' title='bbox 282 4177 331 4239; x_wconf 88' lang='lat' dir='ltr'><strong>X·,</strong></span> <span class='ocrx_word' id='word_1_554' title='bbox 350 4176 481 4232; x_wconf 86' lang='lat' dir='ltr'><strong>concione</strong></span> <span class='ocrx_word' id='word_1_555' title='bbox 498 4175 548 4240; x_wconf 82' lang='lat' dir='ltr'><strong>X‘,</strong></span> <span class='ocrx_word' id='word_1_556' title='bbox 569 4176 679 4231; x_wconf 87' lang='lat' dir='ltr'><strong>conuitu</strong></span> <span class='ocrx_word' id='word_1_557' title='bbox 699 4176 740 4243; x_wconf 77' lang='lat' dir='ltr'><strong>Gt</strong></span> <span class='ocrx_word' id='word_1_558' title='bbox 756 4190 804 4230; x_wconf 91' lang='lat' dir='ltr'><strong>uo·</strong></span> <span class='ocrx_word' id='word_1_559' title='bbox 857 4183 1001 4247; x_wconf 80' lang='lat' dir='ltr'><strong>apparato:</strong></span> <span class='ocrx_word' id='word_1_560' title='bbox 1019 4183 1109 4231; x_wconf 70' lang='lat' dir='ltr'><strong>ronna</strong></span> <span class='ocrx_word' id='word_1_561' title='bbox 1125 4176 1277 4246; x_wconf 77' lang='lat' dir='ltr'><strong>Anonpmus</strong></span> <span class='ocrx_word' id='word_1_562' title='bbox 1293 4183 1407 4247; x_wconf 71' lang='lat' dir='ltr'><strong>aequum</strong></span> <span class='ocrx_word' id='word_1_563' title='bbox 1424 4179 1548 4230; x_wconf 72' lang='lat' dir='ltr'><strong>uedtmm</strong></span> 
     </span>
     <span class='ocr_line' id='line_1_44' title="bbox 110 4246 1546 4334; baseline -0.001 -31"><span class='ocrx_word' id='word_1_564' title='bbox 110 4247 186 4314; x_wconf 87' lang='lat' dir='ltr'><strong>cum]</strong></span> <span class='ocrx_word' id='word_1_565' title='bbox 198 4261 298 4302; x_wconf 83' lang='lat' dir='ltr'><strong>uocum</strong></span> <span class='ocrx_word' id='word_1_566' title='bbox 308 4247 408 4302; x_wconf 84' lang='lat' dir='ltr'><strong>dicitur</strong></span> <span class='ocrx_word' id='word_1_567' title='bbox 416 4248 485 4302; x_wconf 83' lang='lat' dir='ltr'><strong>Pelr.</strong></span> <span class='ocrx_word' id='word_1_568' title='bbox 520 4247 803 4316; x_wconf 82' lang='lat' dir='ltr'><strong>4cumplures]qucm</strong></span> <span class='ocrx_word' id='word_1_569' title='bbox 856 4250 985 4301; x_wconf 79' lang='lat' dir='ltr'><strong>lectionem</strong></span> <span class='ocrx_word' id='word_1_570' title='bbox 1002 4255 1040 4301; x_wconf 82' lang='lat' dir='ltr'><strong>ric</strong></span> <span class='ocrx_word' id='word_1_571' title='bbox 1055 4247 1220 4302; x_wconf 63' lang='lat' dir='ltr'><strong>cannabem:</strong></span> <span class='ocrx_word' id='word_1_572' title='bbox 1239 4246 1438 4334; x_wconf 67' lang='lat' dir='ltr'><strong>bufoclldlllma</strong></span> <span class='ocrx_word' id='word_1_573' title='bbox 1451 4247 1546 4312; x_wconf 69' lang='grc' dir='ltr'>Γγκιικὶ</span> 
     </span>
     <span class='ocr_line' id='line_1_45' title="bbox 109 4316 1546 4389; baseline -0.001 -15"><span class='ocrx_word' id='word_1_574' title='bbox 109 4319 274 4389; x_wconf 80' lang='lat' dir='ltr'><strong>plurcsMC</strong></span> <span class='ocrx_word' id='word_1_575' title='bbox 291 4325 315 4372; x_wconf 82' lang='lat' dir='ltr'><strong>et</strong></span> <span class='ocrx_word' id='word_1_576' title='bbox 331 4327 369 4372; x_wconf 83' lang='lat' dir='ltr'><strong>ric</strong></span> <span class='ocrx_word' id='word_1_577' title='bbox 383 4321 423 4372; x_wconf 84' lang='lat' dir='ltr'><strong>uel</strong></span> <span class='ocrx_word' id='word_1_578' title='bbox 438 4318 612 4386; x_wconf 86' lang='lat' dir='ltr'><strong>pluresPetr.</strong></span> <span class='ocrx_word' id='word_1_579' title='bbox 629 4320 633 4386; x_wconf 93' lang='grc' dir='ltr'>Ι</span> <span class='ocrx_word' id='word_1_580' title='bbox 649 4318 803 4373; x_wconf 84' lang='lat' dir='ltr'><strong>conuicium</strong></span> <span class='ocrx_word' id='word_1_581' title='bbox 857 4316 1019 4388; x_wconf 71' lang='grc' dir='ltr'>ἐιιιειγιιὲκῃ</span> <span class='ocrx_word' id='word_1_582' title='bbox 1051 4318 1133 4388; x_wconf 73' lang='grc' dir='ltr'>οχιῖιιι</span> <span class='ocrx_word' id='word_1_583' title='bbox 1161 4317 1259 4379; x_wconf 64' lang='lat' dir='ltr'><strong>beiloe</strong></span> <span class='ocrx_word' id='word_1_584' title='bbox 1284 4337 1298 4370; x_wconf 80' lang='lat' dir='ltr'><strong>rs</strong></span> <span class='ocrx_word' id='word_1_585' title='bbox 1322 4318 1435 4388; x_wconf 76' lang='lat' dir='ltr'><strong>ubprrac,</strong></span> <span class='ocrx_word' id='word_1_586' title='bbox 1467 4318 1546 4373; x_wconf 72' lang='grc' dir='ltr'>ιἰττοιι</span> 
     </span>
     <span class='ocr_line' id='line_1_46' title="bbox 109 4386 1548 4460; baseline 0.001 -16"><span class='ocrx_word' id='word_1_587' title='bbox 109 4390 266 4460; x_wconf 79' lang='lat' dir='ltr'><strong>appellatur</strong></span> <span class='ocrx_word' id='word_1_588' title='bbox 283 4388 498 4458; x_wconf 69' lang='lat' dir='ltr'><strong>(appellanrmrl</strong></span> <span class='ocrx_word' id='word_1_589' title='bbox 518 4394 562 4443; x_wconf 83' lang='lat' dir='ltr'><strong>cst</strong></span> <span class='ocrx_word' id='word_1_590' title='bbox 578 4389 657 4452; x_wconf 66' lang='lat' dir='ltr'><strong>Petu,</strong></span> <span class='ocrx_word' id='word_1_591' title='bbox 675 4390 802 4452; x_wconf 80' lang='lat' dir='ltr'><strong>om.X⁰l</strong></span> <span class='ocrx_word' id='word_1_592' title='bbox 858 4387 905 4442; x_wconf 79' lang='grc' dir='ltr'>ιιὲιι</span> <span class='ocrx_word' id='word_1_593' title='bbox 928 4387 1081 4460; x_wconf 68' lang='lat' dir='ltr'><strong>duaprduer,</strong></span> <span class='ocrx_word' id='word_1_594' title='bbox 1106 4386 1235 4450; x_wconf 79' lang='grc' dir='ltr'>Ῡπόκειτιι</span> <span class='ocrx_word' id='word_1_595' title='bbox 1258 4388 1289 4441; x_wconf 82' lang='lat' dir='ltr'><strong>b&#39;s</strong></span> <span class='ocrx_word' id='word_1_596' title='bbox 1308 4389 1340 4459; x_wconf 71' lang='grc' dir='ltr'><strong>τῷ</strong></span> <span class='ocrx_word' id='word_1_597' title='bbox 1362 4391 1418 4460; x_wconf 83' lang='lat' dir='ltr'><strong>uspl</strong></span> <span class='ocrx_word' id='word_1_598' title='bbox 1444 4389 1548 4456; x_wconf 77' lang='grc' dir='ltr'><strong>ῩΒΡεωο</strong></span> 
     </span>
     <span class='ocr_line' id='line_1_47' title="bbox 110 4458 1548 4530; baseline 0 -14"><span class='ocrx_word' id='word_1_599' title='bbox 110 4461 186 4530; x_wconf 82' lang='lat' dir='ltr'><strong>qnod</strong></span> <span class='ocrx_word' id='word_1_600' title='bbox 205 4459 330 4528; x_wconf 83' lang='lat' dir='ltr'><strong>adicitur]</strong></span> <span class='ocrx_word' id='word_1_601' title='bbox 369 4459 424 4515; x_wconf 92' lang='lat' dir='ltr'><strong>nod</strong></span> <span class='ocrx_word' id='word_1_602' title='bbox 442 4459 542 4514; x_wconf 89' lang='lat' dir='ltr'><strong>dicitur</strong></span> <span class='ocrx_word' id='word_1_603' title='bbox 559 4459 604 4524; x_wconf 87' lang='lat' dir='ltr'><strong>M,</strong></span> <span class='ocrx_word' id='word_1_604' title='bbox 623 4460 688 4528; x_wconf 87' lang='lat' dir='ltr'><strong>quia</strong></span> <span class='ocrx_word' id='word_1_605' title='bbox 705 4459 805 4515; x_wconf 92' lang='lat' dir='ltr'><strong>dicitur</strong></span> <span class='ocrx_word' id='word_1_606' title='bbox 857 4458 943 4529; x_wconf 63' lang='lat' dir='ltr'><strong>irorrjr</strong></span> <span class='ocrx_word' id='word_1_607' title='bbox 1002 4459 1038 4514; x_wconf 79' lang='lat'><strong>24</strong></span> <span class='ocrx_word' id='word_1_608' title='bbox 1061 4459 1179 4527; x_wconf 86' lang='lat' dir='ltr'><strong>tenetur]</strong></span> <span class='ocrx_word' id='word_1_609' title='bbox 1198 4459 1339 4525; x_wconf 69' lang='lat' dir='ltr'><strong>Fxfmn,</strong></span> <span class='ocrx_word' id='word_1_610' title='bbox 1361 4476 1416 4516; x_wconf 91' lang='lat' dir='ltr'><strong>uon</strong></span> <span class='ocrx_word' id='word_1_611' title='bbox 1438 4465 1548 4516; x_wconf 89' lang='lat' dir='ltr'><strong>tenetur</strong></span> 
     </span>
     <span class='ocr_line' id='line_1_48' title="bbox 110 4475 1548 4657; baseline -0.001 -70"><span class='ocrx_word' id='word_1_612' title='bbox 110 4533 181 4587; x_wconf 82' lang='lat' dir='ltr'><strong>Petr.</strong></span> <span class='ocrx_word' id='word_1_613' title='bbox 237 4475 422 4587; x_wconf 62' lang='lat' dir='ltr'><strong>coeundum</strong></span> <span class='ocrx_word' id='word_1_614' title='bbox 433 4531 475 4586; x_wconf 85' lang='lat' dir='ltr'><strong>X·</strong></span> <span class='ocrx_word' id='word_1_615' title='bbox 490 4534 495 4595; x_wconf 92' lang='grc' dir='ltr'>Ι</span> <span class='ocrx_word' id='word_1_616' title='bbox 511 4531 629 4599; x_wconf 90' lang='lat' dir='ltr'><strong>omnem]</strong></span> <span class='ocrx_word' id='word_1_617' title='bbox 648 4545 728 4586; x_wconf 92' lang='lat' dir='ltr'><strong>omne</strong></span> <span class='ocrx_word' id='word_1_618' title='bbox 746 4531 803 4599; x_wconf 83' lang='lat' dir='ltr'><strong>Ml</strong></span> <span class='ocrx_word' id='word_1_619' title='bbox 861 4527 1175 4595; x_wconf 63' lang='lat' dir='ltr'><strong>mercennaco</strong></span> <span class='ocrx_word' id='word_1_620' title='bbox 1221 4531 1497 4657; x_wconf 49' lang='lat' dir='ltr'><strong>dlet&#39;e&#39;paedagogi</strong></span> <span class='ocrx_word' id='word_1_621' title='bbox 1510 4534 1548 4586; x_wconf 67' lang='grc' dir='ltr'><strong>Ρ</strong></span> 
     </span>
     <span class='ocr_line' id='line_1_49' title="bbox 109 4601 1547 4670; baseline -0.002 -12"><span class='ocrx_word' id='word_1_622' title='bbox 109 4601 335 4658; x_wconf 77' lang='lat' dir='ltr'><strong>uociferationem</strong></span> <span class='ocrx_word' id='word_1_623' title='bbox 348 4603 474 4657; x_wconf 87' lang='lat' dir='ltr'><strong>collatam</strong></span> <span class='ocrx_word' id='word_1_624' title='bbox 486 4603 606 4658; x_wconf 90' lang='lat' dir='ltr'><strong>inunum</strong></span> <span class='ocrx_word' id='word_1_625' title='bbox 616 4603 685 4656; x_wconf 75' lang='lat' dir='ltr'><strong>Petr.</strong></span> <span class='ocrx_word' id='word_1_626' title='bbox 730 4605 804 4657; x_wconf 89' lang='lat' dir='ltr'><strong>6no·</strong></span> <span class='ocrx_word' id='word_1_627' title='bbox 857 4601 893 4657; x_wconf 78' lang='lat'><strong>32</strong></span> <span class='ocrx_word' id='word_1_628' title='bbox 902 4601 954 4657; x_wconf 89' lang='lat' dir='ltr'><strong>hoo</strong></span> <span class='ocrx_word' id='word_1_629' title='bbox 963 4603 1034 4658; x_wconf 91' lang='lat' dir='ltr'><strong>enim</strong></span> <span class='ocrx_word' id='word_1_630' title='bbox 1043 4618 1099 4658; x_wconf 89' lang='lat' dir='ltr'><strong>non</strong></span> <span class='ocrx_word' id='word_1_631' title='bbox 1108 4602 1331 4664; x_wconf 90' lang='lat' dir='ltr'><strong>estoonniciuml</strong></span> <span class='ocrx_word' id='word_1_632' title='bbox 1345 4618 1424 4658; x_wconf 87' lang='lat' dir='ltr'><strong>acere</strong></span> <span class='ocrx_word' id='word_1_633' title='bbox 1435 4603 1547 4670; x_wconf 68' lang='lat' dir='ltr'><strong>saw)</strong></span> 
     </span>
     <span class='ocr_line' id='line_1_50' title="bbox 110 4671 1547 4743; baseline -0.001 -13"><span class='ocrx_word' id='word_1_634' title='bbox 110 4671 278 4730; x_wconf 84' lang='lat' dir='ltr'><strong>tare‘m’sod</strong></span> <span class='ocrx_word' id='word_1_635' title='bbox 287 4676 325 4727; x_wconf 64' lang='grc' dir='ltr'><strong><em>Ρ</em></strong></span> <span class='ocrx_word' id='word_1_636' title='bbox 340 4678 345 4740; x_wconf 81' lang='lat' dir='ltr'><strong>l</strong></span> <span class='ocrx_word' id='word_1_637' title='bbox 361 4673 519 4743; x_wconf 87' lang='lat' dir='ltr'><strong>quaequ&#39;a&#39;e</strong></span> <span class='ocrx_word' id='word_1_638' title='bbox 532 4675 568 4727; x_wconf 67' lang='grc' dir='ltr'>Ρ</span> <span class='ocrx_word' id='word_1_639' title='bbox 583 4675 588 4742; x_wconf 78' lang='lat' dir='ltr'><strong>l</strong></span> <span class='ocrx_word' id='word_1_640' title='bbox 603 4673 648 4728; x_wconf 88' lang='lat' dir='ltr'><strong>nel</strong></span> <span class='ocrx_word' id='word_1_641' title='bbox 663 4673 802 4740; x_wconf 88' lang='lat' dir='ltr'><strong>inuidiam]</strong></span> <span class='ocrx_word' id='word_1_642' title='bbox 858 4673 908 4728; x_wconf 86' lang='lat' dir='ltr'><strong>sed</strong></span> <span class='ocrx_word' id='word_1_643' title='bbox 932 4673 1066 4728; x_wconf 86' lang='lat' dir='ltr'><strong>aduersus</strong></span> <span class='ocrx_word' id='word_1_644' title='bbox 1088 4672 1175 4728; x_wconf 88' lang='lat' dir='ltr'><strong>bonos</strong></span> <span class='ocrx_word' id='word_1_645' title='bbox 1198 4671 1297 4740; x_wconf 88' lang='lat' dir='ltr'><strong>(bonus</strong></span> <span class='ocrx_word' id='word_1_646' title='bbox 1315 4675 1363 4742; x_wconf 73' lang='lat' dir='ltr'><strong>pr)</strong></span> <span class='ocrx_word' id='word_1_647' title='bbox 1386 4689 1476 4730; x_wconf 89' lang='lat' dir='ltr'><strong>mores</strong></span> <span class='ocrx_word' id='word_1_648' title='bbox 1500 4675 1547 4728; x_wconf 88' lang='lat' dir='ltr'><strong>ad-</strong></span> 
     </span>
     <span class='ocr_line' id='line_1_51' title="bbox 111 4743 1597 4822; baseline -0.001 -22"><span class='ocrx_word' id='word_1_649' title='bbox 111 4746 157 4801; x_wconf 89' lang='lat' dir='ltr'><strong>uel</strong></span> <span class='ocrx_word' id='word_1_650' title='bbox 178 4745 303 4800; x_wconf 88' lang='lat' dir='ltr'><strong>iniuriam</strong></span> <span class='ocrx_word' id='word_1_651' title='bbox 325 4745 369 4799; x_wconf 84' lang='lat' dir='ltr'><strong>uel</strong></span> <span class='ocrx_word' id='word_1_652' title='bbox 389 4745 555 4800; x_wconf 86' lang='lat' dir='ltr'><strong>inuidiamO</strong></span> <span class='ocrx_word' id='word_1_653' title='bbox 619 4743 803 4813; x_wconf 73' lang='lat' dir='ltr'><strong>inpetraret]</strong></span> <span class='ocrx_word' id='word_1_654' title='bbox 856 4745 1001 4813; x_wconf 80' lang='lat' dir='ltr'><strong>temptare]</strong></span> <span class='ocrx_word' id='word_1_655' title='bbox 1026 4743 1073 4807; x_wconf 74' lang='grc' dir='ltr'><strong>οῩκ</strong></span> <span class='ocrx_word' id='word_1_656' title='bbox 1098 4745 1149 4799; x_wconf 63' lang='lat' dir='ltr'><strong>iou</strong></span> <span class='ocrx_word' id='word_1_657' title='bbox 1175 4743 1220 4816; x_wconf 73' lang='lat' dir='ltr'><strong>rip</strong></span> <span class='ocrx_word' id='word_1_658' title='bbox 1244 4745 1325 4805; x_wconf 69' lang='lat' dir='ltr'><strong>reiro</strong></span> <span class='ocrx_word' id='word_1_659' title='bbox 1347 4747 1395 4807; x_wconf 81' lang='grc' dir='ltr'><strong>τοῨ</strong></span> <span class='ocrx_word' id='word_1_660' title='bbox 1414 4746 1547 4808; x_wconf 63' lang='lat' dir='ltr'><strong>reseratos</strong></span> <span class='ocrx_word' id='word_1_661' title='bbox 1589 4801 1597 4822; x_wconf 24' lang='grc' dir='ltr'>ἢ</span> 
     </span>
     <span class='ocr_line' id='line_1_52' title="bbox 111 4814 1546 4888; baseline -0.001 -16"><span class='ocrx_word' id='word_1_662' title='bbox 111 4823 239 4887; x_wconf 82' lang='lat' dir='ltr'><strong>spectare</strong></span> <span class='ocrx_word' id='word_1_663' title='bbox 252 4816 362 4872; x_wconf 84' lang='lat' dir='ltr'><strong>uidetur</strong></span> <span class='ocrx_word' id='word_1_664' title='bbox 374 4816 443 4870; x_wconf 86' lang='lat' dir='ltr'><strong>Pelr.</strong></span> <span class='ocrx_word' id='word_1_665' title='bbox 460 4818 465 4882; x_wconf 93' lang='grc' dir='ltr'>Ι</span> <span class='ocrx_word' id='word_1_666' title='bbox 480 4817 527 4886; x_wconf 88' lang='lat' dir='ltr'><strong>qui</strong></span> <span class='ocrx_word' id='word_1_667' title='bbox 542 4835 590 4870; x_wconf 89' lang='lat' dir='ltr'><strong>om.</strong></span> <span class='ocrx_word' id='word_1_668' title='bbox 604 4817 626 4870; x_wconf 85' lang='lat' dir='ltr'><em>F</em></span> <span class='ocrx_word' id='word_1_669' title='bbox 628 4823 640 4847; x_wconf 83' lang='lat'><em>⁰</em></span> <span class='ocrx_word' id='word_1_670' title='bbox 695 4817 727 4870; x_wconf 90' lang='lat' dir='ltr'><strong>ll</strong></span> <span class='ocrx_word' id='word_1_671' title='bbox 743 4820 803 4870; x_wconf 82' lang='lat' dir='ltr'><strong>iau·</strong></span> <span class='ocrx_word' id='word_1_672' title='bbox 857 4815 937 4882; x_wconf 72' lang='lat' dir='ltr'><strong>siloc,</strong></span> <span class='ocrx_word' id='word_1_673' title='bbox 955 4815 1018 4870; x_wconf 70' lang='lat' dir='ltr'><strong>ilai</strong></span> <span class='ocrx_word' id='word_1_674' title='bbox 1036 4814 1100 4877; x_wconf 64' lang='lat' dir='ltr'><strong>roic</strong></span> <span class='ocrx_word' id='word_1_675' title='bbox 1118 4815 1214 4878; x_wconf 61' lang='lat' dir='ltr'><strong>caloio</strong></span> <span class='ocrx_word' id='word_1_676' title='bbox 1231 4818 1346 4887; x_wconf 70' lang='lat' dir='ltr'><strong>rpduorc</strong></span> <span class='ocrx_word' id='word_1_677' title='bbox 1358 4818 1471 4888; x_wconf 61' lang='grc' dir='ltr'>πειρᾶται</span> <span class='ocrx_word' id='word_1_678' title='bbox 1491 4826 1546 4870; x_wconf 78' lang='lat' dir='ltr'><strong>lra-</strong></span> 
     </span>
     <span class='ocr_line' id='line_1_53' title="bbox 111 4885 1547 4957; baseline 0 -14"><span class='ocrx_word' id='word_1_679' title='bbox 111 4895 170 4943; x_wconf 84' lang='lat' dir='ltr'><strong>tum</strong></span> <span class='ocrx_word' id='word_1_680' title='bbox 183 4889 226 4942; x_wconf 73' lang='lat' dir='ltr'><strong>is</strong></span> <span class='ocrx_word' id='word_1_681' title='bbox 239 4887 277 4940; x_wconf 69' lang='lat' dir='ltr'><strong>F’</strong></span> <span class='ocrx_word' id='word_1_682' title='bbox 331 4888 366 4942; x_wconf 79' lang='lat'><strong>12</strong></span> <span class='ocrx_word' id='word_1_683' title='bbox 377 4901 486 4956; x_wconf 85' lang='lat' dir='ltr'><strong>quoque</strong></span> <span class='ocrx_word' id='word_1_684' title='bbox 499 4887 555 4956; x_wconf 86' lang='lat' dir='ltr'><strong>qui]</strong></span> <span class='ocrx_word' id='word_1_685' title='bbox 569 4887 613 4949; x_wconf 72' lang='lat' dir='ltr'><strong>F&#39;,</strong></span> <span class='ocrx_word' id='word_1_686' title='bbox 631 4887 781 4956; x_wconf 68' lang='lat' dir='ltr'><strong>quiqucffl</strong></span> <span class='ocrx_word' id='word_1_687' title='bbox 796 4885 801 4954; x_wconf 84' lang='grc'>1</span> <span class='ocrx_word' id='word_1_688' title='bbox 856 4887 1416 4957; x_wconf 64' lang='lat' dir='ltr'><strong>bierarrlccorcpucirercrrrrchleor.)</strong></span> <span class='ocrx_word' id='word_1_689' title='bbox 1452 4886 1547 4943; x_wconf 86' lang='lat' dir='ltr'><strong>33bo·</strong></span> 
     </span>
     <span class='ocr_line' id='line_1_54' title="bbox 111 4957 1401 5028; baseline 0 -14"><span class='ocrx_word' id='word_1_690' title='bbox 111 4959 198 5014; x_wconf 71' lang='lat' dir='ltr'><strong>alicu⁴</strong></span> <span class='ocrx_word' id='word_1_691' title='bbox 211 4959 249 5012; x_wconf 77' lang='lat' dir='ltr'><strong>F&#39;</strong></span> <span class='ocrx_word' id='word_1_692' title='bbox 291 4959 324 5014; x_wconf 80' lang='lat'><strong>1³</strong></span> <span class='ocrx_word' id='word_1_693' title='bbox 337 4959 447 5013; x_wconf 73' lang='lat' dir='ltr'><strong>*eutF‘</strong></span> <span class='ocrx_word' id='word_1_694' title='bbox 489 4959 523 5013; x_wconf 88' lang='lat'><strong>14</strong></span> <span class='ocrx_word' id='word_1_695' title='bbox 535 4958 568 5026; x_wconf 88' lang='lat' dir='ltr'><strong>si]</strong></span> <span class='ocrx_word' id='word_1_696' title='bbox 581 4957 605 5012; x_wconf 94' lang='lat' dir='ltr'><strong>is</strong></span> <span class='ocrx_word' id='word_1_697' title='bbox 618 4958 655 5011; x_wconf 85' lang='lat' dir='ltr'><strong>F¹</strong></span> <span class='ocrx_word' id='word_1_698' title='bbox 692 4959 803 5013; x_wconf 68' lang='lat' dir='ltr'><strong>iocou-</strong></span> <span class='ocrx_word' id='word_1_699' title='bbox 857 4973 909 5014; x_wconf 87' lang='lat' dir='ltr'><strong>nus</strong></span> <span class='ocrx_word' id='word_1_700' title='bbox 927 4961 963 5013; x_wconf 75' lang='lat' dir='ltr'><strong>F&#39;</strong></span> <span class='ocrx_word' id='word_1_701' title='bbox 980 4961 984 5028; x_wconf 91' lang='grc' dir='ltr'>Ι</span> <span class='ocrx_word' id='word_1_702' title='bbox 999 4958 1092 5014; x_wconf 87' lang='lat' dir='ltr'><strong>uerbis</strong></span> <span class='ocrx_word' id='word_1_703' title='bbox 1111 4977 1159 5014; x_wconf 85' lang='lat' dir='ltr'><strong>om.</strong></span> <span class='ocrx_word' id='word_1_704' title='bbox 1173 4959 1217 5024; x_wconf 60' lang='lat' dir='ltr'><strong>li,</strong></span> <span class='ocrx_word' id='word_1_705' title='bbox 1236 4966 1337 5014; x_wconf 65' lang='lat' dir='ltr'><strong>ancum</strong></span> <span class='ocrx_word' id='word_1_706' title='bbox 1353 4959 1401 5014; x_wconf 85' lang='lat' dir='ltr'><strong>BS</strong></span> 
     </span>
    </p>

    <p class='ocr_par' dir='ltr' id='par_1_6' title="bbox 110 5028 803 5086">
     <span class='ocr_line' id='line_1_55' title="bbox 110 5028 803 5086; baseline -0.004 0"><span class='ocrx_word' id='word_1_707' title='bbox 110 5029 204 5086; x_wconf 90' lang='lat' dir='ltr'><strong>uincio</strong></span> <span class='ocrx_word' id='word_1_708' title='bbox 213 5030 239 5084; x_wconf 78' lang='lat' dir='ltr'><em>F</em></span> <span class='ocrx_word' id='word_1_709' title='bbox 274 5031 308 5085; x_wconf 80' lang='lat'><strong>21</strong></span> <span class='ocrx_word' id='word_1_710' title='bbox 322 5028 454 5086; x_wconf 91' lang='lat' dir='ltr'><strong>reddendi</strong></span> <span class='ocrx_word' id='word_1_711' title='bbox 465 5030 500 5082; x_wconf 64' lang='grc' dir='ltr'><em>Ρ</em></span> <span class='ocrx_word' id='word_1_712' title='bbox 546 5029 581 5084; x_wconf 79' lang='lat'><strong>23</strong></span> <span class='ocrx_word' id='word_1_713' title='bbox 593 5043 648 5084; x_wconf 89' lang='lat' dir='ltr'><strong>nou</strong></span> <span class='ocrx_word' id='word_1_714' title='bbox 660 5029 803 5084; x_wconf 87' lang='lat' dir='ltr'><strong>matronali</strong></span> 
     </span>
    </p>
   </div>
   <div class='ocr_carea' id='block_1_6' title="bbox 0 0 1801 5454">
    <p class='ocr_par' dir='ltr' id='par_1_7' title="bbox 0 0 1801 5454">
     <span class='ocr_line' id='line_1_56' title="bbox 0 0 1801 5454; baseline 0 0"><span class='ocrx_word' id='word_1_715' title='bbox 0 0 1801 5454; x_wconf 95' lang='lat' dir='ltr'><strong> </strong></span> 
     </span>
    </p>
   </div>
  </div>
 </body>
</html>
