3614 5460
296 221 489 290 XXXXVlll
511 223 531 286 3
553 181 717 301 12-4tt
814 251 817 262 ·
966 211 1052 294 802
1144 237 1191 286 on
1206 235 1377 296 cusronrs
1392 236 1437 284 ιιι
1452 235 1573 284 axum.
1590 233 1727 282 aroana

296 381 407 450 scripsit
428 379 456 434 fn
479 394 555 446 eum,
580 375 626 446 qui
650 374 802 432 custodiam
821 373 925 430 dimisit
942 378 991 429 aut
1008 374 1048 430 ita
1064 375 1154 430 sciens
1172 372 1280 443 habuit,
1304 378 1336 430 ut
1353 373 1442 444 possit
1460 373 1591 428 custodia
1608 372 1727 441 euadere

297 466 584 524 animaduertendum:
609 466 632 519 si
655 469 748 520 tamen
771 479 820 534 per
843 461 938 520 uinum
960 469 1009 524 aut
1031 463 1165 520 desidiam
1189 463 1311 520 custodis
1332 463 1360 518 id
1379 464 1516 542 euenerit,
1542 461 1727 532 castigandum

297 573 359 614 sum
385 560 413 612 et
435 557 462 610 in
486 555 648 610 deteriorem
671 554 793 608 militiam
813 552 886 608 dart:
910 554 934 608 si
952 567 1019 608 uero
1037 552 1150 616 fortuito
1173 553 1307 622 amiserit,
1331 551 1398 608 nihil
1415 551 1445 606 in
1462 566 1528 606 eum
1548 551 1727 606 statuendum.

265 656 277 700 r
297 646 327 701 Si
349 659 472 716 paganm
495 644 616 699 suaserit
638 643 778 712 custodia,
803 642 877 698 idern
895 648 963 713 puto
981 641 1194 712 exquirendum,
1217 640 1384 712 quodcirca
1401 640 1518 696 militum
1537 655 1671 709 personas
1687 654 1726 694 cx·

296 734 458 806 plorandum
477 733 579 788 rettuli.
1741 739 1752 780 a

242 823 279 880 13
350 825 427 879 lnam
444 821 513 878 libro
531 826 611 876 serto
629 821 664 876 de
681 819 893 892 cognitionibus.
920 820 951 876 ln
969 836 1026 890 eos,
1045 821 1101 890 qui,
1119 835 1181 876 cnm
1200 819 1304 890 recepti
1322 825 1416 876 essent
1431 820 1460 874 in
1473 834 1532 874 car·
1552 813 1760 902 ΜΕ

298 927 397 981 cerem,
415 911 640 980 conspiraucrint,
660 917 693 966 ut
709 911 798 980 ruptis
817 911 933 966 uinculis
950 916 980 966 et
997 911 1110 966 effracto
1128 924 1238 966 carcere
1255 909 1383 978 eradant,
1402 909 1530 978 amplius,
1549 923 1633 977 qnam
1652 922 1726 962 causa

298 1017 333 1056 ex
355 989 410 1071 pira
430 1001 534 1070 recepti
557 1004 621 1054 sunt
643 1001 789 1070 reposcit¹,
813 999 1034 1056 constituendum
1053 1001 1113 1056 cst¹
1131 999 1257 1070 quamuis
1275 1001 1434 1054 innocentes
1452 996 1631 1052 innectantur
1648 1011 1682 1050 ex
1698 1009 1725 1050 ec

298 1090 419 1160 crimine,
437 1087 640 1158 propterquod
658 1088 761 1159 inpacti
779 1094 845 1160 sant
861 1089 889 1144 in
906 1103 1024 1158 carcere,
1042 1093 1135 1144 umen
1152 1088 1284 1158 puniendi
1301 1093 1378 1144 sunt:
1397 1101 1445 1142 eos
1464 1101 1543 1156 nero,
1561 1085 1610 1154 qai
1628 1085 1724 1154 conspi-

298 1179 431 1234 rationem
450 1193 543 1234 eorum
563 1177 725 1248 detexerint,
743 1177 915 1234 releuandos.
1737 1185 1756 1224 ¹⁰

243 1269 281 1326 14
351 1268 524 1322 ussnsmns
543 1267 736 1322 Monnsrnrus
754 1265 823 1322 libro
840 1269 938 1337 quarto
956 1266 991 1322 de
1009 1267 1115 1337 poenis.
1145 1266 1206 1322 Ncrr
1224 1270 1269 1320 est
1286 1263 1365 1330 facile
1383 1263 1466 1320 tironi
1485 1278 1533 1318 cn·
1553 1257 1753 1346 ΜΕ

266 1369 278 1414 1
299 1356 390 1411 stedia
407 1356 557 1411 credenda:
579 1371 642 1412 nam
661 1370 695 1412 ea
712 1355 839 1426 prodita⁸
856 1356 880 1412 ie
898 1356 995 1426 cnlpae
1013 1371 1077 1412 reas
1094 1359 1146 1426 est,
1164 1357 1211 1426 qui
1228 1371 1289 1412 earn
1307 1355 1333 1410 ei
1351 1353 1497 1420 commisit.
1534 1352 1594 1408 Nec
1612 1353 1667 1420 uni,
1682 1349 1721 1406 scd

266 1459 280 1502 a
299 1444 407 1500 duobus
424 1445 550 1500 custodia
568 1445 764 1501 committenda
782 1449 832 1500 cst
861 1444 912 1510 Qui
930 1446 954 1500 si
973 1445 1147 1516 neglegentia
1163 1444 1311 1512 amiserint,
1330 1457 1379 1512 pro
1391 1441 1474 1498 modo
1487 1441 1587 1512 culpas
1598 1442 1643 1496 uel
1654 1440 1721 1496 card·

298 1538 399 1604 gantur
421 1534 465 1588 nel
490 1533 613 1588 militiam
636 1539 758 1590 nrutsnt:
783 1533 857 1604 quod
881 1534 905 1588 si
925 1534 995 1589 leuis
1011 1549 1131 1604 persons
1148 1532 1290 1588 custodiae
1308 1529 1373 1602 fuit,
1396 1529 1529 1600 castigati
1546 1532 1719 1586 restituuntur.

299 1638 362 1678 nam
381 1623 405 1677 si
423 1622 597 1678 miseratione
615 1622 768 1678 custodiam
787 1623 849 1691 quis
866 1622 1013 1692 dimiserit,
1032 1623 1156 1678 militiam
1175 1627 1276 1678 mutat:
1293 1619 1482 1676 fraudulenter
1499 1625 1596 1675 autem
1613 1619 1638 1674 si
1653 1617 1719 1674 fueri
1730 1627 1749 1668 rr

299 1717 426 1767 uersatus
443 1711 471 1766 in
489 1711 652 1766 dimittenda
669 1711 803 1781 custodis,
821 1712 865 1768 uel
882 1712 973 1783 capite
991 1713 1104 1781 punitur
1121 1711 1166 1768 uel
1182 1711 1210 1766 in
1222 1715 1374 1766 extremum
1386 1708 1503 1778 mudum
1519 1709 1633 1764 militine
1644 1707 1717 1762 datm

299 1800 435 1856 interdum
456 1800 538 1854 uenia
556 1799 650 1854 datur:
675 1816 738 1855 nam
756 1816 818 1856 curn
837 1801 964 1858 custodia
981 1817 1043 1858 cum
1062 1802 1148 1858 altero
1166 1799 1281 1856 custode
1298 1799 1380 1855 simul
1397 1797 1532 1870 fugisset,
1559 1798 1637 1854 alteri
1653 1795 1718 1852 uenis

266 1901 280 1944 s
299 1889 365 1944 data
382 1895 433 1944 est
470 1887 543 1944 Sed*
561 1889 584 1944 si
602 1903 633 1944 se
652 1889 778 1946 custcdis
795 1889 962 1946 interfecerit
979 1891 1024 1946 uel
1041 1889 1277 1960 praccipitaucrlt,
1296 1888 1373 1944 militi
1392 1889 1491 1957 culpae
1510 1886 1685 1954 adscribitur,
1697 1881 1717 1938 id

235 1989 280 2036 to
299 1983 351 2034 est·
364 1976 552 2046 castigabitur.
589 1977 668 2044 Quod
691 1979 715 2034 si
733 1979 792 2048 ipse
811 1985 904 2036 custos
923 1979 1075 2036 custodiam
1095 1977 1273 2047 interfecerit,
1297 1977 1438 2032 homicidii
1455 1992 1521 2032 reus
1539 1981 1597 2032 est:
1620 1971 1716 2044 Ergcsi

266 2079 280 2124 e
298 2083 365 2123 essu
382 2067 509 2122 custodia
526 2065 656 2122 defuncta
673 2067 789 2138 dicatur,
807 2068 1001 2124 testationibus
1018 2068 1048 2123 id
1064 2067 1235 2137 probandum
1254 2072 1298 2122 est
1315 2073 1344 2122 et
1361 2067 1402 2122 sic
1418 2066 1502 2122 uenia
1514 2065 1634 2121 dabitur.
1658 2063 1716 2120 Solet
1727 2070 1746 2110 ιι

298 2161 441 2227 practerea
459 2156 560 2212 amissa
577 2157 659 2227 culpa
677 2157 815 2226 custodia,
834 2157 858 2212 si
876 2163 969 2212 tamen
987 2158 1095 2212 intersit
1112 2172 1173 2212 eam
1191 2155 1373 2226 adprehendi,
1391 2159 1504 2224 tempus
1523 2171 1609 2210 cansa
1625 2153 1715 2222 segnia

267 2257 281 2302 t
300 2246 378 2302 militi
396 2244 455 2300 dari
473 2246 587 2302 adeam
607 2239 814 2317 requirendam,¹
825 2247 953 2316 applicito
971 2247 998 2302 ei
1015 2247 1069 2302 alio
1088 2246 1182 2302 milite.
1209 2245 1288 2310 Quod
1300 2247 1324 2300 si
1336 2241 1483 2314 fugitiuum
1497 2243 1610 2300 dominc
1621 2241 1714 2298 redder-

299 2335 364 2390 dnm
383 2334 560 2405 prodiderim,
579 2335 603 2390 si
622 2333 767 2392 facultates
784 2335 893 2406 lrabeat,
912 2335 1023 2392 domino
1040 2335 1157 2406 pretium
1176 2334 1291 2390 reddere
1309 2333 1398 2389 iuberi
1415 2331 1584 2388 Saturninus
1600 2331 1694 2403 probat

1725 2496 1743 2536 ι

563 2625 600 2702 rc
639 2623 705 2702 ln
733 2621 894 2700 suasu
920 2490 1083 2702 ruffl'u
1109 2623 1394 2702 mamercus
1414 2701 1418 2712 ,
1436 2625 1475 2702 ιι
1603 2589 1605 2592 ’
1723 2624 1768 2684 ur

264 2785 280 2841 1
354 2779 504 2836 Uurrsuus
523 2778 592 2836 libro
610 2781 727 2851 septimo
745 2781 781 2836 de
799 2779 890 2838 officio
908 2783 1083 2851 proconsulis.
1111 2782 1266 2838 Proximum
1286 2781 1430 2851 sacrilegio
1448 2780 1554 2836 crimen
1573 2767 1743 2862 ΜΕ·

268 2873 357 2939 rest,
381 2868 454 2938 quod
477 2870 628 2926 maiestatis
649 2869 756 2926 dicitnr.
792 2871 944 2926 Maiestatis
962 2875 1054 2926 autem
1073 2871 1175 2926 crimen
1192 2871 1260 2926 illud
1277 2876 1334 2941 cst,
1358 2869 1432 2938 quod
1452 2855 1710 2939 aduersuspopdaa

300 2959 453 3014 Romanurn
471 2959 516 3013 uel
534 2957 667 3014 aduersus
684 2959 861 3014 securitatem
878 2960 937 3016 eius
949 2960 1135 3022 committitur.
1162 2975 1216 3030 quo
1228 2965 1337 3016 tenetur
1347 2959 1380 3027 is,
1399 2957 1479 3012 cuius
1491 2973 1579 3028 opera
1589 2957 1648 3012 dolo
1659 2952 1710 3010 rarle
1741 3013 1742 3018 ἵ

301 3047 443 3104 consilium
462 3048 557 3102 initum
576 3047 636 3116 erit,
655 3062 710 3118 quc
728 3047 839 3104 obsides
857 3049 962 3104 iniussu
980 3047 1111 3119 principis
1129 3049 1333 3104 interciderent:
1351 3062 1407 3116 quo
1425 3049 1527 3104 armati
1539 3047 1708 3102 bominescru

300 3137 362 3192 telis
380 3136 552 3206 lapidibusue
570 3137 598 3192 in
616 3135 684 3192 urbe
701 3137 757 3192 sint
774 3137 973 3194 conueniantue
991 3137 1125 3194 aduersus
1143 3152 1201 3192 rem
1219 3136 1370 3208 publicam,
1388 3137 1486 3192 locans
1504 3139 1667 3207 occupentur
1680 3126 1737 3184 nult

300 3226 416 3296 templs,
440 3239 530 3295 quous
553 3229 649 3282 coetos
671 3232 859 3282 conuentnsuc
882 3225 933 3282 dat
954 3226 1113 3282 hominesue
1131 3227 1166 3282 ad
1185 3225 1346 3282 seditionem
1367 3225 1378 3295 ΙΙ
1396 3233 1598 3281 conuocentur:
1619 3211 1759 3278 cucurti*

300 3329 386 3384 opera
403 3315 516 3370 consilio
535 3315 606 3370 malo
624 3314 767 3370 consilium
785 3315 881 3372 initum
900 3317 965 3386 erit,
989 3331 1043 3386 qno
1065 3316 1126 3386 quis
1144 3315 1320 3384 magistratus
1337 3315 1432 3385 populi
1450 3315 1569 3370 Romani
1586 3313 1660 3384 onius
1674 3310 1705 3364 in·

301 3404 406 3474 perium
424 3409 625 3474 potestatemue
643 3402 727 3459 habet
744 3403 898 3459 occidatur:
922 3419 1013 3474 quoue
1030 3405 1093 3474 quis
1110 3409 1205 3460 contra
1222 3419 1279 3460 rem
1297 3403 1435 3474 publicam
1453 3419 1533 3458 arma
1551 3402 1630 3458 ferat:
1646 3399 1704 3470 quiet

300 3491 426 3547 hostibus
450 3493 543 3563 populi
561 3492 676 3548 Romani
698 3493 823 3548 nuntium
846 3493 987 3549 litterasue
1011 3494 1116 3549 miserit
1135 3495 1280 3564 signamus
1298 3493 1405 3548 dederit
1421 3491 1556 3548 feceritue
1573 3491 1632 3548 dolo
1647 3486 1703 3549 ndi

301 3597 356 3652 qno
374 3581 467 3636 hostes
484 3581 579 3652 populi
596 3582 711 3637 Romani
729 3582 842 3638 oonsilio
860 3582 989 3638 lunantur
1006 3582 1140 3638 aduersus
1157 3581 1381 3654 rempublicam:
1399 3583 1483 3651 quiue
1495 3583 1595 3638 milites
1606 3576 1701 3636 muiuu
1712 3575 1730 3616 ³⁵

301 3671 373 3726 uerit
390 3671 611 3742 concitaueritoe,
630 3685 684 3741 quo
703 3671 802 3726 seditio
819 3672 989 3728 tumultusue
1006 3671 1140 3727 aduersus
1157 3689 1215 3728 rem
1232 3671 1367 3742 publicam
1387 3669 1450 3726 frat:

265 3767 283 3824 2
353 3761 431 3815 lours
447 3759 522 3816 libro
545 3765 644 3816 octauo
668 3761 891 3830 disputationum.
924 3761 1006 3830 quius
1029 3760 1064 3816 de
1086 3762 1240 3830 prouincia,
1264 3776 1326 3816 cum
1347 3760 1373 3816 ei
1392 3775 1552 3816 successum
1585 3745 1723 3839 Mffls

301 3854 389 3920 esset,
413 3865 467 3905 non
490 3849 649 3905 discessitir
674 3853 721 3904 aut
744 3851 791 3920 qui
814 3851 964 3906 exercitum
983 3850 1104 3906 deseruit
1121 3852 1166 3906 uel
1183 3850 1307 3921 priuatus
1326 3849 1361 3904 ad
1379 3847 1475 3904 hostes
1493 3835 1628 3918 perfugit:
1642 3841 1698 3913 quint

301 3939 391 3994 sciens
408 3935 507 3994 falsum
525 3939 687 4008 conscripsit
704 3940 749 3994 nel
766 3940 923 3996 recitsuerit
941 3940 970 3996 in
987 3938 1088 3996 tabulis
1106 3939 1236 4010 publicis:
1259 3955 1323 3994 narn
1341 3949 1370 3993 et
1387 3937 1440 3994 hcc
1457 3937 1550 4008 capite
1566 3937 1645 4007 primo
1658 3931 1697 3994 iifl

302 4027 454 4084 maiestatis
473 4032 655 4084 enumeratur.
1658 4091 1696 4108 l

266 4123 284 4180 3
355 4117 530 4172 lfsrrcrsrrus
552 4116 621 4172 libro
645 4121 743 4187 quarto
768 4115 874 4172 decimo
898 4117 1107 4172 institutionum.
1143 4117 1203 4172 Lex
1226 4115 1370 4172 duodecim
1394 4114 1551 4172 tabularum
1583 4099 1721 4196 QS

301 4205 379 4261 iubet
395 4221 468 4275 eum,
486 4207 533 4276 qni
551 4205 658 4261 hostem
676 4206 854 4262 concitauerit
871 4206 954 4276 quiue
972 4205 1060 4260 ciuem
1079 4205 1151 4262 hosti
1167 4205 1319 4274 tradiderit,
1340 4205 1431 4275 capite
1449 4205 1548 4274 puniri.
1577 4205 1617 4259 lex
1631 4199 1694 4254 arud

302 4311 494 4381 muruco)

303 4444 435 4513 ¹recepti
448 4445 572 4516 suntrei,
585 4445 694 4516 poscit?
764 4445 881 4501 ’ettam
952 4443 1195 4515 'perditaleddl'l
1265 4444 1377 4500 ⁴etr'as.
1450 4424 1694 4516 ‘permdmtlutli

302 4516 314 4551 ⁰
332 4515 452 4570 decessit
469 4517 634 4582 (causali

1707 4015 1727 4056 lt

303 4647 449 4714 3dsreFl
464 4647 584 4702 timeum
598 4649 635 4701 Β
686 4648 989 4720 4sipeganuseuase
1043 4647 1147 4704 dumF
1194 4649 1230 4704 23
1247 4647 1406 4718 prodiderit]
1425 4647 1547 4712 &notice
1565 4628 1693 4714 fiuntd!

302 4719 339 4774 rit
356 4717 508 4774 custodiam
529 4718 665 4784 (custodia
681 4719 733 4786 ga)
751 4719 910 4788 XYMOOl
930 4735 990 4791 per·
1042 4719 1131 4776 foueri
1148 4720 1174 4774 F
1230 4721 1266 4774 24
1283 4720 1388 4775 suec
1412 4729 1515 4776 inraso
1538 4723 1620 4778 ordiar
1638 4699 1699 4786 rolf

303 4788 429 4845 sons‘m'e
451 4790 487 4842 F*
558 4791 592 4845 13
618 4791 814 4847 committenda
834 4798 878 4848 cst
897 4794 944 4862 qui
966 4792 990 4848 si
1043 4793 1078 4846 te
1095 4792 1214 4861 preculis
1233 4792 1278 4858 Fl
1299 4792 1472 4861 proximum*
1491 4793 1527 4846 ps
1583 4791 1614 4848 ιθ
1628 4784 1691 4850 p'qu
1793 4797 1794 4868 l

303 4861 478 4931 neglegentis
495 4861 635 4918 amiserint
651 4875 700 4931 pro
719 4883 766 4917 om.
781 4865 824 4928 F1,
846 4871 946 4918 entant
962 4865 990 4918 B
1043 4864 1121 4918 cuius
1140 4864 1177 4916 Ρ
1230 4863 1264 4918 29
1282 4862 1487 4934 interciderant]
1505 4859 1697 4947 deuertisse-3
1792 4873 1794 4932 r

303 4935 338 4988 15
347 4933 499 4988 *dimiserit
508 4932 543 4986 F⁶
588 4935 622 4988 19
634 4937 727 4990 custos
735 4933 923 4992 's'cnstorlian
933 4933 989 5005 ΡἸ
1042 4933 1207 5006 tssrpeeissr
1231 4933 1295 4997 rore
1319 4933 1487 5002 insperati
1541 4937 1576 4992 30
1596 4919 1689 4989 ιὶιιΐῑῗ
1793 4963 1794 4976 ι

302 5003 449 5074 homicidii]
473 5005 519 5070 rr,
546 5005 692 5062 onustus
713 5007 750 5058 r·
815 5007 850 5062 ro
872 5019 989 5076 prouen-
1043 5006 1078 5062 ιι
1096 5005 1177 5075 mue]
1198 5007 1241 5072 rr,
1259 5005 1323 5061 roro
1341 5006 1413 5062 mun
1430 5007 1469 5061 rr
1523 5007 1559 5064 ce
1575 4983 1702 5062 aurat
1793 4989 1794 5024 ι
