<?xml version="1.0" encoding="UTF-8"?>
<!DOCTYPE html PUBLIC "-//W3C//DTD XHTML 1.0 Transitional//EN"
    "http://www.w3.org/TR/xhtml1/DTD/xhtml1-transitional.dtd">
<html xmlns="http://www.w3.org/1999/xhtml" xml:lang="en" lang="en">
 <head>
  <title>
</title>
<meta http-equiv="Content-Type" content="text/html;charset=utf-8" />
  <meta name='ocr-system' content='tesseract 3.04.00' />
  <meta name='ocr-capabilities' content='ocr_page ocr_carea ocr_par ocr_line ocrx_word'/>
</head>
<body>
  <div class='ocr_page' id='page_1' title='image "./digestaiustinia00kruegoog_0112.png"; bbox 0 0 3504 5452; ppageno 0'>
   <div class='ocr_carea' id='block_1_1' title="bbox 68 237 1497 318">
    <p class='ocr_par' dir='ltr' id='par_1_1' title="bbox 68 237 1497 318">
     <span class='ocr_line' id='line_1_1' title="bbox 68 237 1497 318; baseline 0.001 -12"><span class='ocrx_word' id='word_1_1' title='bbox 68 259 110 306; x_wconf 77' lang='grc' dir='ltr'><strong>ιιι</strong></span> <span class='ocrx_word' id='word_1_2' title='bbox 125 257 410 307; x_wconf 83' lang='lat' dir='ltr'><strong>rrosrcosmrresre</strong></span> <span class='ocrx_word' id='word_1_3' title='bbox 753 237 809 318; x_wconf 85' lang='grc'><strong>95</strong></span> <span class='ocrx_word' id='word_1_4' title='bbox 1241 244 1361 312; x_wconf 81' lang='lat' dir='ltr'>XXXII</span> <span class='ocrx_word' id='word_1_5' title='bbox 1384 253 1497 308; x_wconf 75' lang='lat' dir='ltr'><strong>lli-83</strong></span> 
     </span>
    </p>
   </div>
   <div class='ocr_carea' id='block_1_2' title="bbox 1 397 1617 4292">
    <p class='ocr_par' dir='ltr' id='par_1_2' title="bbox 1 397 1498 561">
     <span class='ocr_line' id='line_1_2' title="bbox 1 397 1498 473; baseline 0.006 -25"><span class='ocrx_word' id='word_1_6' title='bbox 1 401 32 448; x_wconf 74' lang='grc'><strong>6</strong></span> <span class='ocrx_word' id='word_1_7' title='bbox 73 397 191 452; x_wconf 73' lang='lat' dir='ltr'><strong>nstmias</strong></span> <span class='ocrx_word' id='word_1_8' title='bbox 215 399 345 466; x_wconf 88' lang='lat' dir='ltr'><strong>potentia</strong></span> <span class='ocrx_word' id='word_1_9' title='bbox 367 399 443 454; x_wconf 89' lang='lat' dir='ltr'><strong>uicta</strong></span> <span class='ocrx_word' id='word_1_10' title='bbox 460 412 606 467; x_wconf 75' lang='lat' dir='ltr'><strong>numquam</strong></span> <span class='ocrx_word' id='word_1_11' title='bbox 624 397 698 452; x_wconf 88' lang='lat' dir='ltr'><strong>uires</strong></span> <span class='ocrx_word' id='word_1_12' title='bbox 716 398 776 454; x_wconf 88' lang='lat' dir='ltr'><strong>ciue</strong></span> <span class='ocrx_word' id='word_1_13' title='bbox 794 399 934 469; x_wconf 78' lang='lat' dir='ltr'><strong>effugiant</strong></span> <span class='ocrx_word' id='word_1_14' title='bbox 971 398 1089 456; x_wconf 78' lang='lat' dir='ltr'><strong>Coccum</strong></span> <span class='ocrx_word' id='word_1_15' title='bbox 1107 400 1181 470; x_wconf 93' lang='lat' dir='ltr'><strong>quod</strong></span> <span class='ocrx_word' id='word_1_16' title='bbox 1198 403 1308 472; x_wconf 86' lang='lat' dir='ltr'><strong>proprio</strong></span> <span class='ocrx_word' id='word_1_17' title='bbox 1325 403 1434 458; x_wconf 86' lang='lat' dir='ltr'><strong>nomine</strong></span> <span class='ocrx_word' id='word_1_18' title='bbox 1451 419 1498 473; x_wconf 92' lang='lat' dir='ltr'><strong>ap-</strong></span> 
     </span>
     <span class='ocr_line' id='line_1_3' title="bbox 74 485 1498 561; baseline 0.004 -20"><span class='ocrx_word' id='word_1_19' title='bbox 74 485 177 556; x_wconf 82' lang='lat' dir='ltr'><strong>pelatur</strong></span> <span class='ocrx_word' id='word_1_20' title='bbox 195 487 265 555; x_wconf 91' lang='lat' dir='ltr'><strong>quin</strong></span> <span class='ocrx_word' id='word_1_21' title='bbox 281 485 493 542; x_wconf 76' lang='lat' dir='ltr'><strong>uersicoloribus</strong></span> <span class='ocrx_word' id='word_1_22' title='bbox 511 485 629 556; x_wconf 88' lang='lat' dir='ltr'><strong>cederet,</strong></span> <span class='ocrx_word' id='word_1_23' title='bbox 647 501 728 542; x_wconf 91' lang='lat' dir='ltr'><strong>nemo</strong></span> <span class='ocrx_word' id='word_1_24' title='bbox 746 485 891 544; x_wconf 79' lang='lat' dir='ltr'><strong>dubitauit</strong></span> <span class='ocrx_word' id='word_1_25' title='bbox 919 489 984 557; x_wconf 92' lang='lat' dir='ltr'><strong>quin</strong></span> <span class='ocrx_word' id='word_1_26' title='bbox 1003 489 1092 544; x_wconf 83' lang='lat' dir='ltr'><strong>minus</strong></span> <span class='ocrx_word' id='word_1_27' title='bbox 1110 505 1190 559; x_wconf 89' lang='lat' dir='ltr'><strong>porro</strong></span> <span class='ocrx_word' id='word_1_28' title='bbox 1207 491 1361 548; x_wconf 73' lang='lat' dir='ltr'><strong>coracinum</strong></span> <span class='ocrx_word' id='word_1_29' title='bbox 1374 495 1423 546; x_wconf 89' lang='lat' dir='ltr'><strong>aut</strong></span> <span class='ocrx_word' id='word_1_30' title='bbox 1434 489 1498 561; x_wconf 82' lang='lat' dir='ltr'><strong>hye-</strong></span> 
     </span>
    </p>

    <p class='ocr_par' dir='ltr' id='par_1_3' title="bbox 1 575 1542 1270">
     <span class='ocr_line' id='line_1_4' title="bbox 1 575 1497 648; baseline 0.002 -18"><span class='ocrx_word' id='word_1_31' title='bbox 1 583 31 630; x_wconf 72' lang='lat' dir='ltr'>s</span> <span class='ocrx_word' id='word_1_32' title='bbox 72 576 155 646; x_wconf 77' lang='lat' dir='ltr'><strong>girum</strong></span> <span class='ocrx_word' id='word_1_33' title='bbox 173 579 225 630; x_wconf 86' lang='lat' dir='ltr'><strong>aut</strong></span> <span class='ocrx_word' id='word_1_34' title='bbox 242 576 374 632; x_wconf 87' lang='lat' dir='ltr'><strong>melinum</strong></span> <span class='ocrx_word' id='word_1_35' title='bbox 391 591 443 632; x_wconf 86' lang='lat' dir='ltr'><strong>suc</strong></span> <span class='ocrx_word' id='word_1_36' title='bbox 460 575 570 632; x_wconf 90' lang='lat' dir='ltr'><strong>nomine</strong></span> <span class='ocrx_word' id='word_1_37' title='bbox 587 589 669 644; x_wconf 89' lang='lat' dir='ltr'><strong>quam</strong></span> <span class='ocrx_word' id='word_1_38' title='bbox 682 590 794 632; x_wconf 89' lang='lat' dir='ltr'><strong>coccum</strong></span> <span class='ocrx_word' id='word_1_39' title='bbox 806 592 962 646; x_wconf 84' lang='lat' dir='ltr'><strong>purpurare</strong></span> <span class='ocrx_word' id='word_1_40' title='bbox 974 577 1154 647; x_wconf 76' lang='lat' dir='ltr'><strong>designatur?</strong></span> <span class='ocrx_word' id='word_1_41' title='bbox 1180 578 1248 634; x_wconf 82' lang='lat' dir='ltr'><strong>Cum</strong></span> <span class='ocrx_word' id='word_1_42' title='bbox 1260 580 1353 634; x_wconf 88' lang='lat' dir='ltr'><strong>uirita</strong></span> <span class='ocrx_word' id='word_1_43' title='bbox 1364 579 1497 648; x_wconf 72' lang='lat' dir='ltr'><strong>legasset:</strong></span> 
     </span>
     <span class='ocr_line' id='line_1_5' title="bbox 72 663 1497 736; baseline 0.001 -16"><span class='ocrx_word' id='word_1_44' title='bbox 72 664 140 734; x_wconf 80' lang='lat' dir='ltr'><strong>&#39;quse</strong></span> <span class='ocrx_word' id='word_1_45' title='bbox 158 664 255 720; x_wconf 84' lang='lat' dir='ltr'><strong>uxoris</strong></span> <span class='ocrx_word' id='word_1_46' title='bbox 272 680 359 720; x_wconf 89' lang='lat' dir='ltr'><strong>causa</strong></span> <span class='ocrx_word' id='word_1_47' title='bbox 375 669 473 736; x_wconf 88' lang='lat' dir='ltr'><strong>parata</strong></span> <span class='ocrx_word' id='word_1_48' title='bbox 489 669 567 734; x_wconf 88' lang='lat' dir='ltr'><strong>eunt,</strong></span> <span class='ocrx_word' id='word_1_49' title='bbox 591 664 618 720; x_wconf 92' lang='lat' dir='ltr'><strong>ei</strong></span> <span class='ocrx_word' id='word_1_50' title='bbox 636 663 672 719; x_wconf 92' lang='lat' dir='ltr'><strong>do</strong></span> <span class='ocrx_word' id='word_1_51' title='bbox 689 663 769 734; x_wconf 79' lang='lat' dir='ltr'><strong>lego&#39;,</strong></span> <span class='ocrx_word' id='word_1_52' title='bbox 792 681 845 734; x_wconf 82' lang='lat' dir='ltr'><strong>ego</strong></span> <span class='ocrx_word' id='word_1_53' title='bbox 863 665 936 734; x_wconf 85' lang='lat' dir='ltr'><strong>apud</strong></span> <span class='ocrx_word' id='word_1_54' title='bbox 953 672 1106 736; x_wconf 75' lang='lat' dir='ltr'><strong>praetorem</strong></span> <span class='ocrx_word' id='word_1_55' title='bbox 1124 665 1405 724; x_wconf 85' lang='lat' dir='ltr'><strong>fideicommissarium</strong></span> <span class='ocrx_word' id='word_1_56' title='bbox 1422 671 1497 736; x_wconf 85' lang='lat' dir='ltr'><strong>pete·</strong></span> 
     </span>
     <span class='ocr_line' id='line_1_6' title="bbox 70 751 1529 826; baseline 0.002 -18"><span class='ocrx_word' id='word_1_57' title='bbox 70 751 126 808; x_wconf 82' lang='lat' dir='ltr'><strong>bam</strong></span> <span class='ocrx_word' id='word_1_58' title='bbox 143 753 229 808; x_wconf 79' lang='lat' dir='ltr'><strong>etism</strong></span> <span class='ocrx_word' id='word_1_59' title='bbox 247 767 293 809; x_wconf 86' lang='lat' dir='ltr'><strong>ree</strong></span> <span class='ocrx_word' id='word_1_60' title='bbox 311 754 482 824; x_wconf 82' lang='lat' dir='ltr'><strong>aestimatae,</strong></span> <span class='ocrx_word' id='word_1_61' title='bbox 501 768 617 824; x_wconf 82' lang='lat' dir='ltr'><strong>querum</strong></span> <span class='ocrx_word' id='word_1_62' title='bbox 634 753 753 822; x_wconf 89' lang='lat' dir='ltr'><strong>pretium</strong></span> <span class='ocrx_word' id='word_1_63' title='bbox 771 754 799 810; x_wconf 93' lang='lat' dir='ltr'><strong>ln</strong></span> <span class='ocrx_word' id='word_1_64' title='bbox 817 753 910 810; x_wconf 88' lang='lat' dir='ltr'><strong>dotem</strong></span> <span class='ocrx_word' id='word_1_65' title='bbox 927 759 995 824; x_wconf 83' lang='lat' dir='ltr'><strong>erat,</strong></span> <span class='ocrx_word' id='word_1_66' title='bbox 1012 770 1065 810; x_wconf 90' lang='lat' dir='ltr'><strong>neo</strong></span> <span class='ocrx_word' id='word_1_67' title='bbox 1082 756 1196 825; x_wconf 90' lang='lat' dir='ltr'><strong>optinui,</strong></span> <span class='ocrx_word' id='word_1_68' title='bbox 1213 757 1292 826; x_wconf 87' lang='lat' dir='ltr'><strong>quasi</strong></span> <span class='ocrx_word' id='word_1_69' title='bbox 1309 759 1425 810; x_wconf 84' lang='lat' dir='ltr'><strong>teststor</strong></span> <span class='ocrx_word' id='word_1_70' title='bbox 1442 770 1529 811; x_wconf 85' lang='lat' dir='ltr'><strong>nous</strong></span> 
     </span>
     <span class='ocr_line' id='line_1_7' title="bbox 69 841 1496 914; baseline 0.001 -16"><span class='ocrx_word' id='word_1_71' title='bbox 69 842 195 898; x_wconf 76' lang='lat' dir='ltr'><strong>sccsimet</strong></span> <span class='ocrx_word' id='word_1_72' title='bbox 212 841 250 898; x_wconf 89' lang='lat' dir='ltr'><strong>de</strong></span> <span class='ocrx_word' id='word_1_73' title='bbox 267 843 311 898; x_wconf 88' lang='lat' dir='ltr'><strong>bis</strong></span> <span class='ocrx_word' id='word_1_74' title='bbox 327 841 418 898; x_wconf 86' lang='lat' dir='ltr'><strong>rebus.</strong></span> <span class='ocrx_word' id='word_1_75' title='bbox 446 843 542 912; x_wconf 85' lang='lat' dir='ltr'><strong>atquin</strong></span> <span class='ocrx_word' id='word_1_76' title='bbox 559 843 584 898; x_wconf 90' lang='lat' dir='ltr'><strong>si</strong></span> <span class='ocrx_word' id='word_1_77' title='bbox 601 842 629 898; x_wconf 90' lang='lat' dir='ltr'><strong>iu</strong></span> <span class='ocrx_word' id='word_1_78' title='bbox 647 858 728 898; x_wconf 87' lang='lat' dir='ltr'><strong>usum</strong></span> <span class='ocrx_word' id='word_1_79' title='bbox 746 843 805 898; x_wconf 88' lang='lat' dir='ltr'><strong>eius</strong></span> <span class='ocrx_word' id='word_1_80' title='bbox 822 843 904 900; x_wconf 88' lang='lat' dir='ltr'><strong>datae</strong></span> <span class='ocrx_word' id='word_1_81' title='bbox 922 844 986 913; x_wconf 89' lang='lat' dir='ltr'><strong>sint,</strong></span> <span class='ocrx_word' id='word_1_82' title='bbox 1003 843 1069 900; x_wconf 92' lang='lat' dir='ltr'><strong>nibil</strong></span> <span class='ocrx_word' id='word_1_83' title='bbox 1086 845 1208 914; x_wconf 84' lang='lat' dir='ltr'><strong>interest,</strong></span> <span class='ocrx_word' id='word_1_84' title='bbox 1227 844 1262 902; x_wconf 88' lang='lat' dir='ltr'><strong>ab</strong></span> <span class='ocrx_word' id='word_1_85' title='bbox 1276 846 1337 914; x_wconf 85' lang='lat' dir='ltr'><strong>ipsu</strong></span> <span class='ocrx_word' id='word_1_86' title='bbox 1348 861 1383 898; x_wconf 92' lang='lat' dir='ltr'><strong>an</strong></span> <span class='ocrx_word' id='word_1_87' title='bbox 1394 843 1431 900; x_wconf 84' lang='lat' dir='ltr'><strong>ab</strong></span> <span class='ocrx_word' id='word_1_88' title='bbox 1443 844 1496 900; x_wconf 87' lang='lat' dir='ltr'><strong>alio</strong></span> 
     </span>
     <span class='ocr_line' id='line_1_8' title="bbox 70 930 1496 1002; baseline 0 -14"><span class='ocrx_word' id='word_1_89' title='bbox 70 937 239 1002; x_wconf 77' lang='lat' dir='ltr'><strong>eompantse</strong></span> <span class='ocrx_word' id='word_1_90' title='bbox 262 935 335 986; x_wconf 83' lang='lat' dir='ltr'><strong>sunt</strong></span> <span class='ocrx_word' id='word_1_91' title='bbox 365 935 463 1001; x_wconf 83' lang='lat' dir='ltr'><strong>postea</strong></span> <span class='ocrx_word' id='word_1_92' title='bbox 485 930 559 1002; x_wconf 92' lang='lat' dir='ltr'><strong>apud</strong></span> <span class='ocrx_word' id='word_1_93' title='bbox 576 930 730 988; x_wconf 73' lang='lat' dir='ltr'><strong>Aburnium</strong></span> <span class='ocrx_word' id='word_1_94' title='bbox 749 931 891 988; x_wconf 83' lang='lat' dir='ltr'><strong>Ualentem</strong></span> <span class='ocrx_word' id='word_1_95' title='bbox 915 933 1006 990; x_wconf 88' lang='lat' dir='ltr'><strong>inueni</strong></span> <span class='ocrx_word' id='word_1_96' title='bbox 1030 934 1070 988; x_wconf 86' lang='lat' dir='ltr'><strong>ita</strong></span> <span class='ocrx_word' id='word_1_97' title='bbox 1087 933 1216 988; x_wconf 87' lang='lat' dir='ltr'><strong>relatum:</strong></span> <span class='ocrx_word' id='word_1_98' title='bbox 1241 934 1336 990; x_wconf 90' lang='lat' dir='ltr'><strong>mulier</strong></span> <span class='ocrx_word' id='word_1_99' title='bbox 1353 947 1398 988; x_wconf 90' lang='lat' dir='ltr'><strong>ros</strong></span> <span class='ocrx_word' id='word_1_100' title='bbox 1415 931 1496 988; x_wconf 77' lang='lat' dir='ltr'><strong>sesd-</strong></span> 
     </span>
     <span class='ocr_line' id='line_1_9' title="bbox 70 1019 1496 1092; baseline -0.001 -14"><span class='ocrx_word' id='word_1_101' title='bbox 70 1027 151 1078; x_wconf 84' lang='lat' dir='ltr'><strong>mstas</strong></span> <span class='ocrx_word' id='word_1_102' title='bbox 169 1021 198 1076; x_wconf 90' lang='lat' dir='ltr'><strong>in</strong></span> <span class='ocrx_word' id='word_1_103' title='bbox 216 1021 312 1078; x_wconf 88' lang='lat' dir='ltr'><strong>dotem</strong></span> <span class='ocrx_word' id='word_1_104' title='bbox 329 1019 443 1076; x_wconf 82' lang='lat' dir='ltr'><strong>dederat</strong></span> <span class='ocrx_word' id='word_1_105' title='bbox 460 1035 493 1076; x_wconf 88' lang='lat' dir='ltr'><strong>ac</strong></span> <span class='ocrx_word' id='word_1_106' title='bbox 511 1019 611 1076; x_wconf 89' lang='lat' dir='ltr'><strong>deinde</strong></span> <span class='ocrx_word' id='word_1_107' title='bbox 629 1022 743 1076; x_wconf 84' lang='lat' dir='ltr'><strong>maritus</strong></span> <span class='ocrx_word' id='word_1_108' title='bbox 761 1022 787 1076; x_wconf 90' lang='lat' dir='ltr'><strong>ei</strong></span> <span class='ocrx_word' id='word_1_109' title='bbox 805 1023 947 1092; x_wconf 80' lang='lat' dir='ltr'><strong>legsuerat</strong></span> <span class='ocrx_word' id='word_1_110' title='bbox 964 1021 1007 1076; x_wconf 89' lang='lat' dir='ltr'><strong>hie</strong></span> <span class='ocrx_word' id='word_1_111' title='bbox 1025 1021 1130 1078; x_wconf 88' lang='lat' dir='ltr'><strong>uerbis:</strong></span> <span class='ocrx_word' id='word_1_112' title='bbox 1149 1022 1227 1092; x_wconf 86' lang='lat' dir='ltr'><strong>&#39;quae</strong></span> <span class='ocrx_word' id='word_1_113' title='bbox 1245 1023 1304 1077; x_wconf 90' lang='lat' dir='ltr'><strong>eius</strong></span> <span class='ocrx_word' id='word_1_114' title='bbox 1323 1037 1407 1076; x_wconf 84' lang='lat' dir='ltr'><strong>cauea</strong></span> <span class='ocrx_word' id='word_1_115' title='bbox 1424 1036 1496 1076; x_wconf 92' lang='lat' dir='ltr'><strong>com·</strong></span> 
     </span>
     <span class='ocr_line' id='line_1_10' title="bbox 70 1109 1496 1182; baseline 0 -16"><span class='ocrx_word' id='word_1_116' title='bbox 70 1109 165 1182; x_wconf 83' lang='lat' dir='ltr'><strong>‘parata</strong></span> <span class='ocrx_word' id='word_1_117' title='bbox 181 1115 332 1180; x_wconf 86' lang='lat' dir='ltr'><strong>emptaque</strong></span> <span class='ocrx_word' id='word_1_118' title='bbox 350 1109 458 1166; x_wconf 86' lang='lat' dir='ltr'><strong>essent&#39;.</strong></span> <span class='ocrx_word' id='word_1_119' title='bbox 485 1110 556 1166; x_wconf 85' lang='lat' dir='ltr'><strong>dixit</strong></span> <span class='ocrx_word' id='word_1_120' title='bbox 571 1116 725 1181; x_wconf 88' lang='lat' dir='ltr'><strong>emptorum</strong></span> <span class='ocrx_word' id='word_1_121' title='bbox 737 1114 948 1181; x_wconf 86' lang='lat' dir='ltr'><strong>paratorumquc</strong></span> <span class='ocrx_word' id='word_1_122' title='bbox 960 1112 1142 1181; x_wconf 84' lang='lat' dir='ltr'><strong>appellatione</strong></span> <span class='ocrx_word' id='word_1_123' title='bbox 1154 1125 1209 1166; x_wconf 90' lang='lat' dir='ltr'><strong>non</strong></span> <span class='ocrx_word' id='word_1_124' title='bbox 1221 1111 1353 1168; x_wconf 88' lang='lat' dir='ltr'><strong>contineri</strong></span> <span class='ocrx_word' id='word_1_125' title='bbox 1365 1125 1407 1180; x_wconf 91' lang='lat' dir='ltr'><strong>ca,</strong></span> <span class='ocrx_word' id='word_1_126' title='bbox 1425 1125 1496 1179; x_wconf 88' lang='lat' dir='ltr'><strong>quae</strong></span> 
     </span>
     <span class='ocr_line' id='line_1_11' title="bbox 71 1196 1542 1270; baseline -0.004 -14"><span class='ocrx_word' id='word_1_127' title='bbox 71 1199 200 1256; x_wconf 84' lang='lat' dir='ltr'><strong>&#39;ndotam</strong></span> <span class='ocrx_word' id='word_1_128' title='bbox 218 1199 288 1255; x_wconf 86' lang='lat' dir='ltr'><strong>data</strong></span> <span class='ocrx_word' id='word_1_129' title='bbox 305 1203 410 1268; x_wconf 76' lang='lat' dir='ltr'><strong>meent,</strong></span> <span class='ocrx_word' id='word_1_130' title='bbox 434 1198 487 1254; x_wconf 89' lang='lat' dir='ltr'><strong>nisi</strong></span> <span class='ocrx_word' id='word_1_131' title='bbox 504 1199 528 1254; x_wconf 87' lang='lat' dir='ltr'><strong>ei</strong></span> <span class='ocrx_word' id='word_1_132' title='bbox 546 1200 660 1256; x_wconf 71' lang='lat' dir='ltr'><strong>mumius</strong></span> <span class='ocrx_word' id='word_1_133' title='bbox 678 1214 726 1256; x_wconf 86' lang='lat' dir='ltr'><strong>oue</strong></span> <span class='ocrx_word' id='word_1_134' title='bbox 744 1215 802 1269; x_wconf 89' lang='lat' dir='ltr'><strong>ree,</strong></span> <span class='ocrx_word' id='word_1_135' title='bbox 827 1207 1005 1269; x_wconf 77' lang='lat' dir='ltr'><strong>posteaquam</strong></span> <span class='ocrx_word' id='word_1_136' title='bbox 1023 1200 1110 1270; x_wconf 88' lang='lat' dir='ltr'><strong>ipsius</strong></span> <span class='ocrx_word' id='word_1_137' title='bbox 1127 1196 1217 1254; x_wconf 84' lang='lat' dir='ltr'><strong>fectae</strong></span> <span class='ocrx_word' id='word_1_138' title='bbox 1234 1203 1339 1270; x_wconf 85' lang='lat' dir='ltr'><strong>essent,</strong></span> <span class='ocrx_word' id='word_1_139' title='bbox 1357 1200 1386 1254; x_wconf 93' lang='lat' dir='ltr'><strong>in</strong></span> <span class='ocrx_word' id='word_1_140' title='bbox 1403 1198 1496 1254; x_wconf 87' lang='lat' dir='ltr'><strong>uxoris</strong></span> <span class='ocrx_word' id='word_1_141' title='bbox 1515 1210 1542 1250; x_wconf 90' lang='lat' dir='ltr'><strong>ro</strong></span> 
     </span>
    </p>

    <p class='ocr_par' dir='ltr' id='par_1_4' title="bbox 25 1286 1617 4292">
     <span class='ocr_line' id='line_1_12' title="bbox 37 1286 1495 1358; baseline 0 -14"><span class='ocrx_word' id='word_1_142' title='bbox 37 1293 140 1344; x_wconf 75' lang='lat' dir='ltr'><strong>&#39;imum</strong></span> <span class='ocrx_word' id='word_1_143' title='bbox 163 1288 358 1344; x_wconf 76' lang='lat' dir='ltr'><strong>connerussec</strong></span> <span class='ocrx_word' id='word_1_144' title='bbox 394 1286 487 1344; x_wconf 80' lang='lat' dir='ltr'><strong>Rebus</strong></span> <span class='ocrx_word' id='word_1_145' title='bbox 508 1303 579 1358; x_wconf 88' lang='lat' dir='ltr'><strong>quae</strong></span> <span class='ocrx_word' id='word_1_146' title='bbox 597 1288 625 1344; x_wconf 93' lang='lat' dir='ltr'><strong>in</strong></span> <span class='ocrx_word' id='word_1_147' title='bbox 642 1286 728 1344; x_wconf 81' lang='lat' dir='ltr'><strong>fundo</strong></span> <span class='ocrx_word' id='word_1_148' title='bbox 746 1293 812 1344; x_wconf 89' lang='lat' dir='ltr'><strong>eunt</strong></span> <span class='ocrx_word' id='word_1_149' title='bbox 828 1289 927 1357; x_wconf 84' lang='lat' dir='ltr'><strong>legatie</strong></span> <span class='ocrx_word' id='word_1_150' title='bbox 945 1287 1080 1344; x_wconf 87' lang='lat' dir='ltr'><strong>accedunt</strong></span> <span class='ocrx_word' id='word_1_151' title='bbox 1097 1288 1180 1344; x_wconf 87' lang='lat' dir='ltr'><strong>etiam</strong></span> <span class='ocrx_word' id='word_1_152' title='bbox 1198 1303 1245 1358; x_wconf 87' lang='lat' dir='ltr'><strong>ea,</strong></span> <span class='ocrx_word' id='word_1_153' title='bbox 1269 1303 1339 1358; x_wconf 85' lang='lat' dir='ltr'><strong>quse</strong></span> <span class='ocrx_word' id='word_1_154' title='bbox 1358 1295 1424 1344; x_wconf 89' lang='lat' dir='ltr'><strong>tuuc</strong></span> <span class='ocrx_word' id='word_1_155' title='bbox 1441 1303 1495 1344; x_wconf 90' lang='lat' dir='ltr'><strong>uon</strong></span> 
     </span>
     <span class='ocr_line' id='line_1_13' title="bbox 75 1375 1141 1448; baseline -0.002 -14"><span class='ocrx_word' id='word_1_156' title='bbox 75 1381 133 1446; x_wconf 83' lang='lat' dir='ltr'><strong>runt,</strong></span> <span class='ocrx_word' id='word_1_157' title='bbox 150 1378 175 1433; x_wconf 90' lang='lat' dir='ltr'><strong>si</strong></span> <span class='ocrx_word' id='word_1_158' title='bbox 193 1393 259 1433; x_wconf 86' lang='lat' dir='ltr'><strong>esse</strong></span> <span class='ocrx_word' id='word_1_159' title='bbox 276 1377 379 1432; x_wconf 87' lang='lat' dir='ltr'><strong>scient:</strong></span> <span class='ocrx_word' id='word_1_160' title='bbox 397 1391 449 1432; x_wconf 90' lang='lat' dir='ltr'><strong>nec</strong></span> <span class='ocrx_word' id='word_1_161' title='bbox 466 1391 537 1446; x_wconf 86' lang='lat' dir='ltr'><strong>quae</strong></span> <span class='ocrx_word' id='word_1_162' title='bbox 555 1391 621 1433; x_wconf 88' lang='lat' dir='ltr'><strong>casu</strong></span> <span class='ocrx_word' id='word_1_163' title='bbox 640 1376 678 1432; x_wconf 90' lang='lat' dir='ltr'><strong>ibi</strong></span> <span class='ocrx_word' id='word_1_164' title='bbox 695 1375 813 1448; x_wconf 78' lang='lat' dir='ltr'><strong>fuerunt,</strong></span> <span class='ocrx_word' id='word_1_165' title='bbox 831 1378 924 1448; x_wconf 78' lang='lat' dir='ltr'><strong>legata</strong></span> <span class='ocrx_word' id='word_1_166' title='bbox 942 1377 1141 1432; x_wconf 76' lang='lat' dir='ltr'><strong>existimantur.</strong></span> 
     </span>
     <span class='ocr_line' id='line_1_14' title="bbox 25 1459 1540 1548; baseline 0.003 -28"><span class='ocrx_word' id='word_1_167' title='bbox 25 1461 65 1520; x_wconf 77' lang='lat' dir='ltr'><strong>‘lu</strong></span> <span class='ocrx_word' id='word_1_168' title='bbox 112 1466 230 1523; x_wconf 70' lang='lat' dir='ltr'><strong>cneus</strong></span> <span class='ocrx_word' id='word_1_169' title='bbox 253 1465 324 1521; x_wconf 92' lang='lat' dir='ltr'><strong>libro</strong></span> <span class='ocrx_word' id='word_1_170' title='bbox 347 1480 419 1520; x_wconf 91' lang='lat' dir='ltr'><strong>nono</strong></span> <span class='ocrx_word' id='word_1_171' title='bbox 437 1465 615 1535; x_wconf 75' lang='lat' dir='ltr'><strong>digestorum.</strong></span> <span class='ocrx_word' id='word_1_172' title='bbox 652 1463 682 1520; x_wconf 88' lang='lat' dir='ltr'><strong>Si</strong></span> <span class='ocrx_word' id='word_1_173' title='bbox 700 1464 799 1520; x_wconf 84' lang='lat' dir='ltr'><strong>chorus</strong></span> <span class='ocrx_word' id='word_1_174' title='bbox 817 1471 865 1522; x_wconf 87' lang='lat' dir='ltr'><strong>sut</strong></span> <span class='ocrx_word' id='word_1_175' title='bbox 882 1465 988 1522; x_wconf 77' lang='lat' dir='ltr'><strong>familis</strong></span> <span class='ocrx_word' id='word_1_176' title='bbox 1004 1466 1124 1536; x_wconf 82' lang='lat' dir='ltr'><strong>legetur,</strong></span> <span class='ocrx_word' id='word_1_177' title='bbox 1148 1465 1261 1536; x_wconf 87' lang='lat' dir='ltr'><strong>perinde</strong></span> <span class='ocrx_word' id='word_1_178' title='bbox 1279 1469 1322 1522; x_wconf 89' lang='lat' dir='ltr'><strong>est</strong></span> <span class='ocrx_word' id='word_1_179' title='bbox 1340 1459 1495 1548; x_wconf 55' lang='lat' dir='ltr'><strong>[rim</strong></span> <span class='ocrx_word' id='word_1_180' title='bbox 1512 1471 1540 1525; x_wconf 83' lang='lat' dir='ltr'><em>E</em></span> 
     </span>
     <span class='ocr_line' id='line_1_15' title="bbox 55 1539 1495 1626; baseline 0.003 -20"><span class='ocrx_word' id='word_1_181' title='bbox 55 1557 138 1626; x_wconf 70' lang='lat' dir='ltr'><strong>rqmr</strong></span> <span class='ocrx_word' id='word_1_182' title='bbox 155 1555 260 1625; x_wconf 79' lang='lat' dir='ltr'><strong>singuli</strong></span> <span class='ocrx_word' id='word_1_183' title='bbox 278 1554 402 1610; x_wconf 77' lang='lat' dir='ltr'><strong>hommes</strong></span> <span class='ocrx_word' id='word_1_184' title='bbox 418 1555 503 1623; x_wconf 70' lang='lat' dir='ltr'><strong>regati</strong></span> <span class='ocrx_word' id='word_1_185' title='bbox 521 1555 585 1610; x_wconf 75' lang='lat' dir='ltr'><strong>ent.</strong></span> <span class='ocrx_word' id='word_1_186' title='bbox 618 1554 668 1610; x_wconf 82' lang='grc' dir='ltr'><strong>ιιι</strong></span> <span class='ocrx_word' id='word_1_187' title='bbox 687 1553 793 1610; x_wconf 74' lang='lat' dir='ltr'><strong>uernis:</strong></span> <span class='ocrx_word' id='word_1_188' title='bbox 812 1554 890 1625; x_wconf 72' lang='lat' dir='ltr'><strong>‘quae</strong></span> <span class='ocrx_word' id='word_1_189' title='bbox 908 1555 946 1612; x_wconf 82' lang='grc' dir='ltr'><strong>ιιι</strong></span> <span class='ocrx_word' id='word_1_190' title='bbox 965 1553 1075 1612; x_wconf 72' lang='lat' dir='ltr'><strong>mostra</strong></span> <span class='ocrx_word' id='word_1_191' title='bbox 1093 1569 1154 1610; x_wconf 71' lang='lat' dir='ltr'><strong>mc</strong></span> <span class='ocrx_word' id='word_1_192' title='bbox 1171 1558 1258 1624; x_wconf 74' lang='lat' dir='ltr'><strong>emur,</strong></span> <span class='ocrx_word' id='word_1_193' title='bbox 1276 1553 1312 1610; x_wconf 84' lang='lat' dir='ltr'><strong>uo</strong></span> <span class='ocrx_word' id='word_1_194' title='bbox 1330 1539 1495 1624; x_wconf 60' lang='lat' dir='ltr'><strong>reffffiiff</strong></span> 
     </span>
     <span class='ocr_line' id='line_1_16' title="bbox 78 1643 1542 1714; baseline -0.003 -14"><span class='ocrx_word' id='word_1_195' title='bbox 78 1659 120 1700; x_wconf 88' lang='lat' dir='ltr'><strong>nos</strong></span> <span class='ocrx_word' id='word_1_196' title='bbox 136 1643 175 1700; x_wconf 91' lang='lat' dir='ltr'><strong>ibi</strong></span> <span class='ocrx_word' id='word_1_197' title='bbox 194 1643 341 1712; x_wconf 83' lang='lat' dir='ltr'><strong>repositos,</strong></span> <span class='ocrx_word' id='word_1_198' title='bbox 358 1647 391 1698; x_wconf 87' lang='lat' dir='ltr'><strong>ut</strong></span> <span class='ocrx_word' id='word_1_199' title='bbox 408 1643 495 1698; x_wconf 89' lang='lat' dir='ltr'><strong>mutui</strong></span> <span class='ocrx_word' id='word_1_200' title='bbox 513 1643 651 1713; x_wconf 89' lang='lat' dir='ltr'><strong>darentur,</strong></span> <span class='ocrx_word' id='word_1_201' title='bbox 669 1658 725 1698; x_wconf 93' lang='lat' dir='ltr'><strong>non</strong></span> <span class='ocrx_word' id='word_1_202' title='bbox 743 1658 804 1699; x_wconf 87' lang='lat' dir='ltr'><strong>esse</strong></span> <span class='ocrx_word' id='word_1_203' title='bbox 822 1644 929 1714; x_wconf 80' lang='lat' dir='ltr'><strong>legatos</strong></span> <span class='ocrx_word' id='word_1_204' title='bbox 946 1644 1077 1700; x_wconf 82' lang='lat' dir='ltr'><strong>Proculae</strong></span> <span class='ocrx_word' id='word_1_205' title='bbox 1096 1643 1147 1698; x_wconf 90' lang='lat' dir='ltr'><strong>ait:</strong></span> <span class='ocrx_word' id='word_1_206' title='bbox 1165 1649 1195 1698; x_wconf 86' lang='lat' dir='ltr'><strong>at</strong></span> <span class='ocrx_word' id='word_1_207' title='bbox 1207 1646 1271 1698; x_wconf 87' lang='lat' dir='ltr'><strong>eos¹</strong></span> <span class='ocrx_word' id='word_1_208' title='bbox 1284 1658 1354 1713; x_wconf 89' lang='lat' dir='ltr'><strong>quos</strong></span> <span class='ocrx_word' id='word_1_209' title='bbox 1366 1643 1495 1712; x_wconf 88' lang='lat' dir='ltr'><strong>praesidii</strong></span> <span class='ocrx_word' id='word_1_210' title='bbox 1514 1655 1542 1696; x_wconf 88' lang='lat' dir='ltr'><strong>rs</strong></span> 
     </span>
     <span class='ocr_line' id='line_1_17' title="bbox 78 1730 1575 1804; baseline -0.003 -14"><span class='ocrx_word' id='word_1_211' title='bbox 78 1748 144 1790; x_wconf 76' lang='lat' dir='ltr'><strong>cusa</strong></span> <span class='ocrx_word' id='word_1_212' title='bbox 155 1733 293 1804; x_wconf 84' lang='lat' dir='ltr'><strong>repositos</strong></span> <span class='ocrx_word' id='word_1_213' title='bbox 304 1730 395 1800; x_wconf 82' lang='lat' dir='ltr'><strong>habet,</strong></span> <span class='ocrx_word' id='word_1_214' title='bbox 414 1737 445 1786; x_wconf 93' lang='lat' dir='ltr'><strong>ut</strong></span> <span class='ocrx_word' id='word_1_215' title='bbox 456 1731 567 1802; x_wconf 79' lang='lat' dir='ltr'><strong>quidem</strong></span> <span class='ocrx_word' id='word_1_216' title='bbox 579 1731 658 1788; x_wconf 88' lang='lat' dir='ltr'><strong>bellis</strong></span> <span class='ocrx_word' id='word_1_217' title='bbox 670 1731 796 1788; x_wconf 88' lang='lat' dir='ltr'><strong>ciuilibus</strong></span> <span class='ocrx_word' id='word_1_218' title='bbox 808 1731 988 1802; x_wconf 74' lang='lat' dir='ltr'><strong>lectitassent,</strong></span> <span class='ocrx_word' id='word_1_219' title='bbox 1001 1748 1049 1788; x_wconf 89' lang='lat' dir='ltr'><strong>eos</strong></span> <span class='ocrx_word' id='word_1_220' title='bbox 1060 1733 1150 1801; x_wconf 79' lang='lat' dir='ltr'><strong>legato</strong></span> <span class='ocrx_word' id='word_1_221' title='bbox 1163 1733 1303 1788; x_wconf 88' lang='lat' dir='ltr'><strong>contineri.</strong></span> <span class='ocrx_word' id='word_1_222' title='bbox 1331 1737 1359 1786; x_wconf 91' lang='lat' dir='ltr'><strong>et</strong></span> <span class='ocrx_word' id='word_1_223' title='bbox 1370 1730 1494 1802; x_wconf 72' lang='lat' dir='ltr'><strong>auidiesc</strong></span> <span class='ocrx_word' id='word_1_224' title='bbox 1511 1739 1528 1786; x_wconf 88' lang='lat' dir='ltr'><strong>i.</strong></span> <span class='ocrx_word' id='word_1_225' title='bbox 1538 1737 1575 1786; x_wconf 73' lang='grc' dir='ltr'>ιν</span> 
     </span>
     <span class='ocr_line' id='line_1_18' title="bbox 79 1819 1493 1892; baseline -0.001 -15"><span class='ocrx_word' id='word_1_226' title='bbox 79 1823 232 1878; x_wconf 78' lang='lat' dir='ltr'><strong>temelicos</strong></span> <span class='ocrx_word' id='word_1_227' title='bbox 255 1834 337 1876; x_wconf 88' lang='lat' dir='ltr'><strong>senes</strong></span> <span class='ocrx_word' id='word_1_228' title='bbox 358 1820 398 1874; x_wconf 78' lang='lat' dir='ltr'><strong>ita</strong></span> <span class='ocrx_word' id='word_1_229' title='bbox 418 1819 541 1876; x_wconf 89' lang='lat' dir='ltr'><strong>dicentes</strong></span> <span class='ocrx_word' id='word_1_230' title='bbox 558 1821 702 1891; x_wconf 83' lang='lat' dir='ltr'><strong>pecuniam</strong></span> <span class='ocrx_word' id='word_1_231' title='bbox 721 1821 780 1876; x_wconf 88' lang='lat' dir='ltr'><strong>sine</strong></span> <span class='ocrx_word' id='word_1_232' title='bbox 797 1822 904 1891; x_wconf 89' lang='lat' dir='ltr'><strong>peculio</strong></span> <span class='ocrx_word' id='word_1_233' title='bbox 923 1821 1046 1892; x_wconf 78' lang='lat' dir='ltr'><strong>fragilem</strong></span> <span class='ocrx_word' id='word_1_234' title='bbox 1064 1835 1138 1890; x_wconf 85' lang='lat' dir='ltr'><strong>esee,</strong></span> <span class='ocrx_word' id='word_1_235' title='bbox 1161 1821 1298 1890; x_wconf 88' lang='lat' dir='ltr'><strong>peculium</strong></span> <span class='ocrx_word' id='word_1_236' title='bbox 1316 1821 1493 1892; x_wconf 82' lang='lat' dir='ltr'><strong>appellantes,</strong></span> 
     </span>
     <span class='ocr_line' id='line_1_19' title="bbox 60 1909 1493 1982; baseline 0.003 -20"><span class='ocrx_word' id='word_1_237' title='bbox 60 1911 134 1982; x_wconf 83' lang='lat' dir='ltr'><strong>rqrod</strong></span> <span class='ocrx_word' id='word_1_238' title='bbox 153 1909 288 1981; x_wconf 85' lang='lat' dir='ltr'><strong>praesidii</strong></span> <span class='ocrx_word' id='word_1_239' title='bbox 310 1923 395 1964; x_wconf 89' lang='lat' dir='ltr'><strong>causa</strong></span> <span class='ocrx_word' id='word_1_240' title='bbox 418 1913 603 1980; x_wconf 80' lang='lat' dir='ltr'><strong>reponeretur.</strong></span> <span class='ocrx_word' id='word_1_241' title='bbox 639 1909 715 1964; x_wconf 84' lang='lat' dir='ltr'><strong>Area</strong></span> <span class='ocrx_word' id='word_1_242' title='bbox 736 1909 828 1980; x_wconf 80' lang='lat' dir='ltr'><strong>legata</strong></span> <span class='ocrx_word' id='word_1_243' title='bbox 850 1911 874 1964; x_wconf 92' lang='lat' dir='ltr'><strong>si</strong></span> <span class='ocrx_word' id='word_1_244' title='bbox 896 1909 1069 1966; x_wconf 76' lang='lat' dir='ltr'><strong>inaedificata</strong></span> <span class='ocrx_word' id='word_1_245' title='bbox 1090 1909 1181 1964; x_wconf 92' lang='lat' dir='ltr'><strong>medio</strong></span> <span class='ocrx_word' id='word_1_246' title='bbox 1204 1916 1327 1980; x_wconf 86' lang='lat' dir='ltr'><strong>tempore</strong></span> <span class='ocrx_word' id='word_1_247' title='bbox 1345 1909 1427 1966; x_wconf 78' lang='lat' dir='ltr'><strong>buerit</strong></span> <span class='ocrx_word' id='word_1_248' title='bbox 1443 1912 1493 1966; x_wconf 79' lang='lat' dir='ltr'><strong>ao¹</strong></span> 
     </span>
     <span class='ocr_line' id='line_1_20' title="bbox 61 1997 1493 2072; baseline 0.004 -22"><span class='ocrx_word' id='word_1_249' title='bbox 61 2006 153 2056; x_wconf 78' lang='lat' dir='ltr'><strong>trusus</strong></span> <span class='ocrx_word' id='word_1_250' title='bbox 175 2015 244 2054; x_wconf 84' lang='lat' dir='ltr'><strong>area</strong></span> <span class='ocrx_word' id='word_1_251' title='bbox 264 1997 315 2068; x_wconf 87' lang='lat' dir='ltr'><strong>eit,</strong></span> <span class='ocrx_word' id='word_1_252' title='bbox 338 2012 503 2068; x_wconf 80' lang='lat' dir='ltr'><strong>quamquam</strong></span> <span class='ocrx_word' id='word_1_253' title='bbox 526 1998 668 2068; x_wconf 89' lang='lat' dir='ltr'><strong>tunopeti</strong></span> <span class='ocrx_word' id='word_1_254' title='bbox 686 2003 879 2070; x_wconf 79' lang='lat' dir='ltr'><strong>conpeteret,</strong></span> <span class='ocrx_word' id='word_1_255' title='bbox 903 2014 975 2054; x_wconf 87' lang='lat' dir='ltr'><strong>nuno</strong></span> <span class='ocrx_word' id='word_1_256' title='bbox 992 2005 1085 2054; x_wconf 87' lang='lat' dir='ltr'><strong>tamen</strong></span> <span class='ocrx_word' id='word_1_257' title='bbox 1103 1998 1227 2054; x_wconf 88' lang='lat' dir='ltr'><strong>debetur.</strong></span> <span class='ocrx_word' id='word_1_258' title='bbox 1264 1997 1367 2054; x_wconf 86' lang='lat' dir='ltr'><strong>Seruus</strong></span> <span class='ocrx_word' id='word_1_259' title='bbox 1384 2014 1493 2072; x_wconf 91' lang='lat' dir='ltr'><strong>quoque</strong></span> 
     </span>
     <span class='ocr_line' id='line_1_21' title="bbox 80 2086 1540 2159; baseline -0.003 -16"><span class='ocrx_word' id='word_1_260' title='bbox 80 2089 166 2159; x_wconf 72' lang='lat' dir='ltr'><strong>legams</strong></span> <span class='ocrx_word' id='word_1_261' title='bbox 183 2089 209 2144; x_wconf 90' lang='lat' dir='ltr'><strong>si</strong></span> <span class='ocrx_word' id='word_1_262' title='bbox 228 2088 338 2144; x_wconf 88' lang='lat' dir='ltr'><strong>interim</strong></span> <span class='ocrx_word' id='word_1_263' title='bbox 356 2088 564 2144; x_wconf 85' lang='lat' dir='ltr'><strong>manumittatur</strong></span> <span class='ocrx_word' id='word_1_264' title='bbox 581 2091 609 2142; x_wconf 89' lang='lat' dir='ltr'><strong>et</strong></span> <span class='ocrx_word' id='word_1_265' title='bbox 626 2092 724 2158; x_wconf 89' lang='lat' dir='ltr'><strong>postea</strong></span> <span class='ocrx_word' id='word_1_266' title='bbox 741 2102 838 2144; x_wconf 88' lang='lat' dir='ltr'><strong>seruus</strong></span> <span class='ocrx_word' id='word_1_267' title='bbox 855 2086 946 2144; x_wconf 86' lang='lat' dir='ltr'><strong>iactus</strong></span> <span class='ocrx_word' id='word_1_268' title='bbox 964 2089 1008 2158; x_wconf 90' lang='lat' dir='ltr'><strong>sit,</strong></span> <span class='ocrx_word' id='word_1_269' title='bbox 1026 2088 1083 2158; x_wconf 90' lang='lat' dir='ltr'><strong>peti</strong></span> <span class='ocrx_word' id='word_1_270' title='bbox 1100 2093 1200 2157; x_wconf 83' lang='lat' dir='ltr'><strong>potest</strong></span> <span class='ocrx_word' id='word_1_271' title='bbox 1511 2095 1540 2138; x_wconf 84' lang='lat' dir='ltr'><strong>ao</strong></span> 
     </span>
     <span class='ocr_line' id='line_1_22' title="bbox 50 2171 1538 2260; baseline 0.002 -29"><span class='ocrx_word' id='word_1_272' title='bbox 50 2171 73 2230; x_wconf 78' lang='lat' dir='ltr'><strong>dl</strong></span> <span class='ocrx_word' id='word_1_273' title='bbox 116 2177 189 2232; x_wconf 84' lang='grc' dir='ltr'>Ιιιιιιι</span> <span class='ocrx_word' id='word_1_274' title='bbox 212 2175 284 2232; x_wconf 92' lang='lat' dir='ltr'><strong>libro</strong></span> <span class='ocrx_word' id='word_1_275' title='bbox 307 2177 448 2246; x_wconf 80' lang='lat' dir='ltr'><strong>trigesimo</strong></span> <span class='ocrx_word' id='word_1_276' title='bbox 471 2177 567 2247; x_wconf 89' lang='lat' dir='ltr'><strong>quinto</strong></span> <span class='ocrx_word' id='word_1_277' title='bbox 591 2177 768 2247; x_wconf 78' lang='lat' dir='ltr'><strong>digestorum.</strong></span> <span class='ocrx_word' id='word_1_278' title='bbox 805 2176 976 2234; x_wconf 83' lang='lat' dir='ltr'><strong>Coniunctim</strong></span> <span class='ocrx_word' id='word_1_279' title='bbox 1000 2175 1114 2232; x_wconf 88' lang='lat' dir='ltr'><strong>heredes</strong></span> <span class='ocrx_word' id='word_1_280' title='bbox 1136 2177 1242 2232; x_wconf 87' lang='lat' dir='ltr'><strong>institui</strong></span> <span class='ocrx_word' id='word_1_281' title='bbox 1265 2181 1313 2232; x_wconf 88' lang='lat' dir='ltr'><strong>aut</strong></span> <span class='ocrx_word' id='word_1_282' title='bbox 1336 2172 1492 2260; x_wconf 58' lang='lat' dir='ltr'><strong>[W</strong></span> <span class='ocrx_word' id='word_1_283' title='bbox 1510 2179 1538 2234; x_wconf 85' lang='grc' dir='ltr'><em>Ε</em></span> 
     </span>
     <span class='ocr_line' id='line_1_23' title="bbox 83 2253 1491 2336; baseline 0 -14"><span class='ocrx_word' id='word_1_284' title='bbox 83 2266 226 2322; x_wconf 80' lang='lat' dir='ltr'><strong>oriunctirn</strong></span> <span class='ocrx_word' id='word_1_285' title='bbox 243 2265 332 2335; x_wconf 75' lang='lat' dir='ltr'><strong>legari</strong></span> <span class='ocrx_word' id='word_1_286' title='bbox 349 2265 401 2322; x_wconf 88' lang='lat' dir='ltr'><strong>boc</strong></span> <span class='ocrx_word' id='word_1_287' title='bbox 419 2271 474 2322; x_wconf 90' lang='lat' dir='ltr'><strong>eet:</strong></span> <span class='ocrx_word' id='word_1_288' title='bbox 493 2269 580 2322; x_wconf 87' lang='lat' dir='ltr'><strong>totam</strong></span> <span class='ocrx_word' id='word_1_289' title='bbox 598 2265 776 2322; x_wconf 74' lang='lat' dir='ltr'><strong>hereditatem</strong></span> <span class='ocrx_word' id='word_1_290' title='bbox 791 2271 820 2321; x_wconf 90' lang='lat' dir='ltr'><strong>ct</strong></span> <span class='ocrx_word' id='word_1_291' title='bbox 830 2271 890 2322; x_wconf 87' lang='lat' dir='ltr'><strong>tota</strong></span> <span class='ocrx_word' id='word_1_292' title='bbox 901 2267 993 2336; x_wconf 76' lang='lat' dir='ltr'><strong>legam</strong></span> <span class='ocrx_word' id='word_1_293' title='bbox 1003 2265 1117 2336; x_wconf 83' lang='lat' dir='ltr'><strong>singulis</strong></span> <span class='ocrx_word' id='word_1_294' title='bbox 1129 2265 1196 2320; x_wconf 87' lang='lat' dir='ltr'><strong>data</strong></span> <span class='ocrx_word' id='word_1_295' title='bbox 1207 2279 1277 2336; x_wconf 89' lang='lat' dir='ltr'><strong>esse,</strong></span> <span class='ocrx_word' id='word_1_296' title='bbox 1295 2253 1491 2335; x_wconf 53' lang='lat' dir='ltr'><strong>pmeilisrcffi</strong></span> 
     </span>
     <span class='ocr_line' id='line_1_24' title="bbox 84 2352 281 2411; baseline -0.01 0"><span class='ocrx_word' id='word_1_297' title='bbox 84 2370 193 2411; x_wconf 78' lang='lat' dir='ltr'><strong>uumrsu</strong></span> <span class='ocrx_word' id='word_1_298' title='bbox 211 2352 281 2410; x_wconf 79' lang='lat' dir='ltr'><strong>lieri.</strong></span> 
     </span>
     <span class='ocr_line' id='line_1_25' title="bbox 53 2437 1537 2525; baseline 0.004 -29"><span class='ocrx_word' id='word_1_299' title='bbox 53 2437 75 2496; x_wconf 84' lang='lat' dir='ltr'><strong>tl</strong></span> <span class='ocrx_word' id='word_1_300' title='bbox 120 2444 308 2500; x_wconf 73' lang='lat' dir='ltr'><strong>Xonmrmue</strong></span> <span class='ocrx_word' id='word_1_301' title='bbox 324 2441 393 2499; x_wconf 88' lang='lat' dir='ltr'><strong>bbro</strong></span> <span class='ocrx_word' id='word_1_302' title='bbox 411 2458 483 2500; x_wconf 89' lang='lat' dir='ltr'><strong>nono</strong></span> <span class='ocrx_word' id='word_1_303' title='bbox 501 2443 723 2500; x_wconf 69' lang='lat' dir='ltr'><strong>differentiarum.</strong></span> <span class='ocrx_word' id='word_1_304' title='bbox 751 2443 844 2500; x_wconf 83' lang='lat' dir='ltr'><strong>Seruis</strong></span> <span class='ocrx_word' id='word_1_305' title='bbox 861 2443 960 2514; x_wconf 77' lang='lat' dir='ltr'><strong>legatis</strong></span> <span class='ocrx_word' id='word_1_306' title='bbox 978 2444 1060 2500; x_wconf 90' lang='lat' dir='ltr'><strong>etiam</strong></span> <span class='ocrx_word' id='word_1_307' title='bbox 1078 2442 1190 2500; x_wconf 87' lang='lat' dir='ltr'><strong>ancillas</strong></span> <span class='ocrx_word' id='word_1_308' title='bbox 1205 2441 1316 2514; x_wconf 88' lang='lat' dir='ltr'><strong>quidum</strong></span> <span class='ocrx_word' id='word_1_309' title='bbox 1349 2437 1491 2525; x_wconf 56' lang='lat' dir='ltr'><em>Q</em></span> <span class='ocrx_word' id='word_1_310' title='bbox 1509 2447 1537 2502; x_wconf 79' lang='lat' dir='ltr'><strong>li</strong></span> 
     </span>
     <span class='ocr_line' id='line_1_26' title="bbox 87 2530 1538 2603; baseline -0.004 -14"><span class='ocrx_word' id='word_1_311' title='bbox 87 2530 155 2589; x_wconf 86' lang='lat' dir='ltr'><strong>deberi</strong></span> <span class='ocrx_word' id='word_1_312' title='bbox 170 2537 245 2589; x_wconf 86' lang='lat' dir='ltr'><strong>recte</strong></span> <span class='ocrx_word' id='word_1_313' title='bbox 262 2536 372 2603; x_wconf 83' lang='lat' dir='ltr'><strong>putant,</strong></span> <span class='ocrx_word' id='word_1_314' title='bbox 389 2532 468 2602; x_wconf 88' lang='lat' dir='ltr'><strong>quasi</strong></span> <span class='ocrx_word' id='word_1_315' title='bbox 486 2547 630 2588; x_wconf 89' lang='lat' dir='ltr'><strong>commune</strong></span> <span class='ocrx_word' id='word_1_316' title='bbox 647 2547 746 2588; x_wconf 91' lang='lat' dir='ltr'><strong>nomen</strong></span> <span class='ocrx_word' id='word_1_317' title='bbox 763 2537 908 2602; x_wconf 89' lang='lat' dir='ltr'><strong>utrumque</strong></span> <span class='ocrx_word' id='word_1_318' title='bbox 920 2547 1016 2588; x_wconf 86' lang='lat' dir='ltr'><strong>serum</strong></span> <span class='ocrx_word' id='word_1_319' title='bbox 1029 2533 1180 2590; x_wconf 74' lang='lat' dir='ltr'><strong>conducat:</strong></span> <span class='ocrx_word' id='word_1_320' title='bbox 1199 2533 1303 2588; x_wconf 85' lang='lat' dir='ltr'><strong>aucillis</strong></span> <span class='ocrx_word' id='word_1_321' title='bbox 1315 2547 1382 2588; x_wconf 86' lang='lat' dir='ltr'><strong>uero</strong></span> <span class='ocrx_word' id='word_1_322' title='bbox 1394 2533 1491 2602; x_wconf 81' lang='lat' dir='ltr'><strong>legatis</strong></span> <span class='ocrx_word' id='word_1_323' title='bbox 1510 2543 1538 2584; x_wconf 86' lang='lat' dir='ltr'><strong>ss</strong></span> 
     </span>
     <span class='ocr_line' id='line_1_27' title="bbox 89 2620 1490 2692; baseline -0.001 -14"><span class='ocrx_word' id='word_1_324' title='bbox 89 2621 196 2678; x_wconf 78' lang='lat' dir='ltr'><strong>nummos</strong></span> <span class='ocrx_word' id='word_1_325' title='bbox 219 2635 276 2676; x_wconf 88' lang='lat' dir='ltr'><strong>non</strong></span> <span class='ocrx_word' id='word_1_326' title='bbox 298 2620 392 2676; x_wconf 90' lang='lat' dir='ltr'><strong>deberi</strong></span> <span class='ocrx_word' id='word_1_327' title='bbox 415 2635 494 2678; x_wconf 92' lang='lat' dir='ltr'><strong>nemo</strong></span> <span class='ocrx_word' id='word_1_328' title='bbox 518 2621 634 2678; x_wconf 88' lang='lat' dir='ltr'><strong>dubitat.</strong></span> <span class='ocrx_word' id='word_1_329' title='bbox 667 2621 733 2676; x_wconf 85' lang='lat' dir='ltr'><strong>sed⁸</strong></span> <span class='ocrx_word' id='word_1_330' title='bbox 750 2622 842 2691; x_wconf 87' lang='lat' dir='ltr'><strong>pueris</strong></span> <span class='ocrx_word' id='word_1_331' title='bbox 860 2622 958 2690; x_wconf 83' lang='lat' dir='ltr'><strong>legatie</strong></span> <span class='ocrx_word' id='word_1_332' title='bbox 976 2623 1059 2678; x_wconf 86' lang='lat' dir='ltr'><strong>otiam</strong></span> <span class='ocrx_word' id='word_1_333' title='bbox 1076 2622 1183 2692; x_wconf 89' lang='lat' dir='ltr'><strong>puellae</strong></span> <span class='ocrx_word' id='word_1_334' title='bbox 1201 2620 1349 2676; x_wconf 87' lang='lat' dir='ltr'><strong>debentur:</strong></span> <span class='ocrx_word' id='word_1_335' title='bbox 1373 2621 1419 2676; x_wconf 83' lang='lat' dir='ltr'><strong>id⁴</strong></span> <span class='ocrx_word' id='word_1_336' title='bbox 1436 2635 1490 2676; x_wconf 88' lang='lat' dir='ltr'><strong>non</strong></span> 
     </span>
     <span class='ocr_line' id='line_1_28' title="bbox 72 2709 1490 2782; baseline 0.004 -22"><span class='ocrx_word' id='word_1_337' title='bbox 72 2717 152 2780; x_wconf 77' lang='lat' dir='ltr'><strong>ireque</strong></span> <span class='ocrx_word' id='word_1_338' title='bbox 166 2711 195 2766; x_wconf 89' lang='lat' dir='ltr'><strong>in</strong></span> <span class='ocrx_word' id='word_1_339' title='bbox 210 2710 310 2781; x_wconf 89' lang='lat' dir='ltr'><strong>puellis</strong></span> <span class='ocrx_word' id='word_1_340' title='bbox 327 2725 427 2780; x_wconf 88' lang='lat' dir='ltr'><strong>pueros</strong></span> <span class='ocrx_word' id='word_1_341' title='bbox 445 2711 577 2767; x_wconf 89' lang='lat' dir='ltr'><strong>contineri</strong></span> <span class='ocrx_word' id='word_1_342' title='bbox 595 2709 739 2766; x_wconf 74' lang='lat' dir='ltr'><strong>urendum</strong></span> <span class='ocrx_word' id='word_1_343' title='bbox 758 2715 809 2766; x_wconf 86' lang='lat' dir='ltr'><strong>eet.</strong></span> <span class='ocrx_word' id='word_1_344' title='bbox 836 2710 994 2766; x_wconf 82' lang='lat' dir='ltr'><strong>Melioribus</strong></span> <span class='ocrx_word' id='word_1_345' title='bbox 1012 2725 1078 2766; x_wconf 88' lang='lat' dir='ltr'><strong>uero</strong></span> <span class='ocrx_word' id='word_1_346' title='bbox 1095 2711 1193 2782; x_wconf 81' lang='lat' dir='ltr'><strong>legatis</strong></span> <span class='ocrx_word' id='word_1_347' title='bbox 1212 2711 1293 2766; x_wconf 87' lang='lat' dir='ltr'><strong>otiam</strong></span> <span class='ocrx_word' id='word_1_348' title='bbox 1310 2711 1431 2780; x_wconf 75' lang='lat' dir='ltr'><strong>uirgines</strong></span> <span class='ocrx_word' id='word_1_349' title='bbox 1444 2710 1490 2766; x_wconf 91' lang='lat' dir='ltr'><strong>de·</strong></span> 
     </span>
     <span class='ocr_line' id='line_1_29' title="bbox 73 2796 1492 2870; baseline 0.003 -20"><span class='ocrx_word' id='word_1_350' title='bbox 73 2796 174 2869; x_wconf 74' lang='lat' dir='ltr'><strong>tunm,</strong></span> <span class='ocrx_word' id='word_1_351' title='bbox 196 2799 278 2855; x_wconf 90' lang='lat' dir='ltr'><strong>sicuti</strong></span> <span class='ocrx_word' id='word_1_352' title='bbox 302 2799 369 2856; x_wconf 87' lang='lat' dir='ltr'><strong>uiris</strong></span> <span class='ocrx_word' id='word_1_353' title='bbox 391 2799 489 2869; x_wconf 74' lang='lat' dir='ltr'><strong>legetis</strong></span> <span class='ocrx_word' id='word_1_354' title='bbox 511 2801 593 2856; x_wconf 89' lang='lat' dir='ltr'><strong>etiam</strong></span> <span class='ocrx_word' id='word_1_355' title='bbox 611 2815 711 2869; x_wconf 87' lang='lat' dir='ltr'><strong>pueros</strong></span> <span class='ocrx_word' id='word_1_356' title='bbox 729 2798 822 2855; x_wconf 90' lang='lat' dir='ltr'><strong>deberi</strong></span> <span class='ocrx_word' id='word_1_357' title='bbox 841 2799 1029 2870; x_wconf 87' lang='lat' dir='ltr'><strong>respondetur.</strong></span> <span class='ocrx_word' id='word_1_358' title='bbox 1066 2800 1219 2856; x_wconf 88' lang='lat' dir='ltr'><strong>Pecudibus</strong></span> <span class='ocrx_word' id='word_1_359' title='bbox 1237 2805 1329 2856; x_wconf 84' lang='lat' dir='ltr'><strong>eutem</strong></span> <span class='ocrx_word' id='word_1_360' title='bbox 1347 2800 1445 2870; x_wconf 80' lang='lat' dir='ltr'><strong>legatis</strong></span> <span class='ocrx_word' id='word_1_361' title='bbox 1463 2805 1492 2855; x_wconf 89' lang='lat' dir='ltr'><strong>et</strong></span> 
     </span>
     <span class='ocr_line' id='line_1_30' title="bbox 75 2883 1491 2959; baseline 0.003 -17"><span class='ocrx_word' id='word_1_362' title='bbox 75 2883 153 2943; x_wconf 80' lang='lat' dir='ltr'><strong>tiores</strong></span> <span class='ocrx_word' id='word_1_363' title='bbox 171 2893 199 2944; x_wconf 88' lang='lat' dir='ltr'><strong>et</strong></span> <span class='ocrx_word' id='word_1_364' title='bbox 219 2893 313 2944; x_wconf 84' lang='lat' dir='ltr'><strong>cetera</strong></span> <span class='ocrx_word' id='word_1_365' title='bbox 333 2889 455 2944; x_wconf 81' lang='lat' dir='ltr'><strong>iumento</strong></span> <span class='ocrx_word' id='word_1_366' title='bbox 472 2888 653 2945; x_wconf 84' lang='lat' dir='ltr'><strong>continentur.</strong></span> <span class='ocrx_word' id='word_1_367' title='bbox 684 2888 817 2944; x_wconf 79' lang='lat' dir='ltr'><strong>Armenio</strong></span> <span class='ocrx_word' id='word_1_368' title='bbox 836 2893 928 2944; x_wconf 88' lang='lat' dir='ltr'><strong>autem</strong></span> <span class='ocrx_word' id='word_1_369' title='bbox 945 2889 1038 2959; x_wconf 77' lang='lat' dir='ltr'><strong>legato</strong></span> <span class='ocrx_word' id='word_1_370' title='bbox 1056 2889 1138 2946; x_wconf 88' lang='lat' dir='ltr'><strong>etiam</strong></span> <span class='ocrx_word' id='word_1_371' title='bbox 1156 2889 1258 2946; x_wconf 73' lang='lat' dir='ltr'><strong>boues*</strong></span> <span class='ocrx_word' id='word_1_372' title='bbox 1277 2889 1410 2946; x_wconf 84' lang='lat' dir='ltr'><strong>contineri</strong></span> <span class='ocrx_word' id='word_1_373' title='bbox 1427 2905 1491 2946; x_wconf 90' lang='lat' dir='ltr'><strong>con·</strong></span> 
     </span>
     <span class='ocr_line' id='line_1_31' title="bbox 76 2975 1538 3050; baseline 0.001 -18"><span class='ocrx_word' id='word_1_374' title='bbox 76 2975 156 3047; x_wconf 80' lang='lat' dir='ltr'><strong>tuerit,</strong></span> <span class='ocrx_word' id='word_1_375' title='bbox 176 2992 228 3034; x_wconf 89' lang='lat' dir='ltr'><strong>nou</strong></span> <span class='ocrx_word' id='word_1_376' title='bbox 250 2978 335 3032; x_wconf 87' lang='lat' dir='ltr'><strong>etiarn</strong></span> <span class='ocrx_word' id='word_1_377' title='bbox 358 2991 458 3048; x_wconf 72' lang='lat' dir='ltr'><strong>greges</strong></span> <span class='ocrx_word' id='word_1_378' title='bbox 479 2977 572 3034; x_wconf 90' lang='lat' dir='ltr'><strong>ouium</strong></span> <span class='ocrx_word' id='word_1_379' title='bbox 597 2983 625 3034; x_wconf 88' lang='lat' dir='ltr'><strong>et</strong></span> <span class='ocrx_word' id='word_1_380' title='bbox 647 2991 798 3048; x_wconf 89' lang='lat' dir='ltr'><strong>caprarum.</strong></span> <span class='ocrx_word' id='word_1_381' title='bbox 835 2976 939 3034; x_wconf 89' lang='lat' dir='ltr'><strong>Ouibus</strong></span> <span class='ocrx_word' id='word_1_382' title='bbox 956 2978 1055 3047; x_wconf 80' lang='lat' dir='ltr'><strong>legatis</strong></span> <span class='ocrx_word' id='word_1_383' title='bbox 1073 2993 1162 3048; x_wconf 89' lang='lat' dir='ltr'><strong>neque</strong></span> <span class='ocrx_word' id='word_1_384' title='bbox 1180 2993 1267 3050; x_wconf 81' lang='lat' dir='ltr'><strong>agnos</strong></span> <span class='ocrx_word' id='word_1_385' title='bbox 1285 2993 1374 3049; x_wconf 89' lang='lat' dir='ltr'><strong>neque</strong></span> <span class='ocrx_word' id='word_1_386' title='bbox 1391 2979 1491 3034; x_wconf 89' lang='lat' dir='ltr'><strong>arietes</strong></span> <span class='ocrx_word' id='word_1_387' title='bbox 1509 2987 1538 3030; x_wconf 73' lang='lat' dir='ltr'><strong>to</strong></span> 
     </span>
     <span class='ocr_line' id='line_1_32' title="bbox 77 3065 1491 3138; baseline 0.001 -16"><span class='ocrx_word' id='word_1_388' title='bbox 77 3066 193 3122; x_wconf 71' lang='lat' dir='ltr'><strong>iocineri</strong></span> <span class='ocrx_word' id='word_1_389' title='bbox 214 3066 327 3137; x_wconf 77' lang='lat' dir='ltr'><strong>quidem</strong></span> <span class='ocrx_word' id='word_1_390' title='bbox 348 3069 423 3122; x_wconf 89' lang='lat' dir='ltr'><strong>recte</strong></span> <span class='ocrx_word' id='word_1_391' title='bbox 446 3065 612 3122; x_wconf 83' lang='lat' dir='ltr'><strong>existimant</strong></span> <span class='ocrx_word' id='word_1_392' title='bbox 648 3067 746 3123; x_wconf 89' lang='lat' dir='ltr'><strong>Ouium</strong></span> <span class='ocrx_word' id='word_1_393' title='bbox 771 3080 837 3122; x_wconf 91' lang='lat' dir='ltr'><strong>uero</strong></span> <span class='ocrx_word' id='word_1_394' title='bbox 860 3081 945 3136; x_wconf 76' lang='lat' dir='ltr'><strong>grege</strong></span> <span class='ocrx_word' id='word_1_395' title='bbox 967 3067 1059 3137; x_wconf 78' lang='lat' dir='ltr'><strong>legato</strong></span> <span class='ocrx_word' id='word_1_396' title='bbox 1083 3073 1111 3124; x_wconf 90' lang='lat' dir='ltr'><strong>et</strong></span> <span class='ocrx_word' id='word_1_397' title='bbox 1129 3067 1228 3124; x_wconf 88' lang='lat' dir='ltr'><strong>arietes</strong></span> <span class='ocrx_word' id='word_1_398' title='bbox 1246 3071 1379 3138; x_wconf 76' lang='lat' dir='ltr'><strong>stagneo</strong></span> <span class='ocrx_word' id='word_1_399' title='bbox 1397 3067 1491 3124; x_wconf 90' lang='lat' dir='ltr'><strong>deberi</strong></span> 
     </span>
     <span class='ocr_line' id='line_1_33' title="bbox 98 3154 275 3212; baseline 0.023 -4"><span class='ocrx_word' id='word_1_400' title='bbox 98 3166 151 3210; x_wconf 84' lang='lat' dir='ltr'><strong>neno</strong></span> <span class='ocrx_word' id='word_1_401' title='bbox 164 3154 275 3212; x_wconf 82' lang='lat' dir='ltr'><strong>dubitat.</strong></span> 
     </span>
     <span class='ocr_line' id='line_1_34' title="bbox 64 3229 1535 3328; baseline 0.005 -31"><span class='ocrx_word' id='word_1_402' title='bbox 64 3229 89 3289; x_wconf 60' lang='grc' dir='ltr'><strong>Μ</strong></span> <span class='ocrx_word' id='word_1_403' title='bbox 132 3242 193 3299; x_wconf 79' lang='lat' dir='ltr'><strong>bru</strong></span> <span class='ocrx_word' id='word_1_404' title='bbox 207 3244 276 3300; x_wconf 94' lang='lat' dir='ltr'><strong>libro</strong></span> <span class='ocrx_word' id='word_1_405' title='bbox 294 3257 367 3300; x_wconf 88' lang='lat' dir='ltr'><strong>nono</strong></span> <span class='ocrx_word' id='word_1_406' title='bbox 385 3243 549 3314; x_wconf 78' lang='lat' dir='ltr'><strong>regularum.</strong></span> <span class='ocrx_word' id='word_1_407' title='bbox 577 3242 688 3312; x_wconf 86' lang='lat' dir='ltr'><strong>Seruus,</strong></span> <span class='ocrx_word' id='word_1_408' title='bbox 707 3243 754 3314; x_wconf 91' lang='lat' dir='ltr'><strong>qui</strong></span> <span class='ocrx_word' id='word_1_409' title='bbox 772 3243 799 3298; x_wconf 92' lang='lat' dir='ltr'><strong>in</strong></span> <span class='ocrx_word' id='word_1_410' title='bbox 817 3241 902 3300; x_wconf 85' lang='lat' dir='ltr'><strong>fundo</strong></span> <span class='ocrx_word' id='word_1_411' title='bbox 921 3243 1020 3302; x_wconf 84' lang='lat' dir='ltr'><strong>morari</strong></span> <span class='ocrx_word' id='word_1_412' title='bbox 1038 3244 1134 3300; x_wconf 90' lang='lat' dir='ltr'><strong>solitus</strong></span> <span class='ocrx_word' id='word_1_413' title='bbox 1152 3247 1219 3314; x_wconf 86' lang='lat' dir='ltr'><strong>erat,</strong></span> <span class='ocrx_word' id='word_1_414' title='bbox 1238 3244 1262 3298; x_wconf 92' lang='lat' dir='ltr'><strong>ei</strong></span> <span class='ocrx_word' id='word_1_415' title='bbox 1275 3241 1316 3300; x_wconf 85' lang='lat' dir='ltr'><strong>iu·</strong></span> <span class='ocrx_word' id='word_1_416' title='bbox 1334 3237 1490 3328; x_wconf 60' lang='lat' dir='ltr'><em>Q</em></span> <span class='ocrx_word' id='word_1_417' title='bbox 1507 3249 1535 3304; x_wconf 84' lang='lat' dir='ltr'><strong><em>E</em></strong></span> 
     </span>
     <span class='ocr_line' id='line_1_35' title="bbox 100 3329 1490 3406; baseline 0.001 -18"><span class='ocrx_word' id='word_1_418' title='bbox 100 3329 152 3400; x_wconf 66' lang='lat' dir='ltr'><strong>tuit,</strong></span> <span class='ocrx_word' id='word_1_419' title='bbox 164 3333 221 3388; x_wconf 90' lang='lat' dir='ltr'><strong>licet</strong></span> <span class='ocrx_word' id='word_1_420' title='bbox 236 3337 302 3404; x_wconf 85' lang='lat' dir='ltr'><strong>post</strong></span> <span class='ocrx_word' id='word_1_421' title='bbox 319 3338 434 3390; x_wconf 87' lang='lat' dir='ltr'><strong>mortem</strong></span> <span class='ocrx_word' id='word_1_422' title='bbox 451 3333 591 3390; x_wconf 87' lang='lat' dir='ltr'><strong>testatoris</strong></span> <span class='ocrx_word' id='word_1_423' title='bbox 603 3331 830 3404; x_wconf 88' lang='lat' dir='ltr'><strong>adprehendatur,</strong></span> <span class='ocrx_word' id='word_1_424' title='bbox 848 3331 934 3388; x_wconf 81' lang='lat' dir='ltr'><strong>iunco</strong></span> <span class='ocrx_word' id='word_1_425' title='bbox 945 3333 1046 3403; x_wconf 78' lang='lat' dir='ltr'><strong>legato,</strong></span> <span class='ocrx_word' id='word_1_426' title='bbox 1064 3337 1096 3388; x_wconf 92' lang='lat' dir='ltr'><strong>ut</strong></span> <span class='ocrx_word' id='word_1_427' title='bbox 1108 3333 1255 3390; x_wconf 84' lang='lat' dir='ltr'><strong>instructus</strong></span> <span class='ocrx_word' id='word_1_428' title='bbox 1267 3339 1318 3404; x_wconf 89' lang='lat' dir='ltr'><strong>eat,</strong></span> <span class='ocrx_word' id='word_1_429' title='bbox 1336 3335 1419 3390; x_wconf 82' lang='lat' dir='ltr'><strong>etism</strong></span> <span class='ocrx_word' id='word_1_430' title='bbox 1430 3335 1490 3406; x_wconf 87' lang='lat' dir='ltr'><strong>ipse</strong></span> 
     </span>
     <span class='ocr_line' id='line_1_36' title="bbox 100 3413 1537 3484; baseline -0.001 -9"><span class='ocrx_word' id='word_1_431' title='bbox 100 3413 161 3484; x_wconf 71' lang='lat' dir='ltr'><strong>bruto</strong></span> <span class='ocrx_word' id='word_1_432' title='bbox 176 3421 251 3478; x_wconf 87' lang='lat' dir='ltr'><strong>cedit.</strong></span> <span class='ocrx_word' id='word_1_433' title='bbox 1509 3433 1537 3475; x_wconf 83' lang='lat' dir='ltr'><strong>ss</strong></span> 
     </span>
     <span class='ocr_line' id='line_1_37' title="bbox 65 3493 1535 3582; baseline 0.007 -20"><span class='ocrx_word' id='word_1_434' title='bbox 65 3493 91 3554; x_wconf 63' lang='lat'><strong>&amp;3</strong></span> <span class='ocrx_word' id='word_1_435' title='bbox 135 3505 193 3566; x_wconf 81' lang='lat' dir='ltr'><strong>bns</strong></span> <span class='ocrx_word' id='word_1_436' title='bbox 207 3510 275 3566; x_wconf 90' lang='lat' dir='ltr'><strong>libro</strong></span> <span class='ocrx_word' id='word_1_437' title='bbox 293 3509 400 3566; x_wconf 90' lang='lat' dir='ltr'><strong>decimo</strong></span> <span class='ocrx_word' id='word_1_438' title='bbox 419 3525 619 3581; x_wconf 86' lang='lat' dir='ltr'><strong>responsorum.</strong></span> <span class='ocrx_word' id='word_1_439' title='bbox 647 3509 726 3577; x_wconf 81' lang='lat' dir='ltr'><strong>Quod</strong></span> <span class='ocrx_word' id='word_1_440' title='bbox 744 3509 786 3566; x_wconf 89' lang='lat' dir='ltr'><strong>bie</strong></span> <span class='ocrx_word' id='word_1_441' title='bbox 804 3509 896 3566; x_wconf 89' lang='lat' dir='ltr'><strong>uerbis</strong></span> <span class='ocrx_word' id='word_1_442' title='bbox 914 3510 1036 3566; x_wconf 86' lang='lat' dir='ltr'><strong>relictum</strong></span> <span class='ocrx_word' id='word_1_443' title='bbox 1054 3515 1110 3566; x_wconf 89' lang='lat' dir='ltr'><strong>eet:</strong></span> <span class='ocrx_word' id='word_1_444' title='bbox 1128 3509 1315 3582; x_wconf 88' lang='lat' dir='ltr'><strong>&#39;quidquidex</strong></span> <span class='ocrx_word' id='word_1_445' title='bbox 1347 3507 1490 3580; x_wconf 56' lang='lat' dir='ltr'><strong>unffi</strong></span> <span class='ocrx_word' id='word_1_446' title='bbox 1507 3516 1535 3570; x_wconf 77' lang='lat' dir='ltr'><em>E</em></span> 
     </span>
     <span class='ocr_line' id='line_1_38' title="bbox 101 3587 1489 3671; baseline 0.003 -16"><span class='ocrx_word' id='word_1_447' title='bbox 101 3587 220 3655; x_wconf 65' lang='lat' dir='ltr'><strong>btttditate</strong></span> <span class='ocrx_word' id='word_1_448' title='bbox 236 3599 352 3655; x_wconf 75' lang='lat' dir='ltr'><strong>bonbue</strong></span> <span class='ocrx_word' id='word_1_449' title='bbox 367 3598 435 3654; x_wconf 89' lang='lat' dir='ltr'><strong>meis</strong></span> <span class='ocrx_word' id='word_1_450' title='bbox 446 3599 483 3656; x_wconf 94' lang='lat' dir='ltr'><strong>ad</strong></span> <span class='ocrx_word' id='word_1_451' title='bbox 494 3604 523 3654; x_wconf 89' lang='lat' dir='ltr'><strong>te</strong></span> <span class='ocrx_word' id='word_1_452' title='bbox 534 3600 698 3670; x_wconf 86' lang='lat' dir='ltr'><strong>peruenerit,</strong></span> <span class='ocrx_word' id='word_1_453' title='bbox 716 3615 779 3656; x_wconf 91' lang='lat' dir='ltr'><strong>cum</strong></span> <span class='ocrx_word' id='word_1_454' title='bbox 792 3599 923 3669; x_wconf 88' lang='lat' dir='ltr'><strong>morieris,</strong></span> <span class='ocrx_word' id='word_1_455' title='bbox 941 3598 1086 3670; x_wconf 86' lang='lat' dir='ltr'><strong>restituss’,</strong></span> <span class='ocrx_word' id='word_1_456' title='bbox 1105 3598 1218 3671; x_wconf 80' lang='lat' dir='ltr'><strong>fructus,</strong></span> <span class='ocrx_word' id='word_1_457' title='bbox 1236 3613 1305 3669; x_wconf 88' lang='lat' dir='ltr'><strong>quoe</strong></span> <span class='ocrx_word' id='word_1_458' title='bbox 1317 3599 1396 3658; x_wconf 88' lang='lat' dir='ltr'><strong>beree</strong></span> <span class='ocrx_word' id='word_1_459' title='bbox 1404 3589 1489 3658; x_wconf 62' lang='lat' dir='ltr'><strong>&#39;ulum</strong></span> 
     </span>
     <span class='ocr_line' id='line_1_39' title="bbox 101 3686 1489 3762; baseline 0.003 -20"><span class='ocrx_word' id='word_1_460' title='bbox 101 3686 194 3758; x_wconf 69' lang='lat' dir='ltr'><strong>ltropit,</strong></span> <span class='ocrx_word' id='word_1_461' title='bbox 209 3688 274 3744; x_wconf 86' lang='lat' dir='ltr'><strong>item</strong></span> <span class='ocrx_word' id='word_1_462' title='bbox 292 3702 364 3758; x_wconf 80' lang='lat' dir='ltr'><strong>quse</strong></span> <span class='ocrx_word' id='word_1_463' title='bbox 380 3686 518 3744; x_wconf 78' lang='lat' dir='ltr'><strong>fructuum</strong></span> <span class='ocrx_word' id='word_1_464' title='bbox 536 3689 598 3744; x_wconf 87' lang='lat' dir='ltr'><strong>nice</strong></span> <span class='ocrx_word' id='word_1_465' title='bbox 616 3693 680 3744; x_wconf 86' lang='lat' dir='ltr'><strong>sunt</strong></span> <span class='ocrx_word' id='word_1_466' title='bbox 697 3703 752 3744; x_wconf 91' lang='lat' dir='ltr'><strong>non</strong></span> <span class='ocrx_word' id='word_1_467' title='bbox 769 3689 863 3744; x_wconf 88' lang='lat' dir='ltr'><strong>uenire</strong></span> <span class='ocrx_word' id='word_1_468' title='bbox 880 3689 1030 3758; x_wconf 83' lang='lat' dir='ltr'><strong>placuisse:</strong></span> <span class='ocrx_word' id='word_1_469' title='bbox 1049 3703 1100 3744; x_wconf 90' lang='lat' dir='ltr'><strong>nec</strong></span> <span class='ocrx_word' id='word_1_470' title='bbox 1118 3690 1190 3744; x_wconf 88' lang='lat' dir='ltr'><strong>enim</strong></span> <span class='ocrx_word' id='word_1_471' title='bbox 1209 3690 1352 3760; x_wconf 88' lang='lat' dir='ltr'><strong>quicquum</strong></span> <span class='ocrx_word' id='word_1_472' title='bbox 1366 3689 1489 3762; x_wconf 88' lang='lat' dir='ltr'><strong>proponi,</strong></span> 
     </span>
     <span class='ocr_line' id='line_1_40' title="bbox 83 3773 1617 3849; baseline 0.007 -20"><span class='ocrx_word' id='word_1_473' title='bbox 83 3773 177 3840; x_wconf 69' lang='lat' dir='ltr'><strong>litque</strong></span> <span class='ocrx_word' id='word_1_474' title='bbox 190 3775 221 3831; x_wconf 89' lang='lat' dir='ltr'><strong>de</strong></span> <span class='ocrx_word' id='word_1_475' title='bbox 237 3776 281 3832; x_wconf 86' lang='lat' dir='ltr'><strong>bis</strong></span> <span class='ocrx_word' id='word_1_476' title='bbox 298 3791 408 3847; x_wconf 86' lang='lat' dir='ltr'><strong>quoque</strong></span> <span class='ocrx_word' id='word_1_477' title='bbox 425 3777 601 3834; x_wconf 83' lang='lat' dir='ltr'><strong>restituendis</strong></span> <span class='ocrx_word' id='word_1_478' title='bbox 613 3777 780 3834; x_wconf 85' lang='lat' dir='ltr'><strong>testatricem</strong></span> <span class='ocrx_word' id='word_1_479' title='bbox 793 3793 906 3848; x_wconf 78' lang='lat' dir='ltr'><strong>rogasse</strong></span> <span class='ocrx_word' id='word_1_480' title='bbox 918 3777 1028 3848; x_wconf 90' lang='lat' dir='ltr'><strong>probari</strong></span> <span class='ocrx_word' id='word_1_481' title='bbox 1040 3782 1139 3848; x_wconf 89' lang='lat' dir='ltr'><strong>potest.</strong></span> <span class='ocrx_word' id='word_1_482' title='bbox 1175 3778 1262 3834; x_wconf 77' lang='lat' dir='ltr'><strong>ineu.</strong></span> <span class='ocrx_word' id='word_1_483' title='bbox 1289 3779 1424 3849; x_wconf 87' lang='lat' dir='ltr'><strong>Testator,</strong></span> <span class='ocrx_word' id='word_1_484' title='bbox 1442 3780 1489 3848; x_wconf 88' lang='lat' dir='ltr'><strong>qni</strong></span> <span class='ocrx_word' id='word_1_485' title='bbox 1615 3835 1617 3840; x_wconf 91' lang='lat'><em>.</em></span> 
     </span>
     <span class='ocr_line' id='line_1_41' title="bbox 102 3851 1537 3938; baseline 0.001 -22"><span class='ocrx_word' id='word_1_486' title='bbox 102 3851 174 3916; x_wconf 69' lang='lat' dir='ltr'><strong>bbulis</strong></span> <span class='ocrx_word' id='word_1_487' title='bbox 186 3862 421 3922; x_wconf 78' lang='lat' dir='ltr'><strong>fideicommissum</strong></span> <span class='ocrx_word' id='word_1_488' title='bbox 438 3865 617 3938; x_wconf 86' lang='lat' dir='ltr'><strong>relinquebat,</strong></span> <span class='ocrx_word' id='word_1_489' title='bbox 636 3865 829 3924; x_wconf 80' lang='lat' dir='ltr'><strong>subsdtutione</strong></span> <span class='ocrx_word' id='word_1_490' title='bbox 846 3867 918 3922; x_wconf 86' lang='lat' dir='ltr'><strong>inter</strong></span> <span class='ocrx_word' id='word_1_491' title='bbox 935 3883 982 3922; x_wconf 88' lang='lat' dir='ltr'><strong>coe</strong></span> <span class='ocrx_word' id='word_1_492' title='bbox 999 3863 1073 3922; x_wconf 81' lang='lat' dir='ltr'><strong>iacta</strong></span> <span class='ocrx_word' id='word_1_493' title='bbox 1090 3867 1233 3938; x_wconf 85' lang='lat' dir='ltr'><strong>expressit,</strong></span> <span class='ocrx_word' id='word_1_494' title='bbox 1252 3873 1283 3922; x_wconf 89' lang='lat' dir='ltr'><strong>ut</strong></span> <span class='ocrx_word' id='word_1_495' title='bbox 1299 3872 1489 3938; x_wconf 86' lang='lat' dir='ltr'><strong>postmortem</strong></span> <span class='ocrx_word' id='word_1_496' title='bbox 1507 3877 1537 3918; x_wconf 81' lang='lat' dir='ltr'><strong>ao</strong></span> 
     </span>
     <span class='ocr_line' id='line_1_42' title="bbox 104 3947 1489 4026; baseline 0.006 -21"><span class='ocrx_word' id='word_1_497' title='bbox 104 3947 182 4005; x_wconf 56' lang='lat' dir='ltr'><strong>“bord</strong></span> <span class='ocrx_word' id='word_1_498' title='bbox 200 3953 234 4010; x_wconf 87' lang='lat' dir='ltr'><strong>sd</strong></span> <span class='ocrx_word' id='word_1_499' title='bbox 254 3959 381 4025; x_wconf 90' lang='lat' dir='ltr'><strong>posteros</strong></span> <span class='ocrx_word' id='word_1_500' title='bbox 403 3969 497 4012; x_wconf 87' lang='lat' dir='ltr'><strong>corum</strong></span> <span class='ocrx_word' id='word_1_501' title='bbox 520 3955 683 4026; x_wconf 88' lang='lat' dir='ltr'><strong>pertineret:</strong></span> <span class='ocrx_word' id='word_1_502' title='bbox 706 3970 824 4026; x_wconf 89' lang='lat' dir='ltr'><strong>quaero,</strong></span> <span class='ocrx_word' id='word_1_503' title='bbox 847 3970 909 4010; x_wconf 90' lang='lat' dir='ltr'><strong>cum</strong></span> <span class='ocrx_word' id='word_1_504' title='bbox 927 3971 1007 4012; x_wconf 89' lang='lat' dir='ltr'><strong>nomo</strong></span> <span class='ocrx_word' id='word_1_505' title='bbox 1025 3957 1094 4012; x_wconf 87' lang='lat' dir='ltr'><strong>alius</strong></span> <span class='ocrx_word' id='word_1_506' title='bbox 1112 3955 1217 4010; x_wconf 88' lang='lat' dir='ltr'><strong>sitnisi</strong></span> <span class='ocrx_word' id='word_1_507' title='bbox 1235 3954 1348 4012; x_wconf 85' lang='lat' dir='ltr'><strong>libertus</strong></span> <span class='ocrx_word' id='word_1_508' title='bbox 1366 3957 1425 4012; x_wconf 89' lang='lat' dir='ltr'><strong>eius</strong></span> <span class='ocrx_word' id='word_1_509' title='bbox 1442 3957 1489 4026; x_wconf 90' lang='lat' dir='ltr'><strong>qui</strong></span> 
     </span>
     <span class='ocr_line' id='line_1_43' title="bbox 104 4035 1488 4116; baseline 0.004 -21"><span class='ocrx_word' id='word_1_510' title='bbox 104 4035 188 4096; x_wconf 61' lang='lat' dir='ltr'><strong>“beno</strong></span> <span class='ocrx_word' id='word_1_511' title='bbox 201 4050 323 4100; x_wconf 88' lang='lat' dir='ltr'><strong>mortuus</strong></span> <span class='ocrx_word' id='word_1_512' title='bbox 341 4049 396 4116; x_wconf 89' lang='lat' dir='ltr'><strong>eat,</strong></span> <span class='ocrx_word' id='word_1_513' title='bbox 415 4060 451 4100; x_wconf 90' lang='lat' dir='ltr'><strong>an</strong></span> <span class='ocrx_word' id='word_1_514' title='bbox 468 4044 492 4100; x_wconf 91' lang='lat' dir='ltr'><strong>is</strong></span> <span class='ocrx_word' id='word_1_515' title='bbox 510 4043 545 4100; x_wconf 85' lang='lat' dir='ltr'><strong>ad</strong></span> <span class='ocrx_word' id='word_1_516' title='bbox 563 4041 804 4100; x_wconf 87' lang='lat' dir='ltr'><strong>fideicommissum</strong></span> <span class='ocrx_word' id='word_1_517' title='bbox 822 4043 929 4100; x_wconf 87' lang='lat' dir='ltr'><strong>admitti</strong></span> <span class='ocrx_word' id='word_1_518' title='bbox 947 4043 1054 4100; x_wconf 86' lang='lat' dir='ltr'><strong>debeat.</strong></span> <span class='ocrx_word' id='word_1_519' title='bbox 1082 4045 1235 4114; x_wconf 87' lang='lat' dir='ltr'><strong>respondit:</strong></span> <span class='ocrx_word' id='word_1_520' title='bbox 1253 4051 1423 4114; x_wconf 87' lang='lat' dir='ltr'><strong>posterorum</strong></span> <span class='ocrx_word' id='word_1_521' title='bbox 1442 4061 1488 4116; x_wconf 88' lang='lat' dir='ltr'><strong>ap-</strong></span> 
     </span>
     <span class='ocr_line' id='line_1_44' title="bbox 104 4119 1489 4204; baseline 0.004 -20"><span class='ocrx_word' id='word_1_522' title='bbox 104 4119 207 4188; x_wconf 73' lang='lat' dir='ltr'><strong>ltlbt&#39;oue</strong></span> <span class='ocrx_word' id='word_1_523' title='bbox 223 4131 322 4189; x_wconf 87' lang='lat' dir='ltr'><strong>lrberos</strong></span> <span class='ocrx_word' id='word_1_524' title='bbox 340 4133 543 4204; x_wconf 89' lang='lat' dir='ltr'><strong>tautummodo,</strong></span> <span class='ocrx_word' id='word_1_525' title='bbox 562 4147 617 4189; x_wconf 91' lang='lat' dir='ltr'><strong>non</strong></span> <span class='ocrx_word' id='word_1_526' title='bbox 634 4133 716 4188; x_wconf 87' lang='lat' dir='ltr'><strong>etiam</strong></span> <span class='ocrx_word' id='word_1_527' title='bbox 735 4132 846 4188; x_wconf 88' lang='lat' dir='ltr'><strong>libertos</strong></span> <span class='ocrx_word' id='word_1_528' title='bbox 864 4147 973 4204; x_wconf 87' lang='lat' dir='ltr'><strong>eorum,</strong></span> <span class='ocrx_word' id='word_1_529' title='bbox 991 4133 1090 4204; x_wconf 90' lang='lat' dir='ltr'><strong>quibus</strong></span> <span class='ocrx_word' id='word_1_530' title='bbox 1107 4131 1346 4190; x_wconf 86' lang='lat' dir='ltr'><strong>fideicommissum</strong></span> <span class='ocrx_word' id='word_1_531' title='bbox 1364 4135 1489 4192; x_wconf 88' lang='lat' dir='ltr'><strong>relictum</strong></span> 
     </span>
     <span class='ocr_line' id='line_1_45' title="bbox 105 4211 917 4292; baseline -0.001 -14"><span class='ocrx_word' id='word_1_532' title='bbox 105 4211 358 4278; x_wconf 68' lang='lat' dir='ltr'><strong>“iiddeommieso0</strong></span> <span class='ocrx_word' id='word_1_533' title='bbox 374 4221 506 4279; x_wconf 88' lang='lat' dir='ltr'><strong>contineri</strong></span> <span class='ocrx_word' id='word_1_534' title='bbox 524 4235 696 4292; x_wconf 87' lang='lat' dir='ltr'><strong>nequaquam</strong></span> <span class='ocrx_word' id='word_1_535' title='bbox 714 4223 849 4280; x_wconf 87' lang='lat' dir='ltr'><strong>incertum</strong></span> <span class='ocrx_word' id='word_1_536' title='bbox 867 4228 917 4278; x_wconf 88' lang='lat' dir='ltr'><strong>eet.</strong></span> 
     </span>
    </p>
   </div>
   <div class='ocr_carea' id='block_1_3' title="bbox 105 4301 300 4390">
    <p class='ocr_par' dir='ltr' id='par_1_5' title="bbox 105 4301 300 4390">
     <span class='ocr_line' id='line_1_46' title="bbox 105 4301 300 4390; baseline 0.01 -18"><span class='ocrx_word' id='word_1_537' title='bbox 105 4301 300 4390; x_wconf 69' lang='lat' dir='ltr'><strong>illusorum)</strong></span> 
     </span>
    </p>
   </div>
   <div class='ocr_carea' id='block_1_4' title="bbox 1 4443 1489 4606">
    <p class='ocr_par' dir='ltr' id='par_1_6' title="bbox 1 4443 1489 4606">
     <span class='ocr_line' id='line_1_47' title="bbox 107 4443 1489 4532; baseline 0.004 -19"><span class='ocrx_word' id='word_1_538' title='bbox 107 4443 205 4524; x_wconf 59' lang='lat' dir='ltr'><strong>stillet</strong></span> <span class='ocrx_word' id='word_1_539' title='bbox 254 4463 357 4518; x_wconf 81' lang='lat' dir='ltr'><strong>¹nunc</strong></span> <span class='ocrx_word' id='word_1_540' title='bbox 376 4469 423 4517; x_wconf 77' lang='lat' dir='ltr'><strong>tm.</strong></span> <span class='ocrx_word' id='word_1_541' title='bbox 476 4462 535 4518; x_wconf 76' lang='lat' dir='ltr'><strong>⁸et</strong></span> <span class='ocrx_word' id='word_1_542' title='bbox 552 4471 599 4518; x_wconf 75' lang='lat' dir='ltr'><strong>tna.</strong></span> <span class='ocrx_word' id='word_1_543' title='bbox 652 4461 719 4532; x_wconf 75' lang='lat' dir='ltr'><strong>⁴id]</strong></span> <span class='ocrx_word' id='word_1_544' title='bbox 737 4461 806 4517; x_wconf 80' lang='lat' dir='ltr'><strong>sed?</strong></span> <span class='ocrx_word' id='word_1_545' title='bbox 859 4461 970 4516; x_wconf 76' lang='lat' dir='ltr'><strong>‘etiam</strong></span> <span class='ocrx_word' id='word_1_546' title='bbox 982 4459 1077 4531; x_wconf 90' lang='lat' dir='ltr'><strong>boues]</strong></span> <span class='ocrx_word' id='word_1_547' title='bbox 1096 4467 1125 4517; x_wconf 91' lang='lat' dir='ltr'><strong>et</strong></span> <span class='ocrx_word' id='word_1_548' title='bbox 1135 4461 1257 4518; x_wconf 89' lang='lat' dir='ltr'><strong>iumenta</strong></span> <span class='ocrx_word' id='word_1_549' title='bbox 1269 4467 1297 4517; x_wconf 91' lang='lat' dir='ltr'><strong>et</strong></span> <span class='ocrx_word' id='word_1_550' title='bbox 1308 4459 1394 4518; x_wconf 85' lang='lat' dir='ltr'><strong>boues</strong></span> <span class='ocrx_word' id='word_1_551' title='bbox 1406 4467 1448 4518; x_wconf 78' lang='lat' dir='ltr'><strong>sel</strong></span> <span class='ocrx_word' id='word_1_552' title='bbox 1460 4467 1489 4518; x_wconf 92' lang='lat' dir='ltr'><strong>et</strong></span> 
     </span>
     <span class='ocr_line' id='line_1_48' title="bbox 1 4525 1488 4606; baseline 0.005 -23"><span class='ocrx_word' id='word_1_553' title='bbox 1 4551 2 4554; x_wconf 40' lang='lat'>¹</span> <span class='ocrx_word' id='word_1_554' title='bbox 106 4525 187 4584; x_wconf 61' lang='lat' dir='ltr'><strong>”Mb</strong></span> <span class='ocrx_word' id='word_1_555' title='bbox 196 4531 250 4596; x_wconf 81' lang='lat' dir='ltr'><strong>(ose</strong></span> <span class='ocrx_word' id='word_1_556' title='bbox 258 4531 356 4600; x_wconf 91' lang='lat' dir='ltr'><strong>boues)</strong></span> <span class='ocrx_word' id='word_1_557' title='bbox 369 4536 414 4606; x_wconf 82' lang='lat' dir='ltr'><strong>(rs.</strong></span> <span class='ocrx_word' id='word_1_558' title='bbox 427 4533 486 4588; x_wconf 74' lang='lat' dir='ltr'><strong>tce</strong></span> <span class='ocrx_word' id='word_1_559' title='bbox 499 4533 539 4605; x_wconf 78' lang='lat'><strong>§5</strong></span> <span class='ocrx_word' id='word_1_560' title='bbox 552 4533 577 4588; x_wconf 81' lang='lat' dir='ltr'><strong>l.</strong></span> <span class='ocrx_word' id='word_1_561' title='bbox 587 4540 605 4588; x_wconf 91' lang='lat' dir='ltr'><strong>t.</strong></span> <span class='ocrx_word' id='word_1_562' title='bbox 620 4531 659 4588; x_wconf 89' lang='lat' dir='ltr'><strong>D.</strong></span> <span class='ocrx_word' id='word_1_563' title='bbox 668 4533 710 4599; x_wconf 87' lang='grc'><strong>21,</strong></span> <span class='ocrx_word' id='word_1_564' title='bbox 720 4534 744 4599; x_wconf 89' lang='lat'><strong>1,</strong></span> <span class='ocrx_word' id='word_1_565' title='bbox 753 4533 796 4600; x_wconf 87' lang='lat'><strong>38,</strong></span> <span class='ocrx_word' id='word_1_566' title='bbox 805 4533 830 4589; x_wconf 90' lang='grc'><strong>6.</strong></span> <span class='ocrx_word' id='word_1_567' title='bbox 847 4532 1066 4605; x_wconf 79' lang='lat' dir='ltr'><strong>50‚16,89pr.)t</strong></span> <span class='ocrx_word' id='word_1_568' title='bbox 1118 4531 1406 4590; x_wconf 73' lang='lat' dir='ltr'><strong>‘fideicommissodel</strong></span> <span class='ocrx_word' id='word_1_569' title='bbox 1416 4537 1451 4602; x_wconf 86' lang='lat' dir='ltr'><strong>(c.</strong></span> <span class='ocrx_word' id='word_1_570' title='bbox 1460 4537 1488 4602; x_wconf 84' lang='grc' dir='ltr'>ι’.)</span> 
     </span>
    </p>
   </div>
   <div class='ocr_carea' id='block_1_5' title="bbox 1 4643 1487 5092">
    <p class='ocr_par' dir='ltr' id='par_1_7' title="bbox 1 4643 1487 4824">
     <span class='ocr_line' id='line_1_49' title="bbox 107 4643 1487 4738; baseline 0.003 -20"><span class='ocrx_word' id='word_1_571' title='bbox 107 4643 231 4718; x_wconf 60' lang='lat' dir='ltr'><strong>ffbbitauit</strong></span> <span class='ocrx_word' id='word_1_572' title='bbox 240 4665 286 4730; x_wconf 71' lang='grc' dir='ltr'><strong>Ρ,</strong></span> <span class='ocrx_word' id='word_1_573' title='bbox 301 4663 512 4721; x_wconf 85' lang='lat' dir='ltr'><strong>dubitabit‘ault’</strong></span> <span class='ocrx_word' id='word_1_574' title='bbox 525 4665 560 4719; x_wconf 65' lang='grc' dir='ltr'><strong>Γ*</strong></span> <span class='ocrx_word' id='word_1_575' title='bbox 575 4665 581 4734; x_wconf 88' lang='grc'>1</span> <span class='ocrx_word' id='word_1_576' title='bbox 596 4663 714 4736; x_wconf 80' lang='lat' dir='ltr'><strong>isginum</strong></span> <span class='ocrx_word' id='word_1_577' title='bbox 729 4665 755 4719; x_wconf 84' lang='lat' dir='ltr'><em>F</em></span> <span class='ocrx_word' id='word_1_578' title='bbox 800 4665 995 4735; x_wconf 75' lang='lat' dir='ltr'><strong>praesidii⁴F¹</strong></span> <span class='ocrx_word' id='word_1_579' title='bbox 1050 4665 1083 4720; x_wconf 89' lang='grc'><strong>16</strong></span> <span class='ocrx_word' id='word_1_580' title='bbox 1101 4665 1179 4722; x_wconf 88' lang='lat' dir='ltr'><strong>uellie</strong></span> <span class='ocrx_word' id='word_1_581' title='bbox 1197 4667 1233 4720; x_wconf 67' lang='grc' dir='ltr'><strong>Ρ</strong></span> <span class='ocrx_word' id='word_1_582' title='bbox 1289 4667 1321 4722; x_wconf 84' lang='grc'><strong>17</strong></span> <span class='ocrx_word' id='word_1_583' title='bbox 1341 4667 1399 4721; x_wconf 90' lang='lat' dir='ltr'><strong>slue</strong></span> <span class='ocrx_word' id='word_1_584' title='bbox 1412 4663 1487 4738; x_wconf 80' lang='lat' dir='ltr'><strong>&#39;frag&#39;</strong></span> 
     </span>
     <span class='ocr_line' id='line_1_50' title="bbox 1 4713 1487 4824; baseline 0.001 -34"><span class='ocrx_word' id='word_1_585' title='bbox 1 4747 3 4756; x_wconf 75' lang='grc'>’</span> <span class='ocrx_word' id='word_1_586' title='bbox 107 4713 231 4790; x_wconf 68' lang='lat' dir='ltr'><strong>drocen„</strong></span> <span class='ocrx_word' id='word_1_587' title='bbox 252 4737 292 4790; x_wconf 71' lang='grc' dir='ltr'><strong>Ρ</strong></span> <span class='ocrx_word' id='word_1_588' title='bbox 311 4739 316 4806; x_wconf 84' lang='grc' dir='ltr'>Ι</span> <span class='ocrx_word' id='word_1_589' title='bbox 336 4751 492 4808; x_wconf 85' lang='lat' dir='ltr'><strong>perpursue</strong></span> <span class='ocrx_word' id='word_1_590' title='bbox 515 4737 553 4790; x_wconf 57' lang='grc' dir='ltr'><strong>Γ)</strong></span> <span class='ocrx_word' id='word_1_591' title='bbox 614 4737 746 4792; x_wconf 75' lang='lat' dir='ltr'><strong>odotem</strong></span> <span class='ocrx_word' id='word_1_592' title='bbox 800 4735 963 4824; x_wconf 71' lang='lat' dir='ltr'><strong>peccioli*</strong></span> <span class='ocrx_word' id='word_1_593' title='bbox 1014 4737 1050 4792; x_wconf 77' lang='lat'><strong>20</strong></span> <span class='ocrx_word' id='word_1_594' title='bbox 1073 4735 1162 4793; x_wconf 87' lang='lat' dir='ltr'><strong>iactus</strong></span> <span class='ocrx_word' id='word_1_595' title='bbox 1180 4738 1216 4794; x_wconf 89' lang='lat' dir='ltr'><strong>sit</strong></span> <span class='ocrx_word' id='word_1_596' title='bbox 1234 4737 1344 4808; x_wconf 85' lang='lat' dir='ltr'><strong>&#39;postea&#39;</strong></span> <span class='ocrx_word' id='word_1_597' title='bbox 1361 4738 1418 4807; x_wconf 87' lang='lat' dir='ltr'><strong>peti</strong></span> <span class='ocrx_word' id='word_1_598' title='bbox 1436 4739 1487 4793; x_wconf 72' lang='lat' dir='ltr'><strong>F‘:</strong></span> 
     </span>
    </p>

    <p class='ocr_par' dir='ltr' id='par_1_8' title="bbox 1 4793 1487 4950">
     <span class='ocr_line' id='line_1_51' title="bbox 107 4793 1487 4879; baseline -0.001 -15"><span class='ocrx_word' id='word_1_599' title='bbox 107 4793 229 4871; x_wconf 65' lang='lat' dir='ltr'><strong>entlDGX&#39;,</strong></span> <span class='ocrx_word' id='word_1_600' title='bbox 247 4807 340 4864; x_wconf 89' lang='lat' dir='ltr'><strong>dotem</strong></span> <span class='ocrx_word' id='word_1_601' title='bbox 354 4812 433 4864; x_wconf 85' lang='lat' dir='ltr'><strong>erunt</strong></span> <span class='ocrx_word' id='word_1_602' title='bbox 444 4807 498 4874; x_wconf 76' lang='lat' dir='ltr'><strong>FB,</strong></span> <span class='ocrx_word' id='word_1_603' title='bbox 516 4808 581 4863; x_wconf 88' lang='lat' dir='ltr'><strong>dote</strong></span> <span class='ocrx_word' id='word_1_604' title='bbox 599 4812 658 4862; x_wconf 87' lang='lat' dir='ltr'><strong>erat</strong></span> <span class='ocrx_word' id='word_1_605' title='bbox 672 4807 752 4874; x_wconf 84' lang='lat' dir='ltr'><strong>WQI</strong></span> <span class='ocrx_word' id='word_1_606' title='bbox 800 4825 909 4879; x_wconf 80' lang='lat' dir='ltr'><strong>eppmrur</strong></span> <span class='ocrx_word' id='word_1_607' title='bbox 928 4805 959 4862; x_wconf 87' lang='grc' dir='ltr'><strong>τὸ</strong></span> <span class='ocrx_word' id='word_1_608' title='bbox 973 4805 1002 4862; x_wconf 80' lang='grc' dir='ltr'>ἐι</span> <span class='ocrx_word' id='word_1_609' title='bbox 1015 4805 1087 4875; x_wconf 64' lang='lat' dir='ltr'><strong>siri)</strong></span> <span class='ocrx_word' id='word_1_610' title='bbox 1100 4809 1210 4874; x_wconf 70' lang='lat' dir='ltr'><strong>lustros</strong></span> <span class='ocrx_word' id='word_1_611' title='bbox 1225 4809 1339 4879; x_wconf 81' lang='lat' dir='ltr'><strong>B(Tip.)</strong></span> <span class='ocrx_word' id='word_1_612' title='bbox 1387 4809 1421 4864; x_wconf 82' lang='grc'><strong>27</strong></span> <span class='ocrx_word' id='word_1_613' title='bbox 1433 4811 1487 4864; x_wconf 93' lang='lat' dir='ltr'><strong>uir-</strong></span> 
     </span>
     <span class='ocr_line' id='line_1_52' title="bbox 1 4854 1486 4950; baseline 0.003 -19"><span class='ocrx_word' id='word_1_614' title='bbox 1 4920 4 4931; x_wconf 95' lang='grc'>.</span> <span class='ocrx_word' id='word_1_615' title='bbox 107 4854 221 4930; x_wconf 65' lang='lat' dir='ltr'><strong>tqqqqpr</strong></span> <span class='ocrx_word' id='word_1_616' title='bbox 251 4882 285 4934; x_wconf 91' lang='grc'><strong>10</strong></span> <span class='ocrx_word' id='word_1_617' title='bbox 293 4885 360 4935; x_wconf 71' lang='lat' dir='ltr'><strong>erte⁴</strong></span> <span class='ocrx_word' id='word_1_618' title='bbox 368 4879 407 4934; x_wconf 68' lang='lat' dir='ltr'><strong>F*</strong></span> <span class='ocrx_word' id='word_1_619' title='bbox 444 4877 747 4936; x_wconf 66' lang='grc' dir='ltr'><strong>11ιοιιιιιιιιιιιιιι1ω</strong></span> <span class='ocrx_word' id='word_1_620' title='bbox 799 4881 878 4948; x_wconf 81' lang='lat' dir='ltr'><strong>gines</strong></span> <span class='ocrx_word' id='word_1_621' title='bbox 939 4879 1068 4934; x_wconf 79' lang='lat' dir='ltr'><strong>28etism</strong></span> <span class='ocrx_word' id='word_1_622' title='bbox 1081 4879 1119 4934; x_wconf 73' lang='lat' dir='ltr'><strong>tte</strong></span> <span class='ocrx_word' id='word_1_623' title='bbox 1131 4881 1168 4935; x_wconf 59' lang='grc' dir='ltr'><strong>Ρ*</strong></span> <span class='ocrx_word' id='word_1_624' title='bbox 1212 4877 1486 4950; x_wconf 66' lang='lat' dir='ltr'><strong>melsinensem]</strong></span> 
     </span>
    </p>

    <p class='ocr_par' dir='ltr' id='par_1_9' title="bbox 108 4927 1095 5024">
     <span class='ocr_line' id='line_1_53' title="bbox 108 4927 1095 5024; baseline 0.004 -24"><span class='ocrx_word' id='word_1_625' title='bbox 108 4927 511 5024; x_wconf 64' lang='grc' dir='ltr'>Ιιιιιιιοιιιιιιοιοιοιι</span> <span class='ocrx_word' id='word_1_626' title='bbox 557 4949 590 5006; x_wconf 84' lang='lat'><strong>14</strong></span> <span class='ocrx_word' id='word_1_627' title='bbox 604 4949 753 5006; x_wconf 66' lang='lat' dir='ltr'><strong>mounes</strong></span> <span class='ocrx_word' id='word_1_628' title='bbox 799 4951 851 5017; x_wconf 81' lang='lat' dir='ltr'><strong>rc,</strong></span> <span class='ocrx_word' id='word_1_629' title='bbox 870 4969 919 5006; x_wconf 62' lang='grc' dir='ltr'><strong>ιιι</strong></span> <span class='ocrx_word' id='word_1_630' title='bbox 932 4949 1095 5017; x_wconf 80' lang='lat' dir='ltr'><strong>unnorrr</strong></span> 
     </span>
    </p>

    <p class='ocr_par' dir='ltr' id='par_1_10' title="bbox 109 4997 744 5092">
     <span class='ocr_line' id='line_1_54' title="bbox 109 4997 744 5092; baseline 0.005 -19"><span class='ocrx_word' id='word_1_631' title='bbox 109 4997 179 5068; x_wconf 63' lang='lat'><strong>¹⁵⁸¹?</strong></span> <span class='ocrx_word' id='word_1_632' title='bbox 188 5022 266 5077; x_wconf 90' lang='lat' dir='ltr'><strong>nutui</strong></span> <span class='ocrx_word' id='word_1_633' title='bbox 277 5022 314 5076; x_wconf 67' lang='grc' dir='ltr'><strong>Ρ</strong></span> <span class='ocrx_word' id='word_1_634' title='bbox 329 5024 335 5091; x_wconf 79' lang='lat' dir='ltr'><strong>l</strong></span> <span class='ocrx_word' id='word_1_635' title='bbox 351 5021 480 5078; x_wconf 87' lang='lat' dir='ltr'><strong>derentur</strong></span> <span class='ocrx_word' id='word_1_636' title='bbox 491 5021 528 5076; x_wconf 82' lang='lat' dir='ltr'><strong>F¹</strong></span> <span class='ocrx_word' id='word_1_637' title='bbox 542 5021 547 5090; x_wconf 83' lang='lat' dir='ltr'><strong>l</strong></span> <span class='ocrx_word' id='word_1_638' title='bbox 562 5022 671 5092; x_wconf 81' lang='lat' dir='ltr'><strong>legatus</strong></span> <span class='ocrx_word' id='word_1_639' title='bbox 688 5021 724 5075; x_wconf 86' lang='lat' dir='ltr'><strong>F¹</strong></span> <span class='ocrx_word' id='word_1_640' title='bbox 738 5019 744 5092; x_wconf 85' lang='lat'>1</span> 
     </span>
    </p>
   </div>
   <div class='ocr_carea' id='block_1_6' title="bbox 0 0 1777 5452">
    <p class='ocr_par' dir='ltr' id='par_1_11' title="bbox 0 0 1777 5452">
     <span class='ocr_line' id='line_1_55' title="bbox 0 0 1777 5452; baseline 0 0"><span class='ocrx_word' id='word_1_641' title='bbox 0 0 1777 5452; x_wconf 95' lang='lat' dir='ltr'><strong> </strong></span> 
     </span>
    </p>
   </div>
  </div>
 </body>
</html>
