3584 5454
240 173 420 298 xxxxiiii
442 230 464 296 u
485 236 603 292 au-as
922 221 1011 302 744
1640 251 1686 300 na

183 389 222 448 27
295 388 445 443 Uenutius
469 385 538 443 libro
562 385 794 456 quadragensimo
818 385 906 456 primo
930 385 965 441 ad
984 384 1125 441 Sabinum.
1161 383 1214 450 Qui
1232 383 1341 441 tabulas
1360 387 1405 442 uel
1423 401 1489 442 cau·
1508 382 1722 471 [sequutus

240 479 330 533 tlonos
348 480 468 546 amouet,
487 473 552 531 furti
570 479 680 532 wnetnr
698 491 753 532 non
772 480 878 531 mutum
897 475 978 546 pretii
996 475 1116 545 ipsarum
1136 473 1300 544 tabularum,
1317 489 1415 530 uorum
1434 477 1495 532 eius
1513 464 1685 547 fflffi

241 566 306 623 luit:
324 565 399 636 quod
418 565 454 620 ad
472 565 691 621 aestimationem
710 563 827 620 refertur
844 565 904 620 eius
922 579 1055 634 summae,
1074 563 1084 633 ΙΙ
1104 579 1176 634 quae
1188 565 1215 620 in
1228 563 1270 620 his
1282 563 1383 620 tabulis
1396 565 1564 637 continetur,
1582 568 1686 624 scilicet
1702 573 1772 625 ttss'

241 657 265 712 si
288 655 358 710 tanti
382 652 519 724 interfuit,
544 659 575 709 ut
597 659 666 724 puta
690 655 714 710 si
731 652 913 724 chirographa
931 667 1076 710 aureorum
1095 653 1191 708 decem
1210 653 1337 708 tabulae¹
1357 653 1472 725 luerint,
1497 655 1617 710 dumus
1634 655 1686 712 hoc

242 744 383 815 duplicari.
412 743 486 814 quod
504 744 529 798 si
545 744 599 798 iam
619 747 698 800 erant
715 745 819 814 inanes,
838 743 904 812 quia
921 743 1040 798 solutum
1059 741 1271 812 proponebatur,
1290 743 1423 812 numquid
1440 744 1565 814 ipsarum
1579 751 1715 828 tautums

241 833 397 889 tabularum
416 833 495 903 pretii
515 832 641 888 uideatur
660 849 722 889 esse
740 833 896 889 aestimatio
914 829 1061 886 iacienda?
1088 831 1154 901 quid
1172 831 1245 886 enim
1263 830 1387 887 interfuit
1401 831 1503 888 buius?
1530 833 1582 888 sed
1595 837 1686 904 potest

242 923 310 992 dici,
335 922 400 992 quia
421 937 626 991 nonnumquam
645 921 782 978 debitores
801 921 910 976 tabulas
929 919 982 976 sibi
999 920 1106 976 restitui
1124 923 1233 991 petant,
1257 920 1339 991 quia²
1356 937 1565 992 nonnumquam
1584 924 1685 978 calum

242 1011 352 1066 niantnr
374 1009 530 1066 debitores⁸
554 1011 633 1080 quasi
657 1010 779 1066 indebito
804 1011 908 1079 soluto,
931 1008 967 1065 ab
989 1009 1048 1064 his‘
1072 1009 1205 1064 interesse
1223 1008 1365 1064 creditoris
1383 1009 1493 1065 tabulas
1511 1011 1627 1081 habere,
1651 1027 1685 1068 us

242 1098 313 1156 sorte
331 1100 545 1156 controuersiam
566 1115 649 1170 super
667 1115 701 1155 ea
719 1115 748 1155 re
766 1100 895 1169 patiatur.
924 1103 953 1154 et
970 1098 1134 1168 generaliter
1151 1097 1298 1153 dicendum
1317 1101 1360 1154 est
1378 1098 1422 1154 in‘
1440 1098 1470 1154 id
1483 1099 1559 1170 qnod
1572 1101 1686 1156 interest

211 1198 222 1242 1
243 1189 359 1259 duplari.
385 1188 453 1243 Inde
471 1191 563 1258 potest
581 1189 685 1258 quaeri,
703 1188 726 1244 si
745 1189 814 1257 quis,
833 1203 895 1244 oum
915 1187 982 1242 alias
999 1186 1177 1257 probationes
1195 1201 1361 1257 mensaeque
1379 1189 1546 1258 sumpturam
1562 1188 1684 1260 haberet,
1702 1204 1726 1244 ιι

243 1277 417 1348 chirographi
441 1275 541 1332 lurtum
561 1293 661 1348 passus
680 1277 729 1348 sit,
753 1293 789 1332 au
807 1276 946 1332 aestimari
964 1276 1049 1346 duplo
1067 1275 1239 1346 ehirographi
1258 1275 1397 1346 quantitas
1416 1275 1527 1332 debeat.
1562 1283 1591 1334 et
1609 1295 1685 1334 num·

243 1367 309 1438 quid
327 1382 391 1436 non,
409 1367 488 1436 quasi
506 1353 572 1422 nihil
587 1365 714 1422 intersit?
741 1371 873 1434 quantum
886 1365 958 1420 euim
972 1365 1093 1434 interest,
1112 1379 1174 1420 uum
1187 1365 1276 1434 possit
1287 1364 1410 1421 debitum
1424 1367 1537 1444 aliunde
1548 1365 1685 1438 probare?

243 1455 474 1526 quemadmodum
493 1455 517 1509 si
535 1455 563 1510 in
581 1453 653 1510 binis
671 1452 772 1510 tabulis
790 1454 1001 1509 instmmentum
1020 1453 1151 1523 scriptum
1170 1453 1219 1508 sit:
1239 1469 1301 1508 nanu
1319 1453 1385 1509 nihil
1401 1454 1513 1510 uidetur
1525 1455 1684 1526 deperdens,

211 1553 225 1598 u
244 1541 424 1598 sumturum
446 1545 503 1611 est,
527 1547 558 1598 ut
575 1543 628 1598 alio
647 1542 827 1614 chirographo
846 1543 924 1598 saluo
942 1541 1063 1598 securior
1081 1543 1118 1597 sit
1135 1541 1261 1597 creditor.
1297 1541 1414 1614 Apocba
1430 1559 1543 1614 quoque
1562 1545 1587 1600 si
1605 1543 1685 1600 fuerit

244 1631 388 1702 subrepta,
412 1646 499 1701 acque
517 1631 663 1687 dicendum
683 1635 727 1688 est
744 1630 809 1686 furti
827 1631 963 1687 actionem
982 1630 1056 1686 inid
1075 1630 1149 1699 quod
1168 1631 1282 1686 interest
1299 1631 1389 1688 locum
1408 1631 1525 1689 babere:
1551 1633 1602 1688 sed
1620 1633 1684 1689 nibil
1700 1647 1724 1689 ιι

212 1731 226 1776 s
244 1721 310 1777 mihi
328 1721 438 1776 uidetur
455 1721 596 1790 interesse,
615 1721 639 1776 si
657 1721 713 1776 sint
731 1725 759 1776 at
775 1721 845 1776 aliae
856 1719 1033 1792 probationes
1045 1719 1152 1775 solutae
1165 1720 1306 1790 pecuniae.
1334 1719 1390 1776 Sed
1402 1721 1426 1775 si
1438 1721 1501 1792 quis
1513 1737 1571 1777 non
1582 1723 1684 1778 amnuit

244 1808 401 1864 huiusmodi
421 1809 616 1879 instrumenta,
640 1807 858 1879 retrocedente,
882 1825 937 1864 nou
955 1813 1063 1864 tantum
1082 1806 1146 1864 furti
1165 1809 1238 1864 antio
1255 1809 1345 1863 locum
1363 1807 1462 1879 babet,
1486 1825 1585 1866 uerum
1603 1812 1683 1868 etiam

243 1899 313 1969 legis
330 1897 472 1968 Aquiliae:
491 1913 554 1954 nam
574 1897 680 1968 rupisse
699 1897 809 1952 uidetur
827 1898 874 1967 qui
893 1898 1022 1967 corrupit

187 1985 226 2044 ts
298 1987 416 2043 Patruus
434 1985 503 2042 libro
522 2001 595 2043 nouo
613 1985 649 2042 ud
668 1985 809 2042 sabinum.
837 1985 892 2042 Sed
911 1988 934 2042 si
953 1984 1097 2057 subripuit,
1116 1985 1276 2056 priusquam
1293 1985 1393 2056 deleat,
1412 1991 1492 2044 tanto
1510 1983 1716 2074 Qu

244 2081 361 2146 tenetur,
379 2076 474 2146 quanti
492 2075 596 2132 domini
614 2073 737 2130 interfuit
755 2089 810 2130 non
828 2073 945 2145 subripi:
964 2073 1081 2130 delendo
1099 2074 1172 2130 eninr
1190 2073 1257 2130 nibil
1275 2073 1310 2130 ad
1328 2089 1445 2144 pesum
1465 2076 1560 2133 adicit
1698 2091 1721 2131 ro

187 2161 226 2220 29
299 2163 448 2220 Uuersuus
467 2163 535 2220 libro
554 2163 783 2234 quadragensimo
801 2164 889 2234 prime
908 2162 943 2218 ad
962 2161 1103 2218 Sabinum.
1130 2163 1190 2219 Hoc
1208 2163 1325 2234 amplisu
1343 2167 1372 2218 et
1389 2163 1426 2218 ad
1441 2178 1489 2220 ex·
1508 2162 1714 2249 [ιισιᾟε

243 2251 393 2309 hibendum
413 2253 458 2322 agi
477 2257 582 2324 potest:
602 2257 630 2309 et
647 2251 791 2308 interdicto
810 2266 924 2322 quorum
943 2249 1076 2307 bonorum
1095 2252 1142 2322 agi
1158 2252 1268 2322 poterit,
1524 2243 1681 2252 “-

187 2339 228 2398 30
298 2342 376 2398 Inuu
393 2340 462 2397 libro
480 2355 553 2397 nono
571 2340 606 2395 ad
625 2339 765 2396 Sabinum.
797 2341 822 2396 si
839 2340 1020 2396 hereditariae
1039 2339 1149 2396 tabulae
1168 2340 1276 2395 deletae
1294 2340 1358 2394 sint
1524 2330 1681 2404 {effi-fo
1695 2337 1722 2413 β·

188 2429 225 2487 31
298 2431 450 2486 uncrinus
472 2427 542 2486 libro
565 2429 795 2500 quadragensimo
819 2429 907 2499 primo
931 2428 967 2484 ad
991 2427 1132 2484 Sabinum.
1168 2427 1224 2484 Sed
1247 2431 1276 2484 et
1299 2429 1323 2483 ai
1342 2429 1491 2499 imaginem
1510 2427 1712 2514 [iss-oriali

213 2529 225 2576 1
245 2521 307 2591 quis
326 2520 370 2575 uel
388 2519 487 2576 librum
506 2518 647 2588 deleuerit,
666 2523 696 2574 et
713 2517 757 2573 bic
775 2521 885 2572 tenetur
903 2518 1004 2574 damno
1022 2518 1145 2588 iniuriae,
1163 2517 1243 2588 quasi
1261 2519 1419 2587 corruperit
1451 2518 1482 2574 Si
1499 2507 1681 2591 qus-‘eunii
1695 2529 1717 2570 rs

245 2609 488 2666 instrumentorum
513 2608 553 2663 rei
576 2607 702 2678 publicae
721 2607 860 2678 municipii
879 2607 994 2664 alieuius
1012 2612 1061 2662 aut
1078 2605 1245 2678 subripuerit
1262 2611 1311 2660 aut
1328 2607 1511 2677 interleuerit,
1537 2608 1681 2665 Labascit

246 2695 312 2754 furti
331 2712 394 2752 eum
412 2697 513 2753 teneri:
532 2696 659 2766 idemque
678 2694 774 2752 scribit
791 2702 819 2751 et
837 2695 872 2751 de
890 2697 990 2752 ceteris
1007 2695 1090 2752 rebus
1107 2694 1224 2766 publicis
1242 2695 1331 2765 daque
1349 2695 1541 2752 societatibus.

189 2787 227 2846 32
300 2787 419 2842 Paunus
441 2785 509 2842 libro
528 2801 600 2842 nono
618 2785 654 2841 ad
673 2784 814 2841 Sabinum.
851 2783 968 2851 Quidam
987 2783 1142 2840 tabularum
1162 2784 1307 2840 dumtaxat
1324 2781 1492 2842 racematio·
1511 2779 1709 2869 Qu

247 2891 309 2932 nem
328 2875 481 2931 faciendam
501 2875 528 2930 in
547 2873 612 2930 furti
630 2875 738 2931 actione
757 2874 928 2944 existimant,
949 2883 1023 2945 quta,
1042 2874 1065 2929 si
1084 2873 1177 2943 iudici,
1196 2873 1270 2943 apud
1288 2887 1369 2943 quem
1387 2871 1454 2928 furti
1473 2879 1583 2944 agatur,
1599 2873 1681 2945 possit

136 3017 138 3024 ,
246 2963 369 3035 probari,
393 2969 526 3034 quantum
549 2962 672 3019 debitum
696 2961 792 3032 luerit,
815 2963 903 3033 possit
926 2963 1009 3018 etiam
1031 2962 1104 3032 apud
1123 2977 1185 3018 sum
1204 2962 1322 3018 iudicem
1341 2961 1437 3018 eadem
1456 2961 1592 3034 probaro,
1614 2960 1679 3034 apud
1693 2973 1713 3014 u

247 3068 328 3124 quem
352 3053 496 3124 pecuniam
515 3057 606 3124 petat:
630 3053 653 3107 si
672 3066 738 3108 uero
756 3052 784 3106 in
802 3049 868 3107 furti
885 3051 987 3107 iudicio
1005 3051 1121 3122 probare
1139 3066 1195 3108 uon
1212 3055 1317 3122 potest,
1336 3066 1371 3106 nc
1389 3051 1458 3106 illud
1476 3052 1589 3122 quidem
1608 3065 1680 3122 posse

247 3143 365 3213 ostendi,
384 3143 479 3213 quanti
497 3143 557 3198 eius
574 3142 690 3197 intersit.
718 3141 767 3196 sed
785 3145 877 3211 potest
893 3145 959 3210 post
976 3138 1078 3196 furtum
1098 3138 1200 3198 iactum
1218 3138 1327 3196 tabulas
1345 3143 1464 3196 nanctus
1479 3156 1543 3196 esse
1556 3145 1638 3208 actor,
1653 3143 1680 3196 ut

215 3243 228 3288 1
247 3247 282 3288 ex
301 3247 334 3288 eo
351 3230 459 3303 probet,
478 3231 573 3301 quanti
592 3245 643 3286 sua
660 3227 822 3300 interfuerit,
842 3229 866 3284 ai
883 3228 992 3286 tabulas
1010 3235 1127 3284 nanetus
1144 3244 1200 3285 non
1218 3234 1300 3284 esset.
1332 3229 1374 3284 Dc
1391 3229 1455 3300 lege
1474 3227 1588 3299 Aquilia
1604 3229 1680 3286 maior

247 3321 373 3392 quaestio
391 3325 447 3391 est,
472 3319 702 3390 quemadmodum
721 3319 809 3389 possit
825 3317 950 3389 probari,
968 3319 1064 3389 quanti
1083 3319 1143 3374 eius
1159 3319 1280 3374 intersit:
1304 3333 1368 3372 nam
1387 3318 1412 3372 si
1429 3322 1525 3388 potest
1543 3319 1611 3374 alias
1626 3332 1679 3388 pro

247 3410 322 3480 bare,
342 3425 396 3465 non
414 3409 518 3480 patitur
536 3408 675 3464 damnum.
702 3407 769 3478 quid
788 3423 863 3477 ergo,
881 3409 905 3462 si
924 3405 994 3463 torte
1012 3408 1156 3478 pecuniam
1172 3407 1224 3463 sub
1236 3405 1397 3462 condicione
1410 3406 1530 3462 credidit
1542 3406 1679 3464 etintcrin
1693 3417 1712 3459 u

248 3507 348 3555 teatrum
366 3507 391 3553 es·
408 3507 483 3570 coptu
502 3505 545 3563 ert,
564 3497 721 3553 testimonio
739 3512 854 3568 quorum
871 3495 1059 3566 probationem
1076 3495 1185 3566 babeat,
1204 3497 1252 3566 qui
1263 3499 1381 3566 possunt
1393 3496 1464 3552 mori
1475 3495 1614 3566 pendente
1625 3510 1679 3551 con·

248 3587 376 3644 dicione?
403 3591 452 3642 aut
469 3592 538 3658 puta
556 3601 599 3642 me
617 3587 720 3656 petisse
738 3586 872 3642 creditum
891 3592 928 3656 et,
946 3585 1012 3656 quia
1029 3589 1115 3640 testes
1133 3587 1163 3640 et
1180 3584 1343 3654 signatores,
1361 3583 1410 3653 qui
1421 3599 1481 3641 rem
1493 3587 1681 3653 meminissent,

248 3703 441 3775 suiuus)

249 3862 404 4002 2³2²]b¹¹{²9.],
419 3861 548 3918 sublata?
613 3861 708 3931 ²quia
726 3863 773 3915 del.
838 3859 1006 3916 ⁸debitores
1025 3861 1072 3915 del.
1135 3857 1201 3915 ⁴ab
1220 3859 1271 3928 his]
1290 3858 1401 3914 adhue?
1468 3862 1528 3916 ‘in
1547 3865 1593 3917 del.
1612 3861 1679 3926 (edd)

278 3951 302 3990 ιι
331 3948 385 3989 esu

250 4085 358 4155 uquod
377 4081 550 4140 interlult...
564 4083 623 4138 eius
636 4101 683 4136 om.
696 4082 731 4135 F¹
785 4081 940 4151 edicimus]
994 4081 1030 4138 34
1043 4081 1199 4152 putestF’
1244 4081 1279 4136 36
1291 4081 1404 4136 testium
1417 4081 1444 4136 ei
1456 4083 1539 4153 copia
1551 4082 1680 4145 estan,

250 4171 312 4212 uum
333 4155 449 4210 dicimus
469 4155 505 4208 F’
558 4154 692 4209 tibulus*
713 4153 747 4206 F*
801 4153 940 4209 idebito-
995 4153 1087 4207 addidi
1108 4155 1243 4207 tenendum
1262 4151 1325 4206 RS:
1348 4154 1371 4205 ri
1395 4151 1443 4214 οῨιι
1464 4157 1510 4222 (=
1530 4155 1597 4225 quid
1614 4155 1681 4223 ergo)

250 4229 287 4282 ris
307 4227 333 4280 F
380 4225 597 4282 suebitorisF¹
652 4225 687 4280 10
706 4227 940 4294 mensaequaeFl
996 4223 1018 4278 εἰ
1036 4222 1116 4294 τγχὸιι
1135 4223 1186 4286 iub
1205 4223 1299 4294 aipseru
1318 4224 1457 4278 bebs'uerxc
1476 4225 1595 4296 xpinusra
1612 4223 1682 4292 (=si

250 4297 402 4353 haberent
424 4299 458 4350 Ρ
513 4300 546 4352 12
564 4297 697 4352 interest
710 4297 747 4350 F’
762 4298 767 4364 l
782 4297 893 4352 aliunde
906 4297 941 4350 Ρ
995 4293 1066 4350 forte
1084 4295 1229 4366 pecuniam
1253 4294 1305 4350 sub
1324 4295 1488 4352 condicione
1506 4297 1632 4364 credidit)
1648 4295 1680 4350 ιιῑ

251 4372 285 4425 13
304 4369 384 4437 binis]
407 4368 486 4424 bunis
513 4370 545 4422 F¹
610 4367 644 4423 14
668 4366 783 4439 apocha]
810 4369 852 4432 1²³,
875 4383 940 4438 apo·
996 4365 1237 4433 &arbrissellis
1257 4365 1525 4439 sinopeiuapripors
1545 4372 1591 4438 (=
1608 4369 1682 4425 elin·

235 4441 384 4504 ,thecaF1
431 4442 464 4495 16
483 4439 587 4494 amobit
601 4439 635 4492 F¹
681 4441 713 4494 17
732 4439 941 4505 interloditun'c)
995 4438 1074 4493 terim
1096 4439 1208 4493 testium
1232 4438 1258 4492 ei
1276 4439 1355 4507 copia
1373 4441 1427 4505 est)
1452 4441 1510 4494 τῶιι
1535 4443 1681 4504 tuameres

251 4513 283 4565 F:
301 4510 361 4566 buis
375 4509 539 4576 induruisse,
554 4509 608 4566 ἄλλ’
622 4509 764 4574 inussisse
777 4511 920 4576 Eirinon.)
936 4511 940 4580 Ι
994 4509 1124 4564 &uoluitur
1138 4508 1171 4563 τὸ
1181 4509 1258 4579 χρέος
1270 4515 1316 4574 (=
1329 4510 1490 4566 testimonio
1502 4525 1619 4581 quorum
1631 4525 1681 4583 pru

251 4582 737 4651 nontantum...181egisaquiliao]
752 4583 818 4636 idem
829 4585 942 4653 tepeant
994 4581 1134 4636 bationem
1143 4579 1279 4648 lrabeat),
1303 4579 1427 4642 sisarum
1448 4583 1479 4636 si
1499 4583 1550 4638 ric
1568 4585 1682 4656 sipirtus

252 4655 363 4709 Graeci:
383 4653 414 4715 οῨ
433 4653 516 4708 sinon
529 4655 560 4722 τῇ
576 4654 631 4724 uepi
647 4653 746 4708 κλοιιῖιε
758 4653 795 4707 eie
807 4653 839 4707 τὸ
852 4652 941 4706 suuld-
996 4651 1144 4723 spreuisse
1161 4651 1310 4713 τελεγτιῐοιι
1329 4651 1353 4705 οἰ
1367 4653 1500 4724 ua'prrpss
1512 4659 1559 4721 (.-..-
1572 4657 1618 4726 qul
1629 4669 1682 4726 pos·

251 4745 306 4780 cros
331 4725 430 4794 drussi,
458 4723 522 4778 iusi
547 4725 585 4777 asi
610 4725 649 4791 τῷ
668 4723 802 4791 Ἀκογιιιίῳ
825 4723 939 4793 {uixerat
994 4727 1059 4779 sunt
1076 4723 1145 4777 mori
1161 4721 1298 4792 pendente
1315 4723 1489 4790 condicione)
1506 4731 1512 4792 Ι
1528 4723 1681 4791 maumoninl

250 4798 278 4851 B
291 4797 413 4862 (Aron.):
433 4799 466 4869 cf.
480 4815 503 4848 ιι.
517 4795 552 4849 26
570 4802 594 4848 et
612 4795 648 4847 D.
661 4796 686 4859 9,
699 4795 723 4859 2,
734 4796 803 4860 41,1
852 4797 886 4849 18
898 4811 941 4850 ru·
996 4793 1186 4860 llinterieriut
1192 4795 1365 4859 (interierunt
1372 4793 1417 4862 Μ)
1428 4797 1590 4852 testimonia
1596 4793 1682 4859 ΧΗ,

250 4867 333 4937 pisse]
352 4881 429 4920 rossa
449 4867 484 4918 F²
541 4866 574 4920 lu
592 4863 692 4920 debeat
712 4867 757 4931 F¹,
777 4865 888 4934 delegat
907 4867 943 4918 'F'
995 4864 1288 4921 testimoniasuntOC
1325 4865 1359 4920 37
1373 4866 1473 4933 quibu
1482 4868 1519 4920 F¹
1536 4869 1542 4936 Ι
1557 4865 1681 4924 meminis

251 4937 286 4993 20
314 4936 423 4992 delendi
450 4936 486 4990 Ρ
579 4937 775 5006 scorpiones]
805 4935 878 4992 idem
906 4937 943 4990 F²
996 4938 1066 5005 sent]
1080 4935 1316 5001 meminiisentF²‚
1329 4933 1679 5004 communissenttouf‘:

251 5009 286 5066 29
304 5009 378 5080 quia]
397 5023 452 5080 qua
473 5008 502 5062 F:
523 5005 545 5062 ei
565 5006 609 5079 sip
671 5007 777 5071 sisaran
792 5009 840 5064 RS
852 5009 942 5076 (Dor.)
997 5008 1021 5062 oi
1034 5008 1073 5062 ssi
1087 5008 1245 5064 ιιειιιιιιιιὲιιοι
1258 5005 1307 5070 τοῨ
1320 5007 1536 5074 crumpamus
1546 5005 1679 5078 Bsilice)
