4074 5408
1225 187 1301 266 44*

543 352 674 408 attestare
692 351 809 420 quisque
828 365 883 404 non
901 346 1016 415 debeat,
1035 347 1063 401 in
1081 361 1136 416 qno
1156 346 1210 417 [nel
1227 348 1363 418 intellegit
1379 348 1424 403 uel
1443 347 1499 418 im]
1525 348 1677 418 intelligere
1696 347 1778 404 debet
1794 349 1939 414 infirmitorii

544 456 622 496 snam
642 440 702 494 aliis
721 439 785 508 [alii]
805 437 987 508 periculosam
1006 435 1136 492 futuram.
1164 436 1236 492 idem
1261 437 1328 493 iuria
1350 441 1394 492 est
1416 437 1444 492 in
1467 451 1587 506 persona
1611 438 1682 506 [eius
1701 439 1758 508 tna]
1780 441 1824 508 qui
1841 440 1940 510 impetun

545 529 625 598 aequi
643 543 698 597 quc
717 525 870 582 uehebatur
887 529 1000 596 propter
1018 525 1187 594 impericiam
1210 541 1289 580 suam
1314 526 1401 595 [suam
1426 526 1485 596 ene]
1510 527 1555 581 nel
1577 525 1764 584 infirmitatem
1786 528 1887 584 retinere
1903 549 1940 590 non

544 616 666 687 potuerit
685 614 814 685 [poteritl.

475 743 476 746 ,
511 719 525 760 s
598 705 677 760 ltem.
704 704 796 758 Lusus
814 717 924 774 quoque
942 703 1041 760 noxius
1058 703 1087 758 in
1105 702 1187 772 culpa
1205 707 1257 757 est.
1822 699 1941 792 [Q

1059 933 1110 988 DE
1129 929 1473 988 cnus1soa100mlu.

599 1072 624 1112 c.
637 1058 681 1111 28.
709 1055 761 1121 Qui
779 1054 815 1110 ad
833 1055 952 1110 amicum
972 1053 1076 1110 domini
1093 1055 1291 1124 deprecaturos
1309 1053 1447 1126 confugit,
1474 1069 1529 1112 non
1546 1061 1591 1110 est
1607 1055 1649 1111 in·
1683 1067 1774 1114 trev:
1789 1067 1943 1125 n.ar‚1,4r‚1

546 1145 664 1216 gitiuus:
688 1145 772 1200 immo
797 1144 889 1212 [etiam
910 1144 966 1214 ina]
990 1143 1014 1198 si
1032 1158 1066 1198 ea
1084 1147 1176 1198 mente
1200 1144 1246 1212 [sit
1264 1145 1335 1213 saal,
1360 1147 1393 1199 nt
1416 1147 1477 1211 (aut
1493 1163 1572 1200 mnne
1586 1148 1611 1211 1)
1634 1132 1944 1214 nonime-effluite

547 1234 658 1290 domum
677 1247 732 1288 non
751 1235 816 1297 (non
835 1233 951 1298 deleam)
969 1237 1132 1301 reuertatur,
1150 1232 1270 1287 nondum
1290 1229 1424 1302 fugitiuus
1442 1237 1493 1288 est.

499 1334 527 1375 ro
600 1338 624 1376 e.
638 1323 681 1378 29.
712 1320 743 1376 Si
762 1322 849 1390 [stol]
868 1320 920 1375 nisi
932 1319 1082 1389 XYMOCl
1102 1335 1199 1376 seruos
1219 1321 1310 1390 [quem
1325 1319 1501 1390 possidebam
1521 1321 1577 1390 imi
1597 1319 1708 1389 sugerit,
1727 1321 1807 1376 etiam
1825 1317 1946 1405 [ξι-ᾖε]

547 1410 641 1480 [etiam
659 1409 718 1478 σπι]
737 1410 760 1464 si
778 1423 827 1478 pro
846 1407 931 1464 libero
949 1408 990 1478 [se
1009 1409 1066 1477 ins]
1084 1413 1173 1478 gerat,
1192 1407 1331 1464 uidebitur
1348 1425 1366 1464 a
1383 1407 1494 1464 domino
1512 1408 1656 1479 possideri.
1684 1409 1734 1464 sed
1752 1408 1803 1466 hoc
1819 1416 1878 1466 tnnc
1890 1401 1947 1469 intel

546 1497 686 1567 ligandum
705 1503 757 1566 est,
776 1513 852 1567 cum,
871 1497 895 1553 sl
913 1496 1101 1568 apprehensus
1118 1496 1213 1566 fuerit,
1232 1511 1287 1552 non
1305 1497 1342 1551 sit
1358 1502 1471 1566 paratus
1488 1513 1539 1568 pro
1557 1496 1685 1552 libertate
1702 1513 1754 1552 sua
1770 1499 1829 1568 [sua
1843 1498 1946 1572 libertate]

546 1587 663 1655 litigare.
691 1601 754 1640 nam
773 1587 797 1641 si
815 1592 927 1655 paratus
945 1589 990 1640 est
1007 1585 1063 1655 [sit]
1081 1585 1197 1656 litigare,
1216 1599 1271 1640 non
1288 1583 1428 1642 uidebitur
1446 1585 1592 1652 adomino
1609 1585 1758 1656 ppssideri,
1776 1587 1819 1642 eni
1835 1603 1863 1643 se
1877 1589 1949 1646 aines

547 1675 648 1730 sadum
668 1675 851 1744 praeparauit.

500 1772 529 1814 ns
601 1777 625 1817 e.
640 1762 684 1818 31.
720 1761 921 1817 Pandectarum
945 1761 996 1818 lib⁰
1011 1762 1073 1818 lxc
1118 1760 1147 1818 Si
1170 1777 1281 1818 seruum
1307 1763 1394 1832 [tuum
1418 1762 1476 1832 ιω]
1499 1762 1632 1818 latronem
1655 1761 1721 1816 insi-
1738 1758 1951 1848 [rteQ

548 1851 669 1906 dientem
688 1847 741 1906 ‘sibi
759 1850 892 1910 occiderit
909 1851 979 1920 quis,
998 1866 1111 1906 securus
1129 1850 1182 1906 erit
1200 1850 1384 1920 [insidiantem
1403 1850 1469 1906 mihi
1486 1851 1621 1920 occidero,
1640 1865 1755 1906 secnrm
1772 1852 1839 1921 ere]:
1856 1855 1951 1908 named

547 1955 645 1996 nereus
667 1939 818 2010 periculum
842 1939 974 1994 naturalis
997 1939 1066 1995 ratio
1090 1954 1120 1995 ao
1143 1939 1278 2010 permittit
1300 1938 1448 1995 defendere
1467 1939 1610 2010 [permittit
1626 1955 1658 1994 se
1677 1938 1753 2008 deti.
1788 1941 1843 1996 Lex
1860 1937 1952 2025 [ι’,ιᾟ

548 2028 693 2084 duodecim
712 2027 866 2084 tabularum
886 2026 973 2082 iurem
992 2033 1075 2083 noctu
1094 2027 1294 2098 deprehensum
1312 2029 1438 2084 occidere
1455 2029 1604 2098 permittit,
1622 2033 1655 2082 nt
1671 2033 1764 2083 tamem
1781 2029 1810 2083 in
1828 2018 1953 2101 [idipso-n

548 2132 610 2172 cum
630 2117 749 2172 clamore
766 2115 937 2172 tesdficetur.
965 2115 1101 2172 interdum
1121 2118 1168 2186 [etr
1187 2125 1263 2172 ettam
1282 2117 1349 2182 Po,
1367 2117 1486 2173 interdiu
1506 2116 1600 2187 ΗΜ]
1618 2121 1711 2172 autem
1729 2117 1911 2186 deprehensum
1926 2121 1955 2175 its

501 2215 529 2256 ao
547 2205 711 2275 permittunt
729 2205 879 2275 [permittit]
899 2204 1039 2275 occidere,
1057 2206 1082 2260 sl
1100 2206 1124 2260 is
1142 2211 1171 2260 et
1188 2205 1228 2275 [et
1245 2206 1304 2275 om]
1324 2207 1379 2262 tolo
1397 2221 1427 2262 se
1447 2205 1486 2276 [se
1504 2206 1569 2276 telo]
1587 2204 1750 2262 detenderet
1768 2205 1916 2279 [deiendatl,
1932 2215 1956 2264 ot

548 2299 641 2350 umen
661 2295 758 2364 [acque
776 2294 836 2362 ina]
854 2309 917 2348 cum
936 2295 1055 2348 clamore
1073 2291 1245 2349 testificetur.

500 2453 502 2456 Ι
602 2398 626 2437 c.
640 2383 684 2436 32.
715 2381 744 2436 Si
763 2397 860 2437 seruus
878 2382 983 2438 sciente
1001 2381 1112 2438 domino
1130 2382 1239 2452 oceidit,
1259 2383 1288 2438 in
1306 2381 1423 2438 solidum
1441 2381 1581 2438 dominnm
1599 2382 1666 2439 obli·
1685 2378 1789 2466 [sni
1805 2395 1957 2456 1).a‚aspr.

549 2473 605 2540 gat,
623 2470 683 2540 ipse
702 2470 774 2526 enim
792 2469 903 2526 uidetur
921 2470 1048 2526 dominus
1065 2469 1214 2526 occidisse:
1237 2471 1371 2526 siautem
1390 2472 1559 2544 inscientem,
1578 2473 1694 2528 noxialis
1713 2473 1848 2537 (innoxius
1864 2477 1956 2539 narrt]

550 2557 675 2628 [noxalis]
695 2564 750 2612 est:
775 2573 826 2613 nee
845 2559 917 2614 enim
936 2558 1033 2614 debuit
1050 2573 1086 2614 ex
1103 2557 1238 2615 maleficio
1255 2561 1328 2616 serui
1346 2561 1374 2616 in
1392 2561 1454 2630 plus
1472 2561 1573 2629 teneri,
1595 2576 1678 2630 qnam
1701 2567 1734 2616 ut
1750 2575 1837 2616 noxae
1853 2577 1907 2616 eum
1922 2562 1957 2616 de

502 2659 531 2700 ss
549 2646 631 2702 datis.
652 2646 754 2716 [dedat.
773 2647 800 2702 ls
818 2647 866 2716 qui
883 2662 939 2702 non
956 2646 1084 2717 prohibet
1101 2649 1156 2717 est]
1537 2671 1538 2674 ¹

602 2750 626 2790 e.
640 2735 683 2790 51.
711 2735 769 2790 Nec
787 2735 846 2804 [Nc]
866 2737 975 2806 patroni
998 2743 1166 2808 patronaeue
1191 2736 1343 2807 [paeones]
1366 2737 1499 2792 aduersum
1519 2736 1632 2794 libertos
1653 2752 1704 2793 nec
1723 2735 1752 2821 [r.
1764 2751 1828 2796 181⁴:
1843 2749 1869 2796 1).
1878 2751 1911 2804 aa,
1921 2750 1959 2819 ej
1972 2751 2022 2798 tut

550 2823 658 2893 [neque]
676 2822 767 2880 liberti
785 2823 919 2880 aduersus
937 2831 1081 2894 patronum
1101 2831 1235 2895 cogantur
1252 2825 1439 2882 testimonium
1457 2825 1557 2880 dicere.

602 2927 626 2966 e.
639 2913 683 2967 52.
711 2911 795 2982 Apud
813 2927 909 2968 omnes
926 2927 1015 2983 seque
1030 2913 1185 2984 [peremne]
1205 2919 1303 2984 gentes
1321 2914 1541 2970 animaduertere
1560 2929 1708 2984 possumus
1725 2914 1841 2970 dominis
1858 2910 1959 2998 [iffi

549 3000 578 3056 in
596 3015 692 3056 seruos
710 3001 785 3056 uitae
803 3001 933 3072 necisque
951 3005 1117 3071 potestatem
1141 3017 1202 3057 essa
1221 3001 1326 3072 [subse]
1349 3009 1378 3058 et
1400 3003 1593 3073 quodcumque
1616 3018 1666 3073 per
1688 3018 1799 3059 seruum
1823 3004 1960 3074 adquiritur,

502 3101 531 3142 ao
549 3089 578 3145 id
596 3089 707 3146 domino
725 3089 886 3159 adquiritur.

602 3193 626 3233 e.
642 3178 701 3233 105.
730 3179 930 3234 Pandectarum
948 3177 1026 3234 libro.
1054 3177 1083 3234 Si
1101 3179 1164 3248 quis
1182 3177 1284 3234 iudicio
1306 3194 1337 3234 se
1362 3178 1422 3234 sisti
1446 3179 1602 3248 promiserit
1624 3185 1653 3235 et
1675 3181 1826 3236 ualitudine
1844 3175 2018 3266 [figatur

549 3265 593 3320 nel
615 3269 780 3336 tempestate
802 3267 848 3322 nel
871 3267 899 3323 ui
923 3265 1042 3323 fluminis
1066 3266 1226 3336 prohibetur
1249 3265 1420 3338 [prohibitus]
1444 3283 1476 3324 se
1499 3268 1597 3324 sistere
1620 3284 1675 3324 non
1698 3271 1800 3342 possit,
1822 3272 1961 3341 exceptione

549 3353 704 3408 adiunctur.

601 3443 680 3498 ltem.
708 3443 787 3509 Quod
811 3443 927 3500 dicimus
951 3443 1090 3515 [diximus]
1120 3445 1242 3501 succurri
1264 3445 1290 3500 ei
1313 3445 1396 3500 etiam
1420 3445 1512 3516 [etiarn
1531 3445 1567 3514 el]
1592 3446 1640 3516 qui
1662 3449 1829 3517 tempestate
1859 3457 1962 3528 stiffi

502 3543 531 3584 ss
550 3537 599 3586 aut
616 3532 644 3586 ui
661 3531 780 3586 fluminis
798 3532 951 3602 prohibitus
969 3534 1131 3603 conuenit,
1155 3539 1348 3603 tempestatem
1372 3535 1413 3589 sic
1436 3535 1588 3604 intelligere
1612 3533 1746 3591 debemus
1769 3537 1828 3590 siue
1850 3523 1962 3591 maritam

544 3621 706 3690 {maritima}
724 3621 783 3676 siue
801 3621 938 3676 terrestris
959 3623 1005 3691 [sit
1017 3622 1084 3692 ιιι]
1114 3627 1308 3692 tempestatem
1321 3622 1361 3678 sio
1373 3623 1424 3688 (sie
1442 3623 1489 3677 del.
1502 3641 1534 3676 m.
1548 3624 1576 3690 2)
1588 3624 1738 3694 intelligere
1751 3625 1879 3680 debemus
1889 3625 1962 3690 talen,

481 3697 487 3708 ”
550 3724 621 3778 quae
645 3709 842 3780 impedimento
865 3711 902 3764 sit
924 3711 1013 3766 itineri
1037 3711 1082 3765 uel
1105 3711 1274 3780 nauigationi
1297 3711 1492 3780 (nauigationis
1515 3732 1547 3764 m.
1561 3715 1597 3778 1).
1639 3711 1689 3768 Uis
1711 3711 1830 3768 fluminis
1847 3708 1962 3796 Q

551 3799 633 3853 etiam
652 3799 711 3853 sine
729 3803 894 3866 tempestate
912 3797 1073 3868 accipienda
1091 3805 1147 3854 est:
1170 3801 1212 3855 nis
1232 3800 1307 3870 [uim]
1326 3799 1445 3856 fluminis
1462 3799 1638 3870 intelligimus
1659 3803 1687 3854 ct
1705 3802 1729 3856 si
1748 3802 1902 3870 magnitudo
1918 3802 1963 3856 eiua

551 3886 747 3956 impedimento
765 3888 802 3942 sit
820 3887 880 3942 siue
897 3903 968 3957 pons
986 3887 1093 3944 solutus
1111 3889 1209 3944 situel
1227 3889 1368 3958 nauigium
1387 3903 1442 3944 non
1460 3889 1539 3943 stetit
1559 3889 1605 3958 [ric
1623 3889 1681 3954 PU,
1699 3894 1756 3945 stet
1775 3891 1818 3960 1]

503 3985 532 4026 so
603 3975 682 4030 item.
711 3974 910 4045 siniriacum
923 3975 1010 4030 Rome
1022 3981 1105 4045 esset,
1123 3977 1184 4046 ipso
1201 3982 1325 4046 tempore
1338 3977 1526 4046 promissionis
1538 3977 1653 4032 amtendi
1667 3983 1696 4034 et
1708 3981 1830 4046 (0tna1)
1848 3973 1963 4062 Q

552 4063 590 4132 [et
608 4063 666 4132 one]
687 4064 761 4119 nulla
779 4065 943 4120 necessitate
960 4069 1077 4134 urgente
1095 4065 1245 4120 uoluntatis
1270 4065 1315 4134 [ric
1334 4065 1403 4129 PU·‚
1425 4065 1575 4135 uoluptatis
1593 4066 1628 4136 F]
1650 4082 1737 4122 cansa
1759 4069 1788 4124 in
1809 4069 1963 4138 municipium

551 4149 693 4222 proiectus
720 4157 764 4208 est
788 4153 857 4222 [sit],
884 4169 974 4208 nonne
998 4153 1127 4224 indignus
1149 4159 1205 4224 est,
1233 4154 1278 4208 cni
1306 4153 1384 4224 [haec
1408 4153 1465 4224 ina]
1493 4155 1619 4225 exceptio
1644 4157 1834 4226 patrocinetur
1859 4157 1964 4230 [pauori-

551 4239 665 4309 neturl'l

604 4329 681 4384 ltcrn.
711 4327 741 4384 Si
759 4327 854 4385 sunere
872 4329 1023 4386 domestico
1042 4329 1103 4402 quis
1128 4329 1199 4401 [quis
1217 4329 1379 4402 domestico]
1398 4330 1546 4402 impeditus
1564 4347 1619 4388 non
1637 4333 1728 4404 uenit,
1747 4333 1832 4390 debet
1861 4329 1964 4404 ιη’-,ᾗ

502 4427 531 4468 se
550 4417 575 4472 ei
594 4418 721 4488 exceptio
739 4417 823 4472 dari1.

602 4507 682 4562 Item.
709 4506 803 4576 Pacta,
822 4522 894 4576 quse
912 4511 1019 4578 turpem
1038 4523 1150 4566 causam
1168 4509 1318 4580 continent,
1336 4523 1392 4565 non
1409 4515 1475 4564 sunt
1492 4507 1673 4566 obseruanda.
1830 4515 1966 4571 a,1t‚ti‚t

547 4681 567 4738 b
602 4595 681 4650 item
714 4594 817 4651 Contra
839 4597 905 4652 iuris
929 4597 1018 4654 ciuilis
1040 4599 1143 4668 regulis
1167 4597 1294 4668 [regulas]
1318 4603 1401 4668 pacta
1424 4603 1560 4654 conuenta
1584 4603 1646 4654 rata
1669 4614 1726 4656 non
1750 4600 1798 4657 ha·
1815 4594 1967 4686 [Es—‘sapi

568 4689 656 4738 entur.

603 4880 613 4914 ¹
632 4878 703 4940 Quae
722 4885 781 4945 pest
797 4877 861 4930 haec
878 4881 991 4946 repperit
1002 4881 1137 4950 Scrignins
1150 4891 1251 4950 sumpts
1268 4898 1300 4934 ex
1317 4881 1390 4935 titulo
1407 4881 1440 4934 de
1452 4883 1521 4936 feriis
1533 4883 1566 4936 D,
1579 4881 1615 4950 (2,
1627 4881 1672 4950 12)
1685 4883 1702 4935 l.
1716 4885 1729 4936 l
1741 4901 1781 4954 pr.
1794 4887 1808 4954 ξ
1824 4887 1836 4938 l
1850 4897 1876 4938 et
1885 4885 1901 4937 l
1910 4885 1924 4936 8
1934 4901 1971 4952 pr,

549 4967 566 5002 a
583 4949 669 5006 codiee
686 4949 844 5002 Berelinensi
861 4951 960 5004 absunt.
