4074 5408
189 230 464 281 s1ors1rroanronn
857 203 941 286 951
1006 194 1010 208 Ι
1356 212 1382 280 L
1407 215 1447 280 16
1468 220 1618 276 eoa-aot
1678 231 1684 246 ·

131 369 172 429 >2
240 372 382 428 Annaeus
400 371 501 426 Uarrus
523 369 592 425 libro
615 368 735 425 seeundo
759 368 936 437 digestorum.
954 395 955 398 ¹
974 369 1042 424 Cum
1067 371 1095 424 in
1120 373 1286 426 testamento
1309 371 1440 441 seriptum
1477 379 1658 439 uastitas

187 549 251 604 lieet
276 549 365 604 minus
388 563 563 604 consumere:
587 548 611 602 si
633 547 750 617 amplius
773 548 868 618 uellet,
892 548 957 602 lieet
981 561 1069 617 neque
1093 547 1129 603 ob
1152 563 1213 603 eam
1233 553 1290 603 rem
1310 553 1406 604 eontra
1423 553 1618 604 testamentum

187 635 278 693 iaoere
296 637 414 693 uidetur.
1636 652 1652 692 a

131 724 170 785 ›ss
240 727 318 782 lnam
336 725 404 783 libro
422 726 539 796 septimo
558 725 735 795 digestorum.
762 725 794 780 In
812 725 873 794 lege
891 724 1015 780 censoria
1032 729 1127 794 portas
1140 723 1248 780 Sieiliae
1261 726 1300 780 ita
1312 727 1443 796 seriptum
1462 721 1618 809 [ffl‘r‘ai
1636 734 1658 788 s

187 819 261 871 erat:
280 815 397 884 'aoratos,
422 831 492 885 quos
510 815 617 870 domum
635 815 696 883 quis
714 813 797 868 duoet
814 829 865 868 suo
883 829 949 882 usu,
974 829 1023 882 pro
1048 814 1072 868 is
1090 815 1239 883 portorium
1258 829 1293 868 ne
1312 813 1393 869 dato'.
1427 817 1618 884 quaerebatur,

187 905 291 975 siquis
310 921 327 960 a
345 903 437 960 Sicilia
454 919 550 960 seruos
568 904 682 958 Romam
701 903 823 958 mitteret
840 901 917 957 fundi
935 903 1086 957 instruendi
1105 917 1202 971 eausa,
1228 911 1317 958 utrum
1337 903 1446 973 probis
1465 903 1619 960 hominibus
1654 897 1656 904 ’

186 995 339 1064 portorium
357 993 422 1050 dare
442 993 554 1048 deberet
571 1007 622 1047 neo
640 1007 684 1048 ue.
710 991 852 1062 respondit
869 991 939 1046 duae
957 1005 1019 1046 esse
1036 992 1065 1045 in
1083 990 1134 1045 hae
1146 993 1280 1062 scriptura
1292 994 1476 1062 quaestiones,
1494 995 1618 1065 primam,
1728 1007 1731 1016 ’

187 1083 254 1154 quid
277 1089 352 1138 esset
369 1083 487 1137 ‘domum
511 1081 628 1151 duoere',
654 1083 782 1151 alteram,
806 1079 872 1150 quid
895 1085 970 1135 esset
987 1080 1045 1136 ‘suo
1062 1097 1114 1136 usu
1133 1079 1249 1136 dnoere'.
1279 1081 1363 1150 igitur
1380 1083 1474 1151 quaeri
1492 1084 1618 1152 soleret¹,

187 1177 288 1242 amum,
307 1171 355 1227 ubi
373 1173 489 1241 quisque
506 1169 643 1226 babitaret
661 1171 720 1225 siue
739 1171 766 1225 iu
785 1170 926 1239 prouineia
943 1170 1002 1224 siue
1020 1167 1048 1224 in
1066 1170 1153 1239 Italia,
1172 1186 1206 1224 au
1225 1169 1369 1224 dumtaxat
1384 1171 1411 1224 in
1424 1187 1475 1226 ana
1487 1173 1619 1242 oniasque
1639 1184 1667 1225 ro

186 1262 278 1331 patria
300 1259 397 1315 domus
420 1275 481 1315 esse
505 1265 580 1314 reete
604 1259 735 1314 dioeturl.
768 1259 816 1313 sed
836 1259 871 1314 de
889 1274 923 1313 ea
941 1273 970 1314 re
988 1259 1166 1314 constitutum
1185 1273 1246 1314 esse
1264 1273 1325 1314 eam
1343 1259 1453 1315 domum
1474 1262 1619 1330 unicuique

186 1357 310 1405 noenum
330 1348 430 1404 debere
448 1349 606 1418 existimari,
627 1347 675 1404 ubi
693 1349 808 1418 quisque
827 1347 908 1404 sedes
926 1353 955 1403 et
971 1347 1080 1403 tabulas
1097 1347 1211 1404 baberet
1228 1363 1393 1417 suarumque
1412 1363 1501 1404 rerum
1520 1351 1620 1405 musu-

186 1440 321 1494 tutionem
344 1436 463 1493 ieoisset.
496 1437 562 1508 quid
586 1443 677 1493 autem
697 1443 771 1492 esset
788 1436 848 1492 ‘usu
867 1435 933 1506 suo',
956 1451 1084 1506 magnam
1102 1436 1231 1492 babuisse
1248 1436 1455 1492 dubitationem.
1485 1443 1514 1492 et
1532 1439 1619 1508 magis

186 1529 305 1598 plaeet⁸,
330 1527 404 1597 qnod
428 1529 518 1582 uictus
542 1528 585 1582 sui
603 1543 688 1582 eausa
705 1533 830 1597 paratum
849 1529 906 1593 est,
925 1530 1032 1580 tautum
1051 1526 1192 1580 contineri.
1225 1525 1345 1596 itemque
1363 1525 1399 1582 da
1416 1527 1504 1582 seruis
1522 1527 1618 1582 eadem

186 1618 294 1672 ratione
317 1617 424 1686 quaeri,
448 1617 495 1686 qui
518 1631 611 1672 eorum
635 1632 702 1671 usus
725 1616 767 1670 sui
786 1630 871 1670 eausa
888 1615 977 1684 parati
994 1614 1107 1670 essent?
1138 1619 1229 1669 utrum
1248 1615 1465 1685 dispensatores,
1488 1616 1618 1687 insularii,
1638 1629 1666 1670 ιι

187 1707 269 1777 uilici,
289 1707 429 1774 atrienses,
448 1709 578 1776 textores,
597 1705 714 1775 operarii
726 1719 834 1774 qnoque
847 1703 949 1772 ruatioi,
962 1703 1009 1772 qui
1022 1719 1150 1773 agrorum
1163 1704 1337 1760 oolendorum
1351 1721 1435 1760 eausa
1446 1704 1619 1775 haberentur,

187 1811 222 1851 ex
241 1795 340 1864 quibus
359 1796 432 1864 agris
450 1791 663 1864 paterfamilias
681 1792 787 1848 fruetus
806 1796 924 1863 saperet,
943 1791 1042 1862 quibus
1060 1807 1090 1846 se
1105 1793 1242 1863 toleraret,
1262 1809 1356 1849 omues
1369 1794 1487 1864 denique
1499 1795 1619 1864 seruos⁴,

187 1899 257 1954 qnos
281 1884 396 1954 quisque
419 1884 544 1953 emisset,
569 1888 600 1938 ut
623 1885 682 1953 ipse
705 1882 819 1937 baberet
842 1887 925 1950 atque
948 1879 1047 1936 elaad
1071 1881 1189 1950 aliquam
1213 1897 1269 1937 rem
1289 1887 1425 1952 uteretur,
1450 1898 1539 1952 neque
1557 1882 1620 1938 ideo

188 1973 313 2043 emisset,
335 1981 367 2028 ut
390 1973 540 2028 uenderet?
572 1977 601 2028 et
624 1971 675 2026 sibi
699 1972 786 2026 uideri
809 1985 857 2026 eos
876 1969 986 2024 demum
1004 1985 1071 2024 usus
1089 1971 1132 2025 sui
1150 1986 1234 2025 eausa
1250 1975 1357 2041 patrem
1375 1969 1492 2026 familias
1510 1969 1619 2042 babere,

187 2063 235 2132 qui
253 2063 289 2117 ad
307 2063 366 2117 eius
384 2077 483 2132 eorpus
500 2061 632 2116 tuendum
651 2067 734 2130 atque
751 2061 839 2129 ipsius
857 2061 959 2114 oultum
978 2061 1127 2129 praepositi
1146 2060 1329 2130 destinatique
1346 2065 1447 2130 essent,
1466 2075 1520 2130 quo
1532 2061 1561 2115 in
1572 2075 1618 2130 ge·
1637 2073 1666 2114 ao

188 2165 253 2206 nere
277 2151 439 2221 iunctoresi,
464 2150 635 2220 oubieularii,
658 2149 730 2220 oooi,
755 2149 953 2204 ministratores
977 2153 1061 2218 atque
1078 2149 1137 2219 alii,
1160 2149 1208 2219 qui
1226 2149 1262 2203 ad
1280 2149 1414 2204 eiusmodi
1432 2165 1512 2204 usum
1530 2149 1620 2219 parati

187 2245 289 2310 essent,
308 2245 524 2296 numerarentur.

131 2332 170 2390 04
241 2331 361 2386 Pronus
384 2329 453 2385 libro
477 2327 598 2384 seeundo
621 2327 801 2398 epitomarum
820 2324 920 2382 Alfeni.
953 2325 1048 2381 ‘Pueri’
1067 2327 1213 2396 appellatio
1233 2333 1290 2382 tres
1309 2324 1444 2396 signifiea—
1462 2322 1658 2411 [ᾗῇ-ᾖε

187 2419 277 2474 tiones
295 2419 392 2474 habet:
415 2435 511 2488 uuam,
532 2433 594 2473 oum
613 2431 707 2472 omnes
726 2431 820 2472 seruos
838 2430 939 2486 pueros
957 2415 1171 2485 appellaremus:
1196 2416 1322 2485 alteram,
1341 2432 1402 2470 enm
1421 2431 1535 2486 puerum
1555 2431 1618 2471 oon·

188 2509 272 2565 uario
291 2509 399 2564 nomina
416 2509 524 2579 puellae
541 2507 707 2562 diceremus:
726 2505 843 2574 tertiam,
862 2520 924 2559 eum
943 2505 1211 2576 aetatem'puerilem
1230 2505 1487 2560 demonstraremus.
1637 2518 1666 2558 ιι

131 2598 170 2659 05
242 2599 318 2654 lona
336 2597 405 2654 libro
423 2605 518 2666 quarto
537 2598 715 2667 epitomarum
734 2593 836 2650 Alieni.
864 2594 915 2660 Qui
933 2593 1047 2650 fundum
1066 2593 1205 2664 uendidit,
1224 2593 1349 2665 'pomum’
1368 2609 1442 2650 reoe·
1462 2589 1617 2677 [ffel
1636 2601 1658 2656 S

187 2689 241 2760 pit:
266 2703 351 2743 nuoes
374 2693 403 2742 et
419 2685 487 2742 fieos
505 2691 534 2741 et
551 2701 621 2744 uuas
638 2684 782 2739 dumtaxat
800 2683 945 2738 duraoinae
963 2689 992 2738 et
1009 2699 1159 2754 purpureas
1177 2688 1206 2738 et
1224 2699 1295 2754 quae
1313 2684 1373 2739 eius
1390 2685 1498 2754 generis
1516 2691 1617 2756 essent,

188 2794 258 2849 quas
276 2793 331 2833 uon
350 2777 406 2832 uiui
424 2792 508 2831 eausa
525 2774 697 2843 haberemus,
716 2787 785 2842 quas
804 2772 903 2828 Graeoi
918 2773 1260 2844 rpoiiuorcappellarent,
1278 2779 1390 2844 reoepta
1406 2773 1503 2829 uideri.

131 2867 170 2926 06
241 2868 383 2923 Ismeuon
400 2865 469 2920 libro
488 2870 566 2920 sexto
585 2879 620 2918 ex
637 2863 756 2918 Minicio.
786 2861 911 2918 'Uinaria'
929 2877 998 2916 uasa
1014 2862 1123 2932 proprie
1140 2878 1209 2918 uasa
1222 2864 1370 2918 toreularia
1382 2877 1443 2918 esse
1462 2859 1658 2946 [ffls

187 2957 291 3026 placet:
309 2955 383 3010 dolia
401 2959 491 3009 autem
510 2957 539 3009 et
556 2953 642 3008 serias
660 2951 765 3006 tamdiu
783 2951 810 3006 in
829 2967 863 3008 ea
881 2967 965 3006 eausa
982 2965 1053 3020 ease,
1072 2951 1203 3020 quamdin
1219 2953 1312 3007 uiuum
1325 2951 1465 3021 haberent,
1484 2969 1545 3007 oum
1559 2954 1618 3009 sine
1637 2965 1666 3005 so

187 3047 253 3100 uiuo
271 3060 332 3100 esse
351 3045 515 3113 desinerent,
533 3043 562 3098 in
579 3057 612 3097 eo
630 3055 745 3096 numero
763 3055 818 3096 nou
837 3042 923 3111 esset,
943 3041 1070 3110 quoniam
1089 3040 1124 3095 ad
1143 3041 1226 3096 alium
1245 3057 1324 3096 usum
1344 3040 1483 3096 oausterri
1497 3049 1618 3113 possent,

187 3134 274 3188 ueluti
295 3133 319 3188 ei
341 3131 507 3188 frumentum
531 3133 559 3187 in
582 3131 624 3186 his
643 3129 769 3185 addatur.
801 3131 916 3185 mndem
935 3145 1046 3185 oausam
1065 3129 1256 3200 amphorarum
1276 3145 1350 3200 esse,
1376 3135 1418 3198 ut,
1444 3145 1505 3185 enm
1524 3131 1617 3186 uinum

187 3221 315 3292 babeant,
334 3228 392 3276 tum
411 3223 439 3276 in
458 3222 532 3276 uasis
549 3219 670 3287 uinariis,
689 3235 751 3274 ourn
770 3219 865 3274 inanes
884 3219 947 3289 sint,
965 3225 1023 3274 tum
1042 3225 1120 3275 extra
1138 3234 1281 3276 numerum
1294 3219 1459 3292 uiuap‘orum
1472 3221 1535 3292 sint,
1554 3222 1619 3291 qnia

188 3311 262 3366 alind
279 3312 307 3366 in
325 3310 367 3366 his
385 3310 450 3365 addi
467 3310 563 3380 possit.
1635 3322 1667 3363 ιι

131 3399 170 3460 07
241 3398 413 3456 Arateaaus
430 3398 499 3454 libro
517 3398 598 3454 tertio
616 3397 817 3468 quaestionum.
844 3394 957 3451 'Marcis'
977 3397 1157 3467 appellatione
1175 3395 1299 3452 homines
1311 3412 1365 3452 non
1379 3413 1441 3452 oon·
1460 3393 1617 3481 [m
1635 3405 1656 3460 S

187 3488 268 3544 tineri
285 3489 357 3544 Mela
380 3489 431 3544 ait:
454 3493 483 3543 et
505 3487 541 3544 ob
564 3503 624 3544 eam
648 3503 704 3543 rem
723 3501 873 3556 mangones
892 3501 946 3542 non
965 3491 1129 3541 mercatores
1148 3486 1197 3541 sed
1215 3487 1405 3543 uenalioiarios
1423 3475 1617 3560 appetibili,

188 3581 217 3632 et
233 3583 316 3633 reete.

187 3701 379 3772 salmoe)

188 3892 197 3925 ¹
216 3889 304 3944 solere
323 3887 424 3955 (Hal-l?
507 3887 518 3920 ²
536 3885 673 3940 diceretur
691 3884 789 3948 (elidii
877 3885 888 3918 ³
908 3887 936 3938 et
954 3884 1042 3952 magis
1060 3883 1158 3953 placet]
1171 3887 1230 3960 suit
1247 3889 1275 3938 et
1292 3899 1365 3954 penu
1388 3886 1430 3940 sui
1448 3903 1515 3942 usus
1533 3903 1618 3944 eausa

187 3966 287 4032 parata
304 3960 393 4028 magis
411 3958 520 4028 plaeere
538 3961 581 4035 (cs.
594 3957 631 4011 D.
641 3957 683 4020 33,
693 3957 718 4020 9,
728 3956 752 4020 3,
764 3955 782 4008 6
794 3955 850 4020 cet.)
921 3956 933 3990 ⁴
951 3970 1046 4009 seruos
1064 3958 1111 4009 dei.
1182 3957 1193 3991 ⁵
1212 3963 1339 4012 auctores
1357 3957 1516 4024 (Uictoriam
1535 3981 1558 4013 ιι.
1569 3961 1617 4028 tl?

188 4035 279 4086 ‘euru
298 4032 357 4086 sine
375 4031 440 4086 uino
459 4035 559 4099 essent,
578 4028 703 4083 desinere
721 4027 749 4082 iu
768 4040 800 4081 eo
819 4041 931 4082 numero
949 4040 1011 4081 esse
1029 4029 1157 4094 (similiter
1175 4027 1263 4096 edet?

187 4214 336 4272 iinmere
351 4215 386 4268 F²
438 4212 589 4270 3minn'e's
598 4211 657 4268 ‘res'
667 4227 827 4267 consumere
840 4211 875 4266 Ρ
928 4219 1011 4281 tores,
1030 4233 1185 4284 quamquam
1193 4217 1260 4286 fieri
1273 4221 1365 4286 potest,
1383 4221 1412 4268 at
1428 4215 1524 4285 duplice
1541 4219 1616 4273 modo

188 4291 205 4342 6
228 4287 349 4354 domum]
378 4288 434 4342 edd.
457 4307 487 4340 aa
511 4307 535 4340 ιι.
548 4288 579 4351 9,
606 4285 687 4340 domo
715 4285 740 4337 F
757 4286 763 4352 Ι
787 4285 828 4340 hia
855 4285 880 4338 l·
929 4288 1055 4339 insolitum
1069 4291 1191 4339 iunctoris
1207 4289 1357 4340 uocabulum
1368 4293 1472 4340 uerterit
1484 4295 1616 4359 interpres.

188 4361 203 4414 ‘l
228 4357 402 4415 hominibus
434 4357 470 4410 F’
572 4359 589 4412 8
619 4357 807 4426 quaestionem
839 4355 875 4408 F¹
928 4359 1073 4429 csptoaeae
1088 4356 1530 4426 p.4838tept.aeaericiunotor.
1553 4361 1617 4415 milit

187 4431 340 4501 iiquaeri
363 4429 463 4484 soleret
487 4429 524 4482 Ρ
596 4431 629 4482 12
652 4426 819 4496 qui‘au'sque
838 4427 875 4479 F’
925 4429 1098 4499 praeferendo
1115 4429 1216 4483 uidetur
1231 4429 1380 4482 Uictoriam
1393 4430 1541 4494 ernmdattq
1559 4451 1615 4486 ma·

188 4505 222 4558 14
238 4503 289 4570 sui]
303 4503 348 4564 Ρ,
361 4501 405 4554 oui
416 4501 450 4552 F¹
505 4501 538 4554 15
550 4498 623 4554 su'e'i
635 4499 671 4552 F‘
687 4501 692 4564 l
707 4500 826 4553 insalarii
841 4499 874 4551 F¹
928 4507 994 4552 sime
1010 4508 1148 4570 propterea
1165 4502 1234 4572 quod
1251 4507 1414 4554 intersertos
1433 4520 1449 4553 o
1461 4502 1563 4555 domino
1581 4505 1618 4558 ud

189 4577 222 4630 18
231 4575 347 4643 quisque
357 4571 487 4626 *emisset
497 4571 521 4622 F
522 4573 534 4605 ²
549 4573 553 4636 1
570 4570 691 4625 haberet
700 4578 782 4640 atque
791 4572 830 4625 eia
840 4570 875 4625 ad
928 4578 1045 4640 eorporis
1063 4573 1154 4624 cultum
1172 4572 1310 4626 destinatos
1329 4579 1418 4626 unctor
1441 4580 1527 4642 aptius
1544 4575 1617 4646 tonpe

187 4645 305 4713 aliquam
315 4660 371 4698 rem
382 4643 554 4698 utereturi*
565 4645 569 4712 Ι
582 4643 790 4706 ideomissetF¹,
803 4642 875 4696 ideo·
923 4647 1031 4710 ponitur
1043 4660 1117 4712 quam
1131 4649 1229 4696 sanctor
1280 4644 1315 4696 22
1333 4644 1549 4713 numerarentur]
1567 4661 1616 4700 nu·

188 4718 283 4770 misset
293 4713 452 4780 (uoluttitleo
462 4715 583 4779 emisset)
596 4715 632 4767 Ρ
680 4713 872 4782 alienatores]
928 4713 1159 4781 meparenturF⁶,
1177 4729 1242 4767 num
1260 4721 1390 4782 parentur
1405 4714 1438 4768 F‘
1486 4718 1520 4770 23
1533 4715 1615 4772 alieni

187 4788 352 4852 Ruiotores
364 4785 485 4850 XYMO,
504 4791 628 4840 ueotores
647 4785 706 4839 Oet
718 4793 756 4839 stc
768 4805 797 4838 es
810 4785 874 4838 libro
927 4785 1106 4852 epitomarum
1118 4784 1153 4837 Ρ)
1200 4787 1235 4839 26
1247 4791 1345 4854 quarto
1358 4786 1393 4841 ad
1406 4787 1621 4858 epitomarumF

189 4859 315 4930 Rloperii]
340 4857 484 4928 Hupob'nua
507 4865 533 4910 ln
556 4857 600 4910 X:
626 4857 650 4909 oi
675 4855 874 4928 crpmuaiouree
927 4857 961 4910 et
980 4855 1049 4910 ubas
1068 4857 1094 4908 F
1140 4855 1174 4910 31
1193 4856 1365 4914 transserr'e'i
1383 4857 1418 4912 F*
1471 4861 1506 4914 32
1525 4861 1548 4914 el
1566 4879 1615 4914 om.

189 4931 226 4984 rei
246 4930 270 4984 oi
289 4928 450 4988 aecuoiureo
467 4927 499 4980 ri
520 4926 636 4997 ὸχιὶιιιτι
654 4927 688 4991 Β,
712 4929 776 4982 uude
792 4933 875 4998 potest
927 4927 953 4979 F
953 4929 963 4962 ¹
980 4929 985 4995 Ι
1000 4927 1042 4982 his
1054 4926 1104 4982 'ad'
1116 4926 1233 4983 addatur
1251 4929 1287 4982 F²

187 5001 271 5058 uideri
288 5001 410 5056 excidisse
423 4999 569 5054 uocabulum
584 5003 715 5054 stratores
730 5005 787 5054 ante
798 4999 873 5053 iune-
