4350 5438
274 261 321 307 ns
343 259 534 334 possessus
770 327 776 340 ¹
943 235 1026 317 901
1227 241 1435 312 XXXXVIIII
1457 247 1496 312 17
1519 255 1554 310 20
1573 283 1605 293 —
1627 249 1704 314 185
1815 336 1819 346 .

276 400 347 456 oisse
365 403 394 454 et
410 403 516 469 patrem
534 397 662 455 heredem
680 399 845 454 instituisse:
864 414 927 454 oum
944 400 1039 469 utique
1057 404 1136 471 pater
1153 405 1317 458 testamento
1330 418 1381 459 sno
1393 419 1473 460 seruo
1484 403 1532 460 filii
1550 404 1704 461 libertatem

276 488 409 559 dedisset,
434 489 481 558 qui
500 487 535 543 ad
553 504 615 543 eum
639 503 674 544 ex
689 493 861 544 ¹testamento
885 487 932 543 lilii
954 490 1090 558 pertinere
1114 492 1249 562 eoeperit,
1273 492 1422 548 uidendum
1444 498 1507 564 est,.
1524 495 1655 564 numquid
1679 495 1704 550 ei
1770 559 1771 564 .

276 579 427 648 eomparari
445 577 558 646 debeat,
583 578 644 648 qui,
668 593 731 633 oum
755 579 1000 647 manumitteretur,
1025 579 1129 634 alienus
1153 586 1226 651 erut,
1250 581 1348 636 deindo
1366 587 1464 651 postea
1481 582 1634 653 adquisitus
1652 589 1703 639 est.

275 667 325 722 sed
344 665 494 722 fauorabile
511 672 554 722 est
570 667 724 723 libertatem
744 683 761 722 a
778 672 855 736 petre
874 665 996 722 reliotam
1014 667 1174 724 admittere:
1193 675 1221 725 et
1233 669 1269 726 ab
1281 671 1358 726 initio
1371 672 1456 741 patris
1468 686 1529 727 esse
1542 687 1603 728 enm
1617 673 1704 728 uideri

275 771 310 811 ox
328 755 389 825 hoo,
407 755 481 826 quod
498 761 596 827 postea
614 757 736 828 contigit,
755 755 915 812 ostenditur.
1722 776 1736 817 5

735 1045 773 1124 it
813 1045 877 1123 DE
904 909 1172 1124 UJEQQNIS
1211 1046 1249 1125 u
1499 1003 1500 1008 .
1583 1049 1704 1138 ffl
1723 1063 1798 1119 nsi>

239 1203 256 1262 1
328 1201 443 1258 Annius
460 1201 630 1257 Manassen
652 1200 721 1258 libro
744 1201 825 1258 tertio
850 1201 885 1257 de
908 1217 937 1257 re
960 1201 1078 1258 militari.
1115 1201 1311 1259 Ueteranornm
1332 1203 1505 1275 priuilegium
1523 1204 1595 1260 inter
1613 1199 1751 1261 oeternE

276 1293 359 1348 etiam
377 1292 405 1347 in
424 1291 530 1346 deliotis
548 1289 631 1346 hebet
648 1293 882 1362 praerogatiuam,
905 1297 937 1346 nt
959 1297 1121 1362 separentur
1143 1308 1160 1347 n
1183 1293 1282 1348 ueteris
1300 1294 1328 1348 in
1345 1295 1451 1364 poenis.
1478 1308 1530 1349 neo
1547 1293 1583 1349 ud
1602 1292 1704 1350 bestius

276 1382 369 1452 itaque
388 1386 535 1436 ueteranus
553 1379 633 1434 detur
652 1395 703 1434 neo
722 1378 839 1436 fustibus
858 1381 990 1437 caeditur.
1417 1412 1420 1418 ·
1725 1400 1752 1439 ro

238 1471 258 1530 2
330 1469 480 1526 Umrsuus
502 1467 571 1524 libro
594 1469 675 1525 tertio
697 1470 864 1539 opinionum.
900 1471 1022 1525 Honeste
1045 1475 1217 1526 sacramento
1240 1471 1336 1526 solutis
1359 1470 1425 1526 dats
1446 1471 1603 1528 immunitas
1621 1472 1745 1529 etiams
1791 1455 1796 1468 ’

276 1559 304 1615 ln
323 1561 363 1614 eis
382 1557 549 1628 ciuitatibus,
567 1557 641 1628 apud
659 1572 729 1626 quos
747 1559 852 1614 incolae
870 1565 942 1629 sant,
962 1560 1048 1614 nolet:
1067 1575 1119 1615 neo
1138 1559 1148 1630 ll
1168 1558 1358 1630 labefactatur,
1376 1561 1400 1614 si
1418 1561 1479 1630 quis
1497 1575 1590 1616 eorum
1609 1562 1704 1617 uolun·
1722 1574 1738 1620 i.
1749 1569 1803 1622 435¹

243 1654 333 1706 ltnte
357 1663 408 1704 sua
430 1647 560 1703 honorem
583 1651 633 1701 aut
654 1663 753 1703 munus
777 1649 937 1720 susceperit.
980 1647 1132 1718 ertigalis
1158 1654 1186 1704 et
1207 1650 1432 1720 patrimoniorum
1456 1665 1540 1705 onera
1564 1650 1705 1706 sollemnia

275 1753 370 1795 omnes
389 1737 523 1792 sustinere
542 1739 658 1806 oportet.
1725 1756 1753 1796 rs

238 1825 257 1886 3
328 1828 503 1882 Memoriana
529 1824 598 1880 libro
622 1823 744 1880 seeundo
766 1825 931 1894 regularum.
973 1824 1118 1882 Ueteranis
1142 1829 1171 1880 et
1192 1823 1285 1881 liberis
1308 1829 1499 1882 ueteranorum
1523 1826 1596 1882 idem
1619 1826 1744 1884 honorS

275 1915 406 1984 habetur,
430 1915 478 1985 qui
496 1919 524 1970 et
541 1912 747 1969 doounonibus:
769 1913 854 1982 igitur
871 1929 922 1970 neo
940 1915 968 1970 in
986 1915 1125 1970 metallum
1144 1913 1346 1970 damnabuntur
1363 1931 1415 1972 neo
1432 1917 1461 1972 in
1478 1931 1548 1987 opus
1565 1916 1703 1986 publioum

275 2006 319 2062 nel
338 2004 373 2060 nd
391 2004 503 2074 bestias,
521 2018 574 2058 neo
591 2000 710 2058 fustibus
728 2003 888 2058 caeduntur.

236 2097 258 2155 4
328 2093 478 2150 Unrrsuus
496 2091 564 2148 libro
582 2098 680 2162 quarto
699 2091 733 2146 de
751 2091 841 2148 oilioio
860 2091 1037 2163 proconsulis.
1074 2090 1142 2148 Uiae
1161 2092 1323 2148 sternendae
1342 2093 1541 2149 immunitatem
1559 2098 1705 2150 ueteranos
1723 2097 1744 2149 S

275 2199 330 2240 non
347 2181 449 2239 habere
467 2181 535 2237 lolio
554 2179 684 2236 Sossiano
702 2185 834 2235 ueterano
852 2181 1015 2252 rescriptum
1033 2186 1084 2236 est.
1111 2197 1173 2236 nam
1192 2197 1243 2236 neo
1256 2180 1292 2235 ab
1303 2182 1535 2252 intributionibus,
1553 2199 1625 2253 qnae
1643 2200 1705 2253 pos-

242 2286 255 2332 ι
275 2271 444 2328 sessionibus
461 2269 539 2339 flunt,
557 2275 702 2326 ueteranos
721 2284 782 2324 esse
801 2275 947 2325 excusatos
966 2271 1055 2340 pelam
1074 2273 1125 2325 est.
1156 2269 1212 2326 Sed
1229 2274 1258 2325 et
1269 2285 1355 2326 naues
1368 2285 1462 2326 eorum
1474 2273 1611 2342 angariari
1622 2287 1705 2342 posse
1724 2289 1753 2329 so

274 2361 354 2418 Aelio
372 2361 464 2416 Firmo
482 2364 511 2414 et
528 2359 684 2415 Antonino¹
704 2359 783 2414 Claro
801 2359 939 2414 ueteranis
958 2360 1119 2429 rescriptum
1138 2363 1213 2420 est..
1377 2365 1379 2369 ’

238 2453 256 2513 5
327 2449 446 2506 Pauuus
463 2448 532 2504 libro
550 2448 682 2518 singulari
700 2447 734 2503 de
753 2447 963 2516 cognitionibus.
991 2447 1143 2504 Ueteranos
1162 2447 1242 2504 diuus
1253 2448 1370 2518 Magnus
1382 2447 1539 2504 Antoninus
1550 2463 1613 2503 onm
1626 2452 1704 2519 petre
1724 2451 1750 2504 P

243 2554 255 2599 1
275 2554 326 2595 suo
345 2539 484 2609 rescripsit
501 2553 518 2592 a
535 2538 646 2593 nauium
665 2536 769 2593 labriee
786 2537 920 2591 excusari.
957 2535 1012 2593 Sed
1030 2541 1059 2592 et
1077 2535 1112 2593 nb
1136 2537 1288 2592 exuensne·
1302 2536 1464 2592 tributorum
1488 2535 1590 2594 habent
1607 2540 1703 2594 immu-

241 2643 256 2688 n
274 2629 404 2699 nitatem,
428 2627 479 2683 hoo
497 2631 540 2682 est
557 2641 592 2682 ne
610 2632 752 2682 ornatores
775 2625 938 2681 tributorum
957 2627 1165 2682 eonstituantnr.
1203 2625 1256 2682 Sed
1275 2625 1413 2696 ueterani,
1436 2625 1484 2696 qui
1500 2627 1576 2698 passi
1593 2633 1658 2684 sunt
1675 2628 1703 2683 in

273 2716 396 2773 ordinem
414 2717 477 2786 legi,
496 2715 653 2772 muneribus
670 2715 749 2786 fungi
766 2719 910 2787 eoguntur.
1722 2722 1751 2765 rr

275 2822 466 2894 HXYMOO)

274 2979 285 3014 ¹
304 2973 445 3031 Antonio?

274 3125 617 3184 doummumittereturF
646 3123 878 3196 omnuimgiw
913 3124 1113 3182 10uestiasF·
1150 3127 1183 3182 12
1195 3124 1391 3196 quss1quosF
1420 3103 1704 3196 24snnt1snntseF’
