3584 5454
98 277 147 324 na
169 273 357 324 nouamon.
373 219 420 322 nr⁴
439 273 606 322 ornnesr.
723 299 724 302 =
769 249 856 330 697
1142 253 1306 322 XXXXVI
1329 256 1345 320 l
1370 261 1402 316 71
1424 289 1456 302 -
1476 255 1531 320 21

32 417 79 480 71
152 415 271 472 Pinnos
292 414 361 471 libro
385 417 483 485 quarto
506 413 707 483 quaestionum.
744 411 863 470 Granius
881 411 1037 469 Antoninus
1060 427 1109 484 pro
1133 413 1217 470 ιιιιιοι
1236 412 1358 470 Pollione
1376 407 1533 497 [Q
1563 419 1601 474 ΡΙ

99 509 131 560 et
146 504 215 561 Iulio
232 503 305 560 Rufo
321 504 465 576 peouniam
484 507 607 559 mutuam
626 502 833 580 arripientibus,
852 503 891 558 ita
908 507 940 558 ut
958 502 1013 558 duo
1030 504 1069 558 rei
1088 503 1211 558 eiusdem
1230 501 1315 558 debiti
1332 501 1442 567 fuerint,
1459 502 1534 573 apud

99 593 243 650 Aurelium
260 594 381 650 Palmam
407 593 551 650 mandator
568 592 686 648 exstitit:
711 592 772 648 lulii
790 590 862 648 bona
881 591 916 648 ad
934 589 1031 648 fisoum
1049 597 1195 648 uenerunt:
1219 593 1342 648 similiter
1360 595 1390 647 et
1406 591 1533 648 oreditori

99 682 184 740 fissus
201 688 380 740 motasserat
407 682 552 738 mandator
568 681 707 752 allegabat
725 696 755 736 se
773 679 917 736 libonotum
936 680 994 736 iure
1013 678 1188 752 eoniurionis,
1207 682 1272 752 quia
1283 679 1366 736 tiseos
1377 684 1435 736 tam
1447 681 1533 737 orodi·

99 774 154 830 tori
176 789 258 844 quam
282 771 398 828 debitori
421 775 601 828 sueoeaserat
633 776 662 825 et
684 769 795 842 quidem
819 770 844 824 si
866 785 936 825 nnus
955 769 1062 825 debitor
1079 769 1190 841 fuisset,
1213 786 1268 828 non
1285 769 1444 826 dubitabam
1462 771 1565 828 sioute

98 861 298 932 fideiussorem,
316 863 357 917 ita
374 866 403 916 et
420 859 608 916 mandatorem
626 858 770 916 liberatum
789 873 865 916 ease:
884 859 1010 929 quamuis
1028 859 1099 916 enim
1118 860 1219 916 iuditio
1238 863 1374 916 nonnemo
1391 861 1534 932 pnnoipali

99 952 224 1008 debitore
249 951 394 1007 mandator
416 965 471 1006 non
493 948 637 1019 liberetur,
661 953 753 1004 tamm
776 947 824 1004 nbi
847 950 981 1004 suooessit
998 949 1117 1004 traditor
1135 949 1265 1020 debitori,
1288 950 1374 1006 ueluti
1391 951 1534 1007 solutionis

98 1042 160 1098 iure
182 1039 292 1096 sublata
314 1037 481 1109 obligatione
505 1039 588 1094 etiam
611 1037 756 1093 mandator
777 1037 921 1108 liberetur,
945 1039 990 1094 uel
1014 1039 1078 1108 quia
1095 1054 1150 1094 non
1167 1043 1261 1109 potest
1277 1053 1327 1110 pro
1345 1039 1441 1098 eodem
1460 1040 1535 1112 apud

99 1130 220 1186 eundem
237 1129 300 1200 qnia
316 1129 462 1184 mandator
478 1142 549 1184 asse.
581 1126 631 1182 sed
649 1142 712 1182 eum
731 1126 786 1182 duo
804 1127 844 1182 rei
862 1127 1039 1198 promittendi
1057 1126 1113 1184 sint
1130 1132 1159 1184 et
1176 1129 1255 1184 alteri
1271 1127 1351 1184 berea
1369 1129 1460 1186 extitit
1477 1145 1534 1186 ore·

99 1219 182 1288 ditor,
200 1219 274 1274 iusta
290 1218 426 1274 dubitatio
443 1221 496 1288 est,
514 1222 606 1272 utrum
624 1217 693 1272 alter
711 1230 820 1285 quoque
838 1215 971 1274 liberatus
988 1223 1040 1286 est,
1058 1232 1092 1272 ao
1109 1217 1134 1272 si
1145 1215 1481 1291 solutasuissetpeonnia,
1499 1237 1535 1276 an
1554 1228 1582 1270 ιι

98 1323 220 1380 persona
236 1311 344 1364 ιιιιιιιιι
362 1311 491 1376 exempta
507 1303 623 1362 ooniusa
640 1303 816 1376 obligatione.
845 1309 874 1362 et
891 1311 958 1375 puto
977 1305 1098 1362 aditione
1114 1305 1274 1364 hereditatis
1291 1306 1450 1364 oonfusione
1467 1307 1535 1366 obli·

100 1398 222 1468 gationis
244 1397 327 1454 eximi
349 1411 510 1467 personam:
533 1393 584 1450 sed
607 1399 637 1450 et
654 1393 826 1450 aooessiones
845 1409 879 1450 ax
896 1395 956 1450 eius
974 1411 1092 1465 persona
1108 1394 1217 1452 liberari
1235 1401 1347 1468 proptor
1363 1398 1436 1454 illam
1453 1399 1535 1456 ratio·

100 1503 178 1557 nem,
196 1487 333 1557 quianon
350 1490 533 1557 possuntpro
552 1483 649 1539 eodem
667 1481 742 1552 apud
760 1481 877 1538 eundem
896 1483 1009 1554 obligati
1026 1499 1101 1554 esse,
1119 1489 1151 1542 ιιι
1168 1485 1399 1555 quemadmodum
1416 1488 1536 1558 inoipere

100 1577 171 1632 alias
188 1591 244 1632 non
261 1581 390 1646 possunt,
414 1575 454 1630 ita
471 1588 522 1628 neo
540 1575 707 1630 remaneant.
734 1571 819 1642 igitur
836 1572 953 1632 alterum,
969 1587 1046 1629 reum
1064 1573 1187 1630 eiusdem
1206 1575 1339 1645 paeoniae
1357 1591 1415 1636 non
1428 1577 1536 1634 liberari
1646 1639 1649 1646 ,

102 1671 133 1722 et
154 1681 204 1735 per
225 1664 278 1720 hoe
300 1680 352 1720 nso
376 1663 566 1719 fideiussorem
588 1662 632 1717 uel
652 1660 839 1716 mandatorem
858 1661 926 1718 eius.
958 1662 1583 1737 planequiaismandatiindioioeligere1⁸

101 1754 257 1828 potastuel
275 1753 451 1822 eruditorem,
471 1752 680 1822 competitorem
700 1749 725 1805 ei
744 1749 934 1820 arreptionem
952 1751 1008 1808 doli
1025 1751 1097 1822 mali,
1116 1752 1140 1808 si
1158 1753 1280 1822 eoeperit
1296 1755 1445 1812 oonueniri.
1474 1771 1537 1814 oum

102 1847 190 1901 altero
207 1849 300 1899 autem
317 1857 365 1899 reo
383 1843 428 1898 nel
445 1839 612 1909 insolidum,
631 1839 655 1894 si
668 1853 722 1895 non
734 1837 817 1896 suerit
828 1839 955 1910 serietas,
973 1841 1019 1896 uel
1030 1841 1058 1896 in
1070 1845 1185 1920 partem,
1203 1842 1227 1896 sl
1240 1843 1306 1898 sooli
1318 1841 1436 1914 inerunt,
1454 1859 1536 1915 posse

102 1933 266 1991 creditorem
285 1947 376 2003 agere.
404 1930 478 2001 quod
496 1930 520 1985 si
538 1929 657 1984 ereditur
673 1925 827 1984 fideiussori
841 1928 921 1984 berea
933 1927 1017 1984 inerit
1028 1931 1073 1986 nel
1084 1920 1229 1986 fideiussor
1240 1929 1375 2002 creditori,
1393 1937 1461 2003 puto
1473 1949 1537 1991 oon-

63 2036 80 2082 1
101 2024 198 2080 uenire
216 2019 376 2078 eoniusione
394 2019 569 2090 obligationis
587 2032 642 2076 non
660 2017 769 2072 liberari
787 2032 873 2074 reum.
900 2016 929 2074 si
948 2032 1082 2088 ponamus
1100 2035 1184 2076 unum
1203 2034 1238 2075 er
1256 2016 1433 2103 [Bs.11,1,21
1448 2035 1537 2083 sablo

101 2113 157 2169 reis
173 2109 351 2184 promittendi
368 2113 479 2180 paetum
498 2123 568 2178 esse,
586 2122 621 2164 ne
640 2123 657 2162 a
674 2121 705 2163 se
722 2111 871 2178 peteretur,
889 2106 989 2163 deinde
1007 2107 1194 2165 mandatorem
1213 2109 1343 2166 soluisse:
1362 2112 1484 2170 mandati
1496 2115 1536 2169 iu·
1555 2120 1583 2162 ιι

102 2201 174 2258 dioio
193 2200 338 2256 eonnenire
356 2199 447 2269 potunt
464 2198 546 2252 etiam
566 2212 638 2266 eum,
656 2211 719 2252 oum
737 2211 792 2267 quo
810 2200 922 2266 paetum
941 2200 998 2252 est:
1018 2213 1072 2254 non
1090 2197 1162 2252 enim
1180 2203 1290 2268 paetum
1309 2201 1452 2258 traditoria
1466 2202 1538 2258 tollit

64 2304 83 2350 a
102 2293 218 2348 alienam
242 2291 387 2345 oudonem.
424 2287 518 2344 Plaoet
539 2285 728 2342 mandatorem
751 2285 839 2342 teneri
860 2285 943 2342 etiarn
961 2286 985 2341 si
1002 2284 1176 2344 faeneratum
1194 2287 1322 2346 creditori
1339 2289 1451 2346 mandat
1467 2286 1536 2376 Q)

100 2381 246 2454 paeoniam
265 2377 385 2434 eredere.
1192 2401 1197 2406 ¹*

39 2471 83 2529 ‘12
155 2469 250 2526 Gaius
267 2467 337 2524 libro
354 2465 436 2522 tertio
454 2464 490 2522 de
508 2463 654 2522 uerbenam
672 2461 894 2535 obligationibus.
923 2461 952 2518 Si
969 2461 1124 2520 fideiussori
1136 2464 1188 2546 aab
1202 2465 1362 2524 eondioione
1380 2463 1536 2553 [ιιῗιῐιῖῑι
1566 2471 1594 2526 Ρ

106 2557 257 2633 relegato
276 2557 307 2612 'si
330 2556 409 2612 nanis
434 2569 468 2612 ex
486 2554 555 2610 Asia
577 2551 699 2623 uenerit',
725 2567 806 2623 quem
832 2552 884 2609 sub
909 2552 961 2608 hoo
986 2553 1067 2610 modo
1088 2556 1196 2626 aoeepi,
1220 2559 1356 2627 utusque
1374 2546 1536 2630 ιιιἯιιι-ριιὶ
1553 2561 1633 2611 lead

102 2650 177 2706 ritae
195 2663 263 2704 suae
281 2646 426 2702 dumtaxat
443 2643 619 2714 obligaretur,
637 2642 776 2714 pendente
794 2641 954 2700 eondioione
969 2649 1112 2714 aoeeptnrn
1124 2643 1211 2702 latum
1223 2644 1305 2702 fuerit
1318 2652 1347 2704 et
1357 2647 1381 2704 is
1392 2646 1537 2705 fideiussor
1555 2657 1584 2698 tt

102 2739 193 2796 adbuo
215 2736 352 2808 pendente
370 2733 530 2790 eondieiona
549 2738 673 2790 meduna
690 2731 787 2788 fuerit:
812 2730 956 2788 ooniostim
974 2748 992 2788 a
1008 2747 1057 2791 reo
1073 2737 1167 2804 patere
1185 2749 1311 2806 possum,
1334 2737 1400 2808 quia
1416 2738 1537 2796 existens

103 2827 227 2884 oondioio
251 2839 340 2895 neque
363 2823 556 2894 obligationem
580 2822 608 2877 in
631 2837 775 2894 personam
794 2821 848 2878 iam
867 2823 967 2880 ιιιοιιιιι
986 2821 1095 2879 effioere
1113 2839 1202 2894 neque
1219 2826 1454 2897 aeooptilationsm
1472 2843 1536 2886 oon·

102 2916 212 2974 firmare
229 2915 327 2986 possit.
718 2929 721 2936 ’

44 3007 84 3066 73
157 3007 276 3062 Pronus
293 3002 362 3059 libro
380 3000 603 3072 septuagensimo
620 3003 699 3057 sexto
718 2999 754 3056 ad
773 3000 901 3074 edietum.
930 2999 1006 3056 cum
1017 3005 1176 3070 proonrator
1187 3002 1216 3058 in
1228 3019 1284 3058 rem
1298 3019 1362 3074 age·
1380 3000 1537 3091 Q
1556 3009 1598 3064 ‘ll

103 3096 160 3164 bat,
179 3094 333 3149 eandorem
351 3091 467 3148 dederat
483 3095 571 3146 ratam
590 3105 648 3146 rem
666 3089 805 3144 dominum
824 3088 995 3146 habitarum:
1013 3094 1110 3160 postea
1127 3092 1201 3148 uicto
1219 3107 1254 3148 eo
1271 3092 1398 3150 dominus
1409 3110 1538 3152 reuersus
1556 3105 1584 3146 er

103 3185 203 3240 ιιιιιιιιι
220 3183 255 3238 de
273 3182 370 3238 eadem
388 3197 418 3236 re
436 3179 568 3250 agitabat,
587 3185 616 3236 et
633 3194 696 3234 oum
714 3193 778 3234 reus
795 3177 910 3234 baberet
927 3180 1139 3250 pomereiooem,
1157 3181 1203 3236 et’
1221 3182 1308 3238 noluit
1321 3197 1381 3238 eam
1394 3185 1538 3242 restituere

104 3280 133 3330 at
150 3273 213 3329 ideo
231 3286 332 3342 magno
349 3269 549 3327 condemnatus
566 3273 624 3324 est:
643 3268 672 3324 in
690 3268 806 3338 amplius
824 3266 1000 3324 fideiussores
1015 3283 1070 3325 non
1082 3273 1222 3326 tenantur:
1240 3270 1292 3328 boo
1303 3271 1375 3328 eninr
1387 3287 1443 3330 non
1454 3273 1539 3331 debet

104 3362 233 3434 imputari
249 3358 467 3430 fideiussoribus,
485 3357 559 3429 quod
577 3357 622 3414 ille
639 3361 751 3428 propter
769 3371 847 3412 snam
865 3371 981 3427 poenam
999 3359 1146 3429 praestitit.

836 3577 844 3594 ·
1557 3526 1586 3570 tt

263 3651 300 3728 it
339 3649 403 3728 DE
431 3647 782 3726 NOUATIONIBUS
801 3512 872 3724 llllT
899 3647 1310 3728 DELEGATIONIBUS
1351 3651 1389 3732 it
1568 3671 1644 3728 sier

68 3815 85 3872 1
160 3807 311 3865 bernaus
327 3806 397 3863 libro
414 3805 645 3877 quadragensimo
662 3808 742 3861 sarto
760 3803 796 3860 ad
814 3803 954 3860 Sabinum.
985 3804 1104 3862 Neratio
1121 3810 1165 3862 est
1183 3807 1279 3877 prioris
1296 3806 1382 3864 debiti
1414 3821 1538 3877 a.aa.4‚1
1568 3817 1604 3872 S·

105 3899 135 3956 in
152 3898 233 3954 aliam
252 3896 448 3966 obligationem
466 3896 512 3952 uel
530 3894 639 3950 oiuilem
657 3895 702 3949 uel
720 3895 871 3950 naturalem
889 3891 1037 3951 transfusio
1060 3901 1143 3966 atque
1161 3896 1316 3968 translatio,
1339 3895 1392 3954 hoo
1414 3884 1539 3956 iit-effi

106 4003 141 4044 ea
163 3985 339 4058 praesedenti
362 3999 449 4041 eausa
471 3985 510 4040 ita
532 3999 605 4040 noua
628 3983 823 4054 oomtituatur,
849 3988 882 4040 nt
903 3984 977 4054 prior
997 3989 1162 4055 perematnr.
1194 3986 1307 4043 nouatio
1330 3987 1402 4042 enim
1425 4004 1442 4043 a
1465 4003 1538 4046 nouo

71 4091 84 4136 1
106 4091 206 4134 nomen
225 4076 333 4146 aeeepit
344 4081 373 4130 et
384 4091 402 4132 a
413 4089 487 4130 noua
504 4073 680 4144 obligatione.
710 4073 781 4128 lllud
798 4088 854 4130 non
871 4074 993 4144 interest,
1012 4075 1100 4145 qualis
1117 4075 1268 4146 ιιιοιιιιιι8
1286 4075 1426 4148 obligatio,
1447 4082 1538 4134 nuum
1557 4092 1586 4133 ao

106 4166 239 4222 naturalis
257 4181 294 4220 an
312 4165 400 4220 oinilis
419 4180 455 4220 an
472 4162 624 4233 honoraria,
644 4166 674 4218 et
691 4167 781 4219 utrum
801 4161 893 4220 uerbis
911 4179 947 4220 an
965 4179 994 4220 re
1012 4179 1048 4220 an
1066 4179 1214 4220 eonsensu:
1232 4165 1438 4236 qualiscumque
1455 4167 1540 4238 igitur

106 4255 239 4326 obligatio
262 4254 313 4324 sit,
335 4269 407 4324 qnae
429 4252 592 4324 praeeessit,
615 4252 711 4308 nouari
734 4251 826 4309 uerbis
849 4256 955 4324 potest,
979 4251 1127 4310 dummodo
1145 4268 1263 4324 sequens
1281 4253 1347 4311 obli·
1365 4251 1539 4342 Q

106 4346 183 4416 gatio
201 4347 251 4400 aut
266 4343 384 4400 oiuiliter
401 4347 496 4399 teneat
512 4344 561 4398 aut
578 4341 751 4398 naturaliter:
773 4346 891 4412 utputa
914 4342 938 4398 ιι
959 4342 1079 4414 pontius
1103 4343 1162 4400 sine
1179 4344 1278 4402 tatoris
1296 4345 1461 4402 auetoritate
1477 4359 1540 4417 pro-

106 4433 220 4491 miserit.

105 4539 300 4610 ι’(ΧῖιιΟθ)

107 4692 216 4748 ιιιιιιιο
234 4694 275 4747 ιιι
290 4693 371 4746 remila
388 4691 452 4762 qnid
468 4708 518 4745 aer.
536 4689 580 4764 (ιι
593 4689 657 4756 ιι.3)
728 4688 795 4759 ²et]
814 4688 926 4746 uietus?
996 4690 1176 4760 ’praeoeasit
1193 4692 1292 4760 (elidii

107 4844 126 4898 3
144 4841 282 4898 exstiterit
299 4841 340 4909 ΕΙ
356 4841 500 4896 uenierunt
517 4841 544 4893 F
590 4841 800 4896 ieuooearerat
851 4846 944 4897 raturo
967 4841 1104 4912 creditori]
1129 4845 1160 4909 F,
1183 4841 1320 4900 ienerator
1342 4842 1395 4900 hoe
1412 4843 1541 4901 ιιιιιιιιοιι

108 4915 146 4969 ἰι
172 4912 283 4983 quidem
310 4912 334 4968 ei
360 4928 432 4968 unua
454 4910 569 4968 debitor'
591 4911 735 4967 mandator
762 4913 799 4965 F*
852 4913 1004 4978 XYMOO,
1028 4913 1148 4970 moronti
1170 4935 1212 4972 ιιοι
1237 4916 1364 4970 ιιιιειιειιι
1386 4915 1413 4969 Β
1431 4915 1541 4984 (Ama)

109 4984 403 5042 matranorum
499 4985 532 5038 14
558 4989 735 5039 ramaneant
761 4985 800 5036 pr
852 4986 888 5040 ιι
911 4985 994 5040 nitate
1020 4993 1097 5041 snae
1120 4988 1158 5040 F’
1246 4987 1282 5042 39
1305 4984 1478 5044 oausa‘a'ita
1502 4987 1540 5042 Fi

109 5057 145 5113 18
162 5060 230 5128 puto
250 5057 289 5111 bia
306 5055 342 5110 F¹
388 5056 422 5111 19
440 5053 555 5111 unu's'm
574 5054 611 5107 F⁵
655 5056 690 5111 22
707 5051 799 5112 faene-
851 5057 888 5113 40
905 5054 1049 5114 nome'm’u
1066 5058 1102 5114 ι’*
