3638 5460
130 205 136 220 ¹
240 221 361 290 XXXV
381 223 402 288 2
424 229 541 284 17-22
917 215 1005 298 206
1489 238 1536 284 ιιι)
1559 235 1676 284 raonis

241 380 332 450 ginta,
355 393 426 449 quae
446 378 482 434 ad
498 377 661 447 legatarium
679 393 714 434 ex
732 377 863 438 codicillis
880 378 1068 450 peruenirent,
1092 378 1116 434 si
1133 378 1283 436 Falcidiam
1301 392 1356 434 non
1372 381 1522 448 pateretur,
1540 379 1676 448 quartam,

241 468 270 524 id
288 475 331 524 ost
347 469 446 538 uiginti
464 468 543 524 heres
561 467 697 524 retinebit.

185 555 224 614 18
294 559 413 614 Psuuus
429 556 498 612 libro
511 557 656 614 undecimo
668 557 868 626 quaestionum.
896 557 982 614 Filius
994 555 1111 614 familias
1123 558 1170 628 qui
1185 557 1351 612 militauerat
1362 555 1499 614 decedens
1518 549 1676 639 Q
1694 557 1719 610 P

241 648 327 716 patris
350 647 393 702 sui
416 645 481 702 idei
505 648 641 704 commisit
664 647 808 716 codicillis,
833 651 864 702 ut
881 647 1019 716 peculium
1036 662 1117 704 snum
1135 651 1274 702 castrense
1292 645 1366 702 Titio
1384 651 1579 716 postmortem
1598 645 1676 702 resti·

241 741 345 792 tueret:
363 734 553 805 quaerebatur,
572 752 607 792 an
624 740 656 792 nt
673 735 752 792 heres
770 741 894 806 quartam
914 735 1050 792 deducere
1067 735 1165 806 possit.
1192 734 1250 790 dixi
1267 735 1355 804 legem
1367 735 1516 792 Falcidiam
1533 734 1677 792 inductam
1696 739 1709 780 ι

242 839 302 879 οιιο
324 841 342 880 a
365 824 429 880 diuo
447 825 496 880 Pio
514 825 597 880 etiam
619 825 647 880 in
670 826 860 880 intestatorum
883 824 1102 882 successionibus
1119 830 1231 896 propter
1248 822 1471 882 fideicommissa:
1500 823 1550 880 sed
1568 823 1597 878 in
1615 838 1677 893 pre

240 915 331 984 posito
355 929 406 972 neo
423 913 605 970 hereditatem
622 929 699 984 esse,
717 915 844 984 quamuis
862 915 983 984 placeret
1001 914 1066 970 mihi
1084 919 1214 970 exhaneo
1232 912 1333 970 herede
1350 913 1476 970 instituto
1493 910 1554 968 lieri
1571 911 1677 968 heredi·

240 1007 326 1060 tatem
344 1004 464 1060 aditione
481 1003 553 1059 eius:
576 1019 640 1060 nam
658 1019 720 1060 cnm
739 1004 813 1074 apud
829 1009 936 1074 patrem
954 1009 1085 1074 remanet,
1102 1004 1146 1060 ius
1163 1003 1308 1074 pristinum
1325 1001 1407 1060 durat
1424 1008 1453 1058 et
1469 1002 1607 1072 peculium
1625 1007 1678 1058 est

241 1109 292 1150 uec
310 1093 373 1150 huic
390 1093 554 1150 οοιιιιοιίιιιιι
573 1097 625 1163 est,
645 1092 719 1164 quod
736 1088 745 1158 ll
761 1093 789 1148 in
806 1097 971 1150 testamento
990 1093 1050 1148 eius
1068 1093 1120 1162 qui
1133 1092 1208 1163 apud
1224 1091 1318 1150 hostes
1330 1091 1450 1148 decessit
1461 1095 1605 1148 exercetur
1617 1091 1678 1146 Fal·
1696 1091 1779 1142 tt

241 1183 326 1240 cidia:
351 1199 414 1240 uam
437 1180 512 1238 lictio
535 1183 605 1252 legis
623 1181 764 1238 Corneliae
786 1186 815 1238 et
839 1181 1018 1238 hereditatem
1036 1187 1065 1240 ot
1083 1181 1210 1238 heredem
1229 1179 1303 1237 lacit.
1337 1181 1388 1238 sed
1405 1197 1450 1238 ma
1467 1196 1523 1236 non
1541 1180 1678 1250 dubitare,
1699 1186 1726 1225 ¹⁰

241 1273 307 1342 quin
325 1271 425 1328 debeat
442 1272 470 1326 id
488 1287 597 1342 quoque
614 1270 750 1340 indulgeri
767 1271 836 1340 legis
854 1269 1030 1340 beneficium,
1054 1271 1189 1341 siquidem
1207 1271 1286 1341 quasi
1303 1271 1389 1341 patris
1406 1269 1526 1326 familiae
1544 1269 1619 1326 bona
1636 1285 1678 1326 re·

241 1362 355 1418 stituere
377 1362 485 1430 cogitur
502 1365 531 1416 et
554 1359 633 1416 heres
651 1360 768 1430 scriptus
786 1361 889 1416 omissa
906 1375 940 1416 ex
958 1365 1125 1416 testamento
1143 1361 1262 1416 aditione
1280 1359 1405 1430 exemplo
1423 1358 1506 1416 edicti
1523 1360 1678 1430 legatorum

209 1455 221 1500 1
241 1451 351 1508 nomine
375 1449 561 1506 conuenietnr.
594 1449 645 1504 liis
665 1463 836 1519 consequeus
854 1449 918 1519 erit,
942 1453 986 1519 nt,
1011 1451 1034 1506 si
1052 1465 1086 1506 ex
1104 1448 1239 1506 fructibus
1257 1449 1347 1506 medio
1364 1453 1488 1519 tempore
1505 1453 1632 1519 quartem
1650 1453 1680 1504 et

241 1545 355 1610 quartae
373 1537 478 1594 fructus
498 1537 625 1594 habuerit
641 1543 728 1608 pater,
746 1539 830 1596 etiam
846 1538 1049 1596 Trebellianum
1066 1544 1179 1596 senatus
1197 1539 1351 1596 consultum
1368 1537 1532 1594 inducamus
1550 1543 1578 1592 et
1595 1537 1679 1594 utiles

241 1629 364 1686 actiones
382 1627 503 1684 exerceri
521 1627 628 1698 possint
645 1625 748 1698 fiatque
765 1627 903 1684 hereditas
921 1633 986 1698 post
1003 1629 1211 1686 restitutionem.
1699 1631 1752 1672 ¹?-

185 1713 223 1770 19
294 1717 453 1776 Scaeuoun
470 1715 539 1772 libro
556 1720 656 1773 octauo
674 1717 873 1787 quaestionum.
910 1717 938 1774 Si
963 1718 1075 1788 dignum
1099 1717 1194 1774 decem
1218 1716 1332 1774 turudum
1355 1716 1501 1772 damnetur
1518 1711 1679 1800 [qi-Q
1697 1715 1741 1768 l>

242 1806 320 1864 heres
338 1807 458 1878 quinque
476 1805 605 1876 uendere,
623 1806 683 1860 sine
700 1805 784 1862 dubio
802 1807 923 1877 quinque
940 1811 1021 1864 eruut
1038 1806 1200 1877 imputanda
1217 1805 1363 1862 Falcidiae.

185 1890 224 1949 20
294 1897 373 1952 lurum
389 1895 458 1952 libro
476 1911 548 1952 nono
566 1895 765 1966 quaestionum.
794 1895 823 1950 Si
841 1912 859 1950 a
875 1911 1036 1972 seruomeo
1054 1895 1154 1952 herede
1172 1896 1298 1952 instituto
1310 1894 1377 1952 mihi
1394 1895 1501 1965 legetur
1532 1890 1678 1964 affl
1696 1894 1757 1947 P*

242 1985 354 2042 etmihi
371 1985 530 2055 adquiratur
547 1983 692 2054 hereditas,
711 1989 795 2054 negat
812 1984 969 2042 Maecianus
987 1985 1015 2040 id
1033 1985 1155 2056 legatum
1172 1986 1201 2040 in
1218 1985 1341 2042 Falcidia
1358 1985 1518 2056 computari,
1540 1985 1606 2056 qnia
1623 2000 1680 2042 nou

242 2073 383 2130 debeatur.
1698 2077 1806 2117 ’Β

185 2159 221 2217 21
294 2165 414 2220 Plutus
431 2161 499 2220 libro
518 2161 681 2220 duodecimo
699 2161 899 2232 quaestionum.
936 2162 964 2218 Si
983 2163 1117 2234 pupillus,
1141 2164 1186 2220 cui
1203 2163 1263 2220 sine
1280 2167 1371 2220 tutore
1388 2165 1501 2218 auctore
1519 2157 1679 2246 Q
1696 2159 1806 2212 Ρ·

242 2253 337 2310 decem
356 2257 452 2310 mutua
469 2251 534 2308 data
551 2257 624 2320 suut,
641 2253 763 2321 legatum
782 2267 799 2306 a
816 2252 951 2308 creditore
970 2253 1100 2308 meruerit
1116 2252 1168 2312 sub
1185 2251 1237 2308 hac
1255 2251 1428 2320 condicione,
1450 2252 1475 2308 si
1492 2251 1588 2308 decem
1607 2267 1679 2323 quae

243 2342 379 2412 acceperit
401 2339 495 2397 heredi
517 2340 678 2410 reddiderit,
701 2355 758 2398 uua
781 2342 968 2398 numeratione
990 2347 1019 2396 et
1041 2342 1138 2412 implet
1159 2341 1347 2398 condicionem
1366 2345 1395 2396 et
1411 2339 1542 2398 liberatur
1559 2342 1679 2398 naturali

242 2431 422 2502 obligatione,
444 2435 477 2486 ιιι
494 2431 576 2486 etiam
595 2430 623 2484 in
638 2429 761 2486 Falcidia
777 2429 872 2486 heredi
889 2429 1064 2502 imputentur,
1086 2432 1212 2500 quamuis
1230 2447 1285 2488 uon
1302 2432 1509 2502 imputarentur,
1528 2431 1552 2485 si
1570 2435 1678 2488 tantum

243 2520 409 2576 condicionis
432 2519 586 2589 implendae
610 2535 695 2574 cansa
716 2517 783 2574 data
804 2518 928 2576 inissent.
964 2520 1033 2576 adeo
1053 2524 1146 2576 autem
1165 2525 1194 2576 ct
1210 2521 1318 2578 soluere
1335 2521 1459 2591 uidetur,
1482 2523 1515 2575 ut
1532 2519 1678 2590 repudiato
1696 2524 1721 2564 Β
1804 2545 1805 2548 “

210 2610 222 2654 1
242 2611 334 2680 legato
351 2609 396 2665 uel
414 2607 508 2664 Sticho
525 2608 573 2678 qui
588 2609 698 2678 legatus
716 2613 760 2664 eat
777 2613 885 2665 mortuo
903 2609 968 2666 nihil
985 2615 1109 2680 repetere
1125 2610 1222 2679 possit.
1254 2608 1284 2666 Si
1302 2625 1355 2680 ego
1372 2614 1402 2665 et
1418 2625 1516 2666 seruus
1534 2624 1613 2664 meus
1631 2608 1678 2664 hs-

242 2698 322 2754 redes
344 2697 462 2756 instituti
483 2698 568 2754 simne
586 2713 621 2753 ex
639 2697 756 2754 diuersis
772 2697 896 2768 partibus
913 2691 965 2754 'nec
983 2716 1000 2754 a
1017 2715 1098 2756 seruo
1116 2704 1247 2770 erogatus
1264 2699 1396 2768 dodrans,
1419 2697 1461 2754 his
1479 2697 1580 2769 quibus
1598 2714 1616 2754 a
1633 2712 1678 2756 me

242 2788 363 2858 legatum
381 2791 425 2842 est
442 2792 537 2842 contra
553 2787 702 2842 Falcidiam
720 2787 843 2857 proderit
863 2787 937 2857 quod
961 2802 996 2844 ex
1017 2789 1141 2858 portione
1164 2789 1237 2846 serui
1256 2788 1291 2844 ad
1309 2803 1354 2846 me
1371 2788 1497 2858 peruenit
1514 2803 1599 2860 snpra
1616 2785 1677 2842 Fal·

242 2877 341 2934 cidiam
360 2877 419 2932 eins
436 2876 578 2947 portionis.
605 2890 641 2931 ex
659 2877 794 2932 contario
812 2877 835 2932 si
854 2891 935 2934 seruo
953 2893 1015 2934 meo
1032 2893 1131 2934 seruus
1148 2885 1176 2934 et
1188 2879 1253 2934 mihi
1265 2878 1361 2934 decem
1372 2878 1465 2948 legata
1476 2875 1584 2947 inerint,
1603 2877 1678 2932 serui

242 2965 364 3022 Falcidia
381 2980 415 3020 ex
433 2965 528 3020 decem
546 2963 612 3020 mihi
624 2966 723 3036 legatis
735 2979 789 3022 nou
801 2970 911 3022 tenetur
922 2967 1047 3037 exemplo
1060 2967 1156 3024 eodem
1168 2967 1338 3024 Falcidiae¹:
1357 2982 1421 3022 nam
1433 2971 1558 3038 quartam
1571 2965 1678 3022 retineo
1696 2953 1806 3008 Ε

242 3071 277 3113 ex
294 3071 412 3127 persona
429 3055 511 3124 serui,
529 3055 655 3124 quamuis
673 3054 708 3110 de
726 3070 788 3110 mea
805 3057 929 3125 portione
948 3055 1014 3112 nihil
1031 3056 1194 3114 exhaustum
1212 3059 1280 3130 sit„
1364 3109 1367 3116 ,
1805 3129 1806 3132 ¹

184 3136 223 3196 22
295 3146 373 3202 Inuus
389 3143 458 3200 libro
476 3144 592 3215 septimo
605 3143 712 3200 daciam
723 3146 922 3214 quaestionum.
955 3146 1127 3204 Nesennius²
1139 3146 1304 3217 Apollinaris
1318 3146 1387 3202 lulio
1405 3145 1499 3200 Paulo.
1531 3155 1677 3213 B.41,1,21
1695 3129 1806 3196 :-

240 3235 284 3290 Ex
296 3233 378 3304 iacto,
396 3233 514 3304 domine,
532 3233 640 3304 species
655 3233 789 3290 eiusmodi
806 3233 911 3290 incidit.
939 3234 1012 3292 Titia
1029 3233 1099 3292 filias
1117 3252 1182 3292 suas
1199 3240 1256 3292 tres
1274 3250 1387 3292 numero
1399 3235 1494 3306 aequis
1506 3249 1541 3290 ex
1552 3232 1678 3304 partibus

240 3322 350 3380 scribsit
372 3322 487 3378 heredes
504 3327 533 3378 et
550 3339 568 3378 a
586 3323 700 3392 siugulis
717 3325 810 3394 legata
826 3324 943 3380 inuicem
962 3323 1053 3394 dedit,
1078 3324 1113 3380 ab
1131 3341 1187 3380 una
1204 3329 1295 3380 ιιιιιιοιι
1313 3325 1353 3380 ita
1369 3324 1474 3396 legauit
1489 3327 1548 3378 tam
1566 3322 1677 3378 cohere-

241 3411 322 3468 dibus
339 3412 399 3468 eius
416 3427 499 3481 quam
518 3413 668 3481 extrancis,
686 3415 718 3468 ιιι
735 3412 873 3468 Falcidiae
891 3413 928 3468 sit
945 3413 1029 3468 locus.
1063 3429 1174 3484 quaero,
1192 3431 1227 3468 an
1246 3414 1379 3470 aduersus
1397 3411 1546 3468 coheredes
1563 3427 1639 3482 suas,
1661 3397 1806 3468 aff*

241 3501 340 3570 quibus
357 3501 450 3571 legata
468 3505 496 3556 et
513 3501 575 3572 ipsa
592 3502 705 3572 accepit,
723 3502 764 3557 nti
782 3502 870 3572 possit
881 3502 1002 3558 Falcidia
1020 3507 1056 3572 et,
1075 3502 1098 3558 si
1116 3518 1170 3558 non
1188 3505 1277 3572 possit
1294 3504 1338 3560 uel
1356 3503 1411 3560 doli
1428 3502 1591 3573 exceptione
1604 3517 1677 3558 sum-

241 3590 377 3646 mouenda
388 3595 439 3660 est,
458 3590 687 3660 quemadmodum
704 3591 839 3646 aduersus
851 3595 996 3648 extraneos
1008 3591 1175 3661 computatio
1186 3591 1325 3648 Falcidiae
1337 3592 1397 3648 iniri
1409 3590 1505 3662 possit
1532 3590 1677 3660 respondi:

240 3679 269 3734 id
287 3679 411 3749 quidem,
434 3679 508 3750 quod
533 3696 550 3734 a
574 3679 708 3736 coherede
730 3681 882 3750 legatorum
906 3682 1016 3736 nominc
1034 3681 1194 3751 percipitur,
1218 3696 1272 3738 uon
1291 3682 1361 3736 solet
1377 3681 1517 3752 legatariis
1534 3678 1677 3750 prolicere,

240 3783 295 3838 quo
313 3769 403 3824 minus
413 3768 563 3824 Falcidiam
580 3769 733 3840 patiantur:
752 3769 802 3826 aed
820 3786 883 3826 cum
900 3771 924 3825 is
942 3771 988 3840 qni
1006 3771 1127 3842 legatum
1144 3775 1333 3840 praestaturus
1352 3775 1394 3826 est
1412 3769 1448 3826 ab
1464 3769 1561 3824 eodem
1574 3767 1678 3840 aliquid

241 3871 277 3912 ex
293 3861 459 3912 ιοιιιιιιιοιιιο
477 3857 554 3928 petit,
572 3873 628 3913 non
645 3863 689 3914 est
706 3859 859 3914 audiendus
877 3859 1036 3916 desiderans
1054 3861 1095 3916 nti
1113 3860 1245 3916 aduersus
1264 3875 1328 3916 eum
1340 3859 1479 3914 Falcidiae
1491 3856 1635 3928 beneficio,
1653 3857 1678 3914 si
1695 3841 1806 3900 ⁵⁶*

240 3945 270 4002 id
287 3945 361 4016 quod
377 3951 556 4017 percepturus
575 3951 618 4002 est
635 3963 670 4002 ex
687 3949 829 4004 uoluntate
847 3950 987 4004 testatoris
1005 3950 1145 4020 suppleat,
1168 3949 1244 4019 quod
1261 3949 1397 4016 deducere
1414 3947 1562 4004 desiderat
1596 3947 1677 4018 plano

241 4035 339 4092 ceteris
355 4035 495 4106 legatariis
513 4051 568 4092 non
586 4037 757 4108 uniuersum,
776 4038 850 4108 quod
868 4037 995 4094 coheredi
1012 4042 1148 4110 praestat,
1169 4037 1323 4110 imputabit,
1341 4037 1392 4094 sed
1409 4041 1541 4108 quantum
1560 4036 1677 4093 daturus

241 4142 283 4210 F(
286 4141 483 4212 WDFQIOK)

241 4293 343 4399 :serui
366 4293 488 4378 Falcidia
509 4311 565 4352 non
586 4299 708 4364 tenetur,
735 4312 770 4352 ex
798 4296 896 4352 decem
917 4295 983 4352 mihi
1005 4297 1104 4424 legatis
1126 4301 1235 4354 tenetur
1261 4297 1387 4370 exemplo
1413 4295 1511 4354 eodem
1533 4293 1676 4354 Falcidia?

269 4363 425 4420 Nasennrus
444 4369 487 4440 (cf.
500 4374 584 4422 tumea
596 4367 621 4433 3,
633 4369 659 4432 5,
671 4368 714 4422 34.
733 4369 776 4433 27,
790 4369 813 4433 1,
825 4369 868 4422 32.
887 4367 930 4434 42,
943 4369 967 4434 1,
979 4369 1026 4436 41)

242 4515 276 4569 16
288 4513 431 4584 dignu‘s'm
444 4515 481 4570 F*
524 4517 701 4590 28proderit]
715 4527 930 4592 puaeieaaetnon
983 4521 1030 4575 ssd
1051 4519 1114 4575 haee
1129 4525 1269 4588 posuerant
1290 4529 1345 4574 aine
1368 4521 1445 4575 dubio
1465 4527 1574 4592 propter
1595 4519 1675 4576 who

241 4585 364 4655 proderit
375 4595 504 4643 aestuant
511 4589 626 4666 [Graeci.-
644 4589 833 4662 bupocucpr'zcr
847 4611 888 4645 ιιοι
902 4591 935 4661 (b
983 4613 1008 4646 a.
1016 4592 1189 4660 30'quartam
1201 4591 1305 4646 retineo
1318 4599 1362 4646 cet.
1372 4594 1437 4646 mals
1445 4594 1529 4646 relatu
1539 4592 1578 4646 od
1587 4611 1674 4648 msam

241 4657 357 4729 lailot),
365 4657 397 4720 οῩ
405 4660 529 4724 iorizsrar'
539 4681 581 4715 ιιοι
591 4661 629 4716 cic
638 4663 929 4735 casalaroalesqoyrh
983 4669 1149 4718 institutionis
1160 4681 1239 4733 nequa
1250 4663 1411 4718 ιιιιοιιιιονιιιιι
1420 4663 1457 4716 od
1467 4663 1547 4717 uerba
1558 4683 1584 4717 ιι.
1593 4664 1628 4719 29
1640 4677 1674 4718 ex

242 4729 264 4784 οἰ
283 4730 321 4783 nei
340 4729 372 4783 τὸ
389 4731 439 4784 uria
458 4729 511 4794 tro
526 4733 658 4798 acatium,
678 4733 752 4790 ὅιιωο
771 4735 809 4790 ὡο
827 4731 867 4788 ὲιιὶ
887 4753 930 4788 as·
983 4733 1118 4790 mutuatio
1163 4733 1197 4788 29
1216 4733 1288 4789 serui
1303 4733 1425 4790 Falcidia
1441 4733 1502 4803 req]
1523 4735 1591 4788 idem
1608 4737 1673 4806 lepr-

241 4801 411 4870 χωριοιιέιιωιι
436 4803 554 4873 ιιὲχριιιιιι
578 4805 618 4871 τῷ
640 4806 771 4874 baturato
794 4803 858 4875 Ῡιιὲρ
883 4805 930 4866 roi
982 4813 1043 4860 rarat
1057 4803 1167 4862 Graeci:
1186 4803 1218 4868 oi
1238 4805 1363 4876 apareirar
1377 4805 1515 4860 Φολιιιιιοι
1529 4804 1578 4866 τοῨ
1596 4816 1673 4870 iura·

243 4871 574 4945 Βιριιθὲιιτοοιιὲρογε,κιιι
589 4874 930 4942 ἒκιοῩᾶλιογιιιιιὲιιέλιι·
982 4875 1125 4939 τεγθὲιιτοο
1151 4875 1249 4940 heitar
1273 4873 1302 4931 ὲκ
1326 4878 1382 4931 τῶιι
1404 4877 1410 4930 ί
1433 4875 1602 4932 uonrcudrms
1626 4875 1674 4932 Rs

242 4943 351 5008 farcies
363 4945 517 5013 Β(Αιιοιι.);
527 4949 730 5006 adduntrclrolia
739 4951 867 5003 diuersum
878 4967 931 5004 aare
983 4948 1076 5020 (Gya),
1096 4943 1128 5010 oi
1146 4949 1341 5019 ιιορικριτεῑιιιι
1353 4947 1383 5002 ὲκ
1394 4949 1449 5002 rea
1462 4944 1535 5002 taba
1549 4947 1674 5004 uourcaa'·

242 5022 268 5068 ia
278 5022 353 5086 patre
366 5020 453 5090 sifidio
465 5037 517 5074 aaa
529 5026 650 5076 institutis
661 5021 797 5076 secandam
809 5021 824 5072 l.
834 5019 902 5073 251ι.
912 5025 929 5074 t.
983 5037 1038 5074 τιοιι
1058 5017 1074 5074 ὁ
1091 5015 1155 5092 Ῡιιὲρ
1173 5019 1222 5084 roi
1240 5019 1337 5086 ιοῨιογ
1356 5019 1494 5076 Φιλκιιιοο
1512 5019 1539 5074 Β
1553 5017 1664 5090 (Aaou.)
