3638 5460
72 289 342 338 ranammauuu
451 275 455 284 '
742 263 829 344 245
1192 271 1326 342 XXXVI
1349 279 1365 341 1
1388 283 1504 340 52-56

73 428 179 486 indixit
206 435 271 501 post
288 429 393 485 deereti
411 433 503 485 antem
521 427 711 484 auctoritatem
730 427 758 483 ln
777 443 811 484 ea
827 427 995 485 hereditatel
1015 428 1069 487 filio
1088 431 1166 488 militi
1184 435 1336 504 eompar'ari
1353 433 1461 504 debuit,
1480 435 1504 490 si

73 535 115 576 res
134 535 152 574 a
168 517 374 590 possessoribus
391 518 447 590 peti
466 518 510 574 uel
528 517 689 574 etiamnum
708 516 877 574 debitoribus
896 519 942 589 agi
956 524 1102 590 oporteret.
1130 519 1179 576 sed
1190 527 1322 591 paternae
1334 523 1504 580 reuerentiae

73 623 224 678 congruum
247 613 291 664 est
313 607 406 679 egenti
426 604 496 663 forte
514 608 584 678 patri
603 605 694 664 offitio
711 605 809 662 indiois
828 622 863 662 ex
880 608 1084 666 aooessionibus
1102 608 1274 667 hereditariis
1291 612 1504 670 emolumentum

9 769 59 864 [51)
73 703 216 843 brtffil
226 785 294 842 libro
319 785 436 856 septimo
457 784 564 842 deoimo
581 784 781 855 quaestionum.
819 784 888 841 Cum
906 783 985 842 heres
1003 785 1130 844 deduotis
1147 787 1247 858 legatis
1264 787 1311 844 he·
1330 783 1503 872 Q
1521 712 1550 850 Ξ)

71 875 217 932 rediissem
240 891 290 946 per
310 873 549 932 tldeioommissum
568 875 711 930 restituere
730 879 856 944 rogatur,
880 889 935 930 non
953 876 1044 945 placet
1061 891 1094 932 ea
1111 877 1204 946 legata
1221 876 1334 947 deduul,
1358 893 1429 948 quae
1446 880 1504 950 peti

70 979 125 1022 nou
148 969 286 1036 poterant
316 963 365 1019 sed
388 979 450 1020 eum
474 964 553 1020 uxori
576 979 625 1034 pro
648 967 727 1034 parte
750 962 844 1020 heredi
866 964 984 1034 scriptae
1008 965 1059 1020 dos
1082 966 1255 1036 praelegetur
1273 981 1360 1038 eaque
1378 967 1503 1024 deductis

68 1055 171 1126 legatis
188 1053 367 1110 hereditatem
385 1054 529 1110 restituere
548 1057 674 1122 rogatur:
692 1052 800 1108 etiamsi
818 1056 931 1124 quarto,
954 1071 1036 1124 quam
1054 1070 1104 1125 per
1121 1055 1210 1125 legem
1228 1055 1378 1112 Falcidiam
1396 1058 1503 1128 retinet,

68 1149 179 1200 tautum
197 1141 307 1212 efficiat,
325 1147 454 1213 quantum
473 1143 501 1198 in
519 1141 584 1198 dote
602 1147 653 1212 est,
671 1145 765 1198 temen
782 1157 832 1211 pro
851 1157 902 1198 sua
918 1143 1044 1213 portione
1062 1143 1134 1201 dotis
1152 1145 1325 1216 praelogatae
1338 1150 1443 1216 partem
1456 1146 1503 1202 de·

67 1233 157 1290 dneit.
187 1247 249 1288 eum
273 1233 344 1288 enim
368 1232 532 1301 utrumque²
555 1231 743 1301 consequitur,
766 1229 832 1286 nihil
855 1231 970 1288 interest
992 1233 1063 1288 iuter
1086 1232 1157 1290 hano
1175 1235 1314 1290 mulierem
1333 1239 1362 1290 et
1379 1236 1504 1304 quemuis
1523 1247 1551 1288 ro

67 1323 155 1378 alium
172 1321 333 1378 oreditorem
353 1319 480 1377 heredem
499 1321 653 1376 institutum
672 1325 701 1376 ot
718 1319 897 1376 hereditatem
916 1322 1058 1378 restituere
1077 1328 1212 1394 rogatum.
1241 1323 1313 1380 idem
1331 1323 1463 1394 probatur
1475 1329 1504 1382 et

66 1412 93 1468 si
111 1427 169 1467 non
186 1410 313 1466 deduotis
330 1411 428 1480 legatis
446 1408 686 1466 fideicommissum
705 1407 740 1464 ah
759 1423 793 1464 ea
810 1410 933 1466 relietum
952 1409 996 1466 sit.

9 1505 49 1582 ιι)
123 1501 203 1556 lnuu
223 1499 293 1555 libro
310 1513 382 1556 nouo
399 1499 507 1554 deoimo
525 1498 724 1568 quaestionum.
758 1497 848 1554 Sires
867 1499 956 1555 aliena
973 1500 1047 1556 Titio
1065 1501 1158 1570 legata
1175 1498 1257 1558 luerit
1274 1501 1309 1556 is·
1328 1496 1503 1586 Q
1522 1509 1551 1564 Ρ

67 1605 123 1661 que
142 1589 255 1646 domino
273 1589 312 1644 rei
329 1588 430 1644 herede
447 1588 572 1644 instituto
591 1587 709 1658 petierit,
726 1590 759 1642 ιιι
776 1586 954 1644 hereditatem
972 1589 1079 1646 llaeuio
1092 1591 1227 1660 restituat,
1246 1590 1370 1646 Maeuius
1382 1591 1503 1660 legatum

67 1679 205 1736 inutiliter
223 1682 311 1749 petet:
334 1691 389 1733 non
408 1678 479 1734 enim
498 1676 599 1748 poterit
616 1677 759 1746 eonsequi,
783 1677 857 1747 quod
876 1677 911 1732 ad
929 1679 1095 1750 institutum,
1121 1679 1149 1736 id
1168 1679 1267 1735 estrei
1285 1680 1425 1736 dominum
1443 1695 1503 1750 per·
1523 1694 1550 1735 rs

36 1783 47 1828 r
67 1769 166 1826 uenire
190 1783 245 1824 nou
266 1773 384 1838 poterat.
420 1766 523 1822 Seruus
542 1764 577 1820 ab
596 1765 681 1821 altero
699 1781 734 1822 es
752 1765 897 1822 heredibus
915 1765 1084 1840 libertatern,
1108 1767 1143 1824 ah
1160 1769 1245 1824 altero
1263 1765 1503 1826 fideloommissum

67 1857 233 1914 hereditatis
251 1857 366 1927 aeoepit.
395 1856 418 1912 si
437 1859 533 1912 neuter
551 1855 626 1910 adire
644 1854 719 1925 uelit,
738 1855 828 1911 nullae
840 1857 973 1926 praetoris
984 1862 1077 1928 partes
1090 1863 1177 1928 erunt,
1191 1857 1201 1929 ιΙ
1216 1859 1280 1928 quia
1292 1873 1381 1928 neque
1392 1863 1504 1928 propter
1521 1865 1538 1913 t.
1549 1866 1594 1914 121

66 1949 158 2004 solam
177 1945 331 2002 libertatem
350 1946 520 2016 compellitur
538 1945 613 2000 adire
625 1943 731 2013 ¹neque
744 1945 776 2015 is,
795 1961 878 2015 aquo
896 1945 1008 2001 libertae
1026 1945 1092 2002 data
1109 1963 1162 2003 oon
1174 1959 1226 2016 est,
1243 1951 1355 2018 propter
1368 1963 1439 2018 eum,
1457 1948 1504 2017 qui

65 2037 192 2094 nondum
211 2035 279 2092 luber
297 2041 353 2105 est,
377 2041 409 2090 ut
426 2035 521 2104 adeat,
545 2034 729 2104 compellitur:
754 2039 782 2090 et
799 2039 913 2092 senatus
931 2036 1056 2091 consulto
1074 2036 1151 2092 loeus
1169 2040 1224 2108 est,
1244 2052 1306 2092 eum
1324 2036 1361 2092 ab
1378 2035 1505 2094 omnibus

65 2127 184 2196 dimota
204 2126 248 2181 uel
265 2123 477 2182 fideicommissa
494 2122 606 2178 libertas
624 2121 659 2178 ab
677 2138 711 2178 eo
729 2122 811 2178 datm
828 2138 846 2178 a
863 2139 917 2194 quo
936 2123 1074 2180 hereditas
1092 2141 1200 2195 quoque
1218 2126 1386 2196 relinquitur.
1414 2126 1505 2182 sedai
1523 2137 1552 2179 ro

66 2215 140 2272 torte
164 2215 203 2284 is,
226 2229 316 2284 aquo
333 2212 444 2268 libertas
463 2211 529 2267 data
546 2217 602 2282 est,
627 2212 780 2283 portionem
798 2228 876 2268 suam
895 2213 1050 2285 repudiauit
1068 2215 1112 2270 uel
1129 2214 1289 2270 eondioioue
1306 2217 1435 2272 exclusus
1452 2219 1504 2286 est,

66 2321 132 2362 eum
150 2303 242 2376 portio
260 2304 319 2358 eius
338 2301 373 2358 ad
391 2303 506 2357 alterum
524 2302 693 2372 peruenerit,
717 2299 827 2358 defendi
845 2303 948 2372 poterit
965 2302 1041 2358 odire
1059 2303 1228 2373 eugendum:
1248 2303 1314 2375 quid
1332 2305 1404 2362 enim
1422 2305 1504 2362 iuter·

67 2401 121 2466 est,
139 2409 196 2464 quo
214 2393 273 2448 iure
291 2390 398 2448 debitor
415 2390 548 2446 libertatis
566 2395 596 2446 et
612 2389 772 2447 hereditatis
790 2390 862 2447 idem
882 2406 943 2447 esse
963 2391 1103 2462 eoeperit?

8 2483 50 2564 tt)
122 2483 202 2538 loru
229 2481 297 2538 libro
323 2480 474 2536 uicensimo
496 2480 695 2549 quaestionum.
732 2479 793 2536 Non
816 2485 860 2536 est
882 2481 1022 2550 eugendus
1045 2481 1125 2536 heres
1149 2485 1305 2552 suspectam
1342 2493 1369 2540 Β.
1378 2495 1415 2550 se,
1425 2496 1462 2551 11,
1473 2495 1503 2542 ιο
1522 2491 1562 2544 Ρ·

68 2571 147 2630 sdlre
166 2571 345 2628 hereditatem
365 2569 400 2626 ab
418 2585 460 2639 eo,
479 2569 523 2624 oui
540 2568 652 2624 libertas
666 2569 836 2639 alegatario,
855 2569 993 2626 hereditas
1005 2571 1038 2626 ab
1049 2570 1150 2626 herede
1162 2571 1257 2626 reliota
1269 2576 1320 2641 est,
1339 2587 1401 2627 eum
1414 2577 1503 2628 staura
1521 2586 1550 2628 ss

67 2663 189 2718 hominis
211 2676 247 2718 er
268 2661 360 2730 legato
381 2658 501 2730 pendeat
519 2662 548 2714 et
565 2673 645 2714 nemo
664 2673 694 2714 se
713 2663 827 2728 cogatur
844 2659 1015 2730 adstringere
1032 2659 1204 2716 hereditariis
1222 2660 1374 2718 notionibus
1391 2666 1503 2732 propter

67 2753 201 2822 legatum.
233 2749 299 2821 quid
317 2749 398 2818 onim,
417 2749 441 2804 ei
453 2750 524 2804 inter
536 2764 626 2804 mores
638 2763 694 2804 non
705 2749 914 2806 manumittente
927 2750 1058 2819 legatario
1071 2765 1168 2806 seruus
1179 2750 1348 2806 deoesserit?
1374 2751 1398 2806 ai
1410 2754 1501 2806 autem

67 2842 135 2898 uino
157 2845 291 2896 testatore
313 2839 463 2907 legatarius
483 2837 647 2908 deeesserit,
669 2836 789 2908 benigne
807 2839 989 2908 respondetur
1006 2839 1160 2910 cogendum
1178 2839 1267 2910 adire,
1289 2856 1352 2896 oum
1370 2841 1398 2898 in
1416 2841 1503 2912 ipsius

67 2931 106 2988 rit
122 2933 263 3001 potestate
281 2929 449 2984 manumisso
467 2929 610 2984 restituere
628 2927 816 2984 hereditatem.
1521 2943 1550 2985 ‚a

7 3013 49 3101 bt)
122 3021 202 3076 lnurr
218 3017 288 3074 libro
306 3033 378 3074 nono
396 3018 503 3073 deoimo
521 3017 721 3087 quaestionum.
751 3017 841 3072 Titius
859 3021 971 3086 rogatus
989 3023 1040 3088 eet,
1059 3017 1133 3088 quod
1151 3033 1186 3074 ex
1204 3017 1309 3076 heredi·
1328 3013 1502 3106 Q
1519 3027 1547 3082 P

66 3115 126 3166 tate
144 3107 335 3179 superfuisset,
353 3107 459 3164 Maeuio
476 3107 630 3162 restituere.
657 3104 731 3176 quod
750 3106 839 3162 medio
857 3110 981 3176 tempore
998 3107 1144 3164 alienatum
1157 3109 1200 3164 uel
1213 3107 1382 3165 deminutum
1394 3115 1445 3179 est,
1463 3111 1503 3166 ita

66 3199 236 3270 quandoque
259 3197 315 3268 peti
339 3212 394 3252 non
412 3196 526 3267 poterit,
550 3195 574 3252 si
591 3211 646 3252 uon
663 3195 862 3250 interueniendl
879 3193 1081 3252 fideicommissi
1099 3197 1189 3266 gratia
1206 3197 1261 3253 tulo
1279 3197 1381 3270 aliquid
1398 3197 1501 3256 faotum

66 3287 214 3361 probetur:
233 3285 325 3342 uerbis
343 3286 414 3341 enirn
432 3283 637 3340 fideicommissi
654 3283 754 3340 bonam
772 3282 855 3340 fidem
872 3285 963 3340 inesse
981 3289 1097 3340 eonstat.
1125 3285 1206 3342 diuus
1223 3290 1314 3342 autem
1326 3287 1434 3344 fluens
1445 3309 1501 3344 erm

66 3379 103 3434 ds
121 3375 377 3434 fideicommissaria
393 3373 545 3430 hereditate
563 3377 749 3443 cognosceret,
767 3372 810 3428 his
827 3372 932 3429 uerbis:
951 3373 1090 3444 'quidquid
1108 3389 1143 3430 ex
1161 3373 1312 3430 hereditate
1330 3391 1392 3432 mea
1408 3392 1501 3448 super·

67 3466 176 3536 tuerit,
199 3481 266 3536 rogo
289 3462 425 3520 restituas‘
444 3467 473 3518 et
495 3463 547 3518 uiri
569 3463 634 3520 honi
657 3462 796 3519 arbitrium
817 3462 908 3518 inesse
926 3462 1055 3518 eredidit:
1079 3463 1211 3520 iudicauit
1228 3465 1300 3520 enim
1319 3467 1501 3537 erogationes,
1520 3479 1548 3522 eo

66 3572 140 3628 qnae
160 3575 191 3610 er
208 3554 360 3610 hereditate
379 3551 469 3609 laetae
487 3551 656 3622 dioebantur,
675 3567 730 3608 uon
749 3552 785 3608 ad
803 3553 888 3608 solam
907 3551 1110 3610 fideicommissi
1128 3553 1341 3610 deminutionem
1356 3557 1501 3626 pertinere,

67 3646 119 3704 aed
136 3660 190 3718 pro
207 3650 268 3700 rata
284 3643 449 3714 patrimonii,
467 3640 542 3712 quod
560 3641 639 3698 heres
656 3643 795 3712 proprium
808 3641 911 3713 habuit,
930 3641 1056 3698 distribui
1068 3647 1203 3714 oportere.
1230 3644 1303 3714 quod
1316 3643 1382 3700 mihi
1393 3645 1502 3701 uidetur

66 3752 124 3792 nou
147 3739 256 3790 tantum
278 3733 423 3802 aequitatis
441 3731 560 3801 ratione,
584 3747 679 3786 uerum
698 3731 823 3802 exemplo
841 3729 950 3802 quoque
967 3736 1059 3788 motos
1076 3730 1183 3790 fecisse.
1214 3749 1276 3790 eum
1295 3735 1367 3790 euim
1385 3733 1420 3790 de
1438 3749 1501 3790 oon·

66 3823 191 3881 terendis
209 3821 289 3879 bonis
307 3821 436 3877 hatribns
454 3820 490 3876 ab
509 3821 681 3891 emunoipato
698 3819 753 3876 filio
768 3825 952 3892 quaereretur,
971 3823 1147 3892 praecipuum
1160 3827 1261 3894 summ,
1278 3823 1353 3893 quod
1364 3824 1393 3879 in
1404 3824 1502 3880 mauis

67 3913 160 3970 tuerat
179 3911 346 3982 adquisitum
365 3911 451 3979 militi,
470 3909 584 3980 relinqui
602 3910 728 3980 plaeeret,
746 3911 887 3966 consultus
905 3912 1052 3981 imperator
1066 3917 1200 3983 sumptus,
1218 3928 1287 3983 quos
1300 3913 1378 3968 miles
1390 3911 1501 3988 lecerat,
1519 3927 1548 3970 ro

66 4020 123 4060 non
142 4018 180 4058 ex
197 4015 232 4059 eo
249 4000 438 4056 tantummodo
455 3999 627 4070 patrimonio,
646 3999 719 4070 quod
737 4015 837 4056 munus
855 4001 1006 4056 oollationie
1024 4001 1082 4070 pati
1100 4001 1203 4072 debuit,
1222 4002 1271 4058 sed
1285 4017 1335 4072 pro
1347 4006 1407 4058 rata
1418 4003 1501 4059 etiarn

66 4091 221 4149 moerus
248 4090 381 4160 pecuniae
410 4089 544 4144 deoedere
573 4093 698 4159 oportere
722 4089 871 4146 constituit
907 4095 1020 4160 propter
1041 4089 1197 4147 huiusmodi
1220 4096 1354 4148 traotmus
1377 4092 1500 4148 llaeuius

66 4187 319 4258 HWDEQIGK)

68 4317 78 4352 ¹
95 4311 172 4370 tilius
192 4321 240 4366 tm.
311 4311 509 4402 ²uto-nmque?
579 4311 590 4346 ¹
608 4311 632 4365 is
650 4326 667 4365 a
684 4326 739 4381 quo
756 4309 867 4367 libertas
885 4311 951 4368 data
968 4317 1012 4368 est
1031 4322 1078 4368 tna.

68 4427 173 4500 hpetr]
200 4425 336 4491 DEIOK,
360 4426 416 4481 neti
439 4425 502 4480 FW
551 4428 717 4498 8qnartam
741 4429 767 4482 F
813 4432 926 4498 rogatus
944 4427 1026 4486 fuerit
1042 4429 1123 4484 delus
1143 4429 1172 4495 Ο,
1190 4444 1257 4500 rogo
1275 4431 1404 4488 restituas
1421 4447 1500 4503 rogu-

69 4503 232 4570 thuantam
246 4499 270 4552 F
274 4501 331 4564 (em.
407 4499 441 4554 15
453 4503 546 4568 peter
555 4499 591 4552 F*
629 4500 662 4556 19
674 4499 760 4568 loeus]
813 4505 858 4556 tus
881 4502 958 4556 titius
978 4502 1022 4566 8⁰,
1045 4517 1111 4571 rogo
1133 4502 1255 4556 restitius
1275 4501 1350 4570 asQ
1402 4505 1437 4559 36
1455 4505 1499 4574 erl

68 4569 330 4628 tuneloeueWDE
356 4567 426 4624 [GK
465 4570 500 4624 25
512 4569 587 4644 adire
597 4569 675 4628 'here'
685 4570 761 4626 here·
820 4571 986 4640 WDEQIK,
1004 4573 1038 4628 de
1053 4573 1083 4639 0,
1097 4573 1176 4626 mnf
1218 4573 1253 4628 39
1267 4575 1453 4646 praecipuum]
1466 4577 1506 4631 H

68 4643 185 4700 ditatem
205 4641 244 4696 F’
259 4645 263 4707 Ι
279 4641 333 4712 eui]
351 4639 398 4712 qui
416 4641 440 4694 F
451 4645 455 4704 Ι
471 4640 515 4711 ab]
535 4641 570 4704 ud
586 4643 611 4694 F
653 4643 687 4698 28
705 4658 761 4698 res·
815 4645 905 4715 (supra
923 4666 947 4698 a.
960 4645 1003 4700 uel
1021 4649 1142 4714 preoum)
1158 4643 1186 4710 O,
1204 4645 1348 4716 prioipium
1367 4647 1401 4712 K,
1419 4663 1501 4716 peou·

69 4713 201 4788 penditur
226 4713 263 4766 F·
334 4715 369 4768 33
396 4710 467 4780 eum]
485 4713 643 4784 sDEIOK,
672 4733 720 4768 om.
741 4715 767 4768 F
813 4715 878 4770 lium
895 4713 988 4770 WDE
1039 4715 1074 4771 40
1091 4715 1221 4787 plooe'ri't
1238 4717 1276 4770 F’
1327 4718 1363 4773 42
1382 4723 1500 4774 castren·

69 4788 104 4844 ³4
133 4801 169 4842 ex
193 4783 381 4840 hereditate'm
406 4787 584 4854 cognosceret
606 4784 648 4840 his
670 4784 761 4840 uerbis
814 4785 878 4842 si'i's
891 4787 928 4840 Ρ
944 4791 948 4854 Ι
964 4787 1097 4843 deoedere
1109 4788 1244 4858 oportere]
1255 4790 1332 4845 fflX'
1343 4793 1502 4863 (stpnpteanr

68 4857 135 4928 quid
160 4855 309 4927 (quidquid
322 4859 360 4930 fi
387 4870 422 4910 ex
450 4855 607 4911 hereditate’
625 4872 687 4912 mea
713 4853 762 4911 par
815 4867 911 4912 taeter
929 4867 986 4914 .r·to
1003 4860 1095 4914 tabere
1107 4861 1241 4926 Pisonem)
1254 4861 1288 4926 K,
1306 4861 1406 4916 debere
1423 4863 1501 4930 inpu-

68 4931 104 4988 35
122 4941 194 4998 rogo
211 4927 273 4995 (hoo
292 4937 339 4984 ine.
351 4927 395 4992 K)
412 4928 541 4982 restituas
559 4927 597 4998 et]
614 4927 681 4984 DE‘
695 4931 761 4992 (lou-
814 4933 873 4984 tare
921 4931 939 4984 I
948 4938 1009 4985 etin
1021 4939 1145 5004 marytre,
1156 4933 1202 4986 aad
1213 4933 1326 4998 deletum,
1338 4932 1383 4998 E‘,
1401 4932 1500 4990 debere

67 5003 135 5056 dm
143 4999 280 5067 summ)
288 4999 325 5066 Κ,
337 4999 455 5068 rogaret
465 4999 508 5055 his
520 4997 611 5055 uerbis
623 4998 762 5070 quidquid'
814 5006 939 5072 oportere
960 5001 984 5057 0

70 5071 173 5129 sh'tuss
184 5075 213 5127 ot
226 5071 269 5138 Ρ,
285 5077 401 5143 rogatus
411 5071 492 5128 tioiua
504 5075 533 5127 et
545 5073 585 5142 (et
596 5091 644 5127 om.
654 5073 691 5140 1⁶)
704 5071 761 5137 WI,
