4216 5424
1125 227 1201 290 vlu

451 367 553 426 habers
574 369 743 440 uiderentur,
765 374 845 426 notas
868 383 962 426 eorum
985 369 1014 426 ln
1036 370 1092 426 ima
1113 369 1238 440 margine
1260 367 1443 426 adscriberent
1464 366 1602 424 uncmnlis
1626 363 1825 422 circnmdmtm
1839 366 1876 423 sic

452 457 593 528 [PVLUlz
617 473 780 529 quamquam
798 458 827 514 in
844 459 893 514 tali
910 459 1056 529 partitione
1072 473 1125 514 nec
1142 458 1278 528 mihiipsi
1295 459 1362 514 satis
1380 456 1433 514 ieci
1450 461 1480 514 et
1496 458 1525 514 in
1543 472 1578 512 ea
1595 471 1647 512 suo
1666 455 1767 524 cuique
1783 454 1875 511 indicio

451 546 579 602 standum
602 561 664 602 esse
686 547 734 602 uix
756 562 826 618 opus
847 551 890 602 est
913 562 1031 605 monere.
1063 563 1159 604 uerum
1182 553 1211 603 et
1231 553 1342 618 propter
1363 547 1452 618 ipsum
1480 547 1613 602 incertam
1636 543 1764 606 codicum
1786 541 1876 598 borum

451 641 576 692 usturam
595 640 624 692 et
639 639 750 706 propter
766 635 854 706 litigia
870 635 906 692 de
923 651 1017 692 eornm
1035 637 1152 692 utilitate
1169 651 1219 706 per
1236 636 1345 692 saecula
1357 636 1464 704 agitata
1476 651 1532 692 non
1544 633 1692 703 uidebatur
1703 631 1877 688 omittendum

451 739 521 796 esse,
534 725 599 794 quin
612 739 646 780 ex
657 724 691 779 iis
703 740 786 780 unum
798 729 872 780 certe
884 725 927 780 sni
939 725 1046 796 generis
1058 725 1321 796 praestantissimum
1334 724 1482 796 deligerem
1493 725 1609 794 eiusque
1620 723 1726 783 uariam
1738 722 1878 776 lectionem

451 828 506 870 non
524 828 585 869 meo
603 813 714 870 arbitrio
732 813 875 884 selectam,
893 813 944 870 sed
961 814 1001 870 ita
1017 814 1179 886 dispositam
1196 813 1320 884 ederem,
1345 818 1377 870 ιιι
1394 813 1482 870 cuiuis
1499 812 1535 868 de
1553 813 1614 868 eius
1631 810 1725 868 indole
1742 811 1795 882 ipsi
1812 809 1878 865 indi·

452 918 514 960 esre
531 903 633 958 liceret
660 905 755 958 sonna
771 918 826 959 non
844 903 961 958 sustinui
971 903 1064 974 plures
1075 904 1135 960 eius
1146 903 1249 960 ordinis
1261 903 1344 958 libros
1356 902 1436 973 plene
1454 899 1577 958 conierre
1595 906 1624 956 et
1642 900 1758 956 mendas
1776 898 1879 956 mendis

452 992 599 1062 cumulare,
616 991 775 1062 praesertim
794 1006 856 1046 cum
874 1007 941 1048 usus
959 1007 1003 1048 me
1015 991 1155 1048 docuisset
1165 992 1298 1064 quidquid
1310 992 1376 1046 utile
1387 990 1508 1046 habeant
1525 989 1634 1046 codices
1651 1005 1687 1044 ex
1699 990 1726 1044 Ζ
1735 987 1878 1060 propagati

451 1080 649 1151 repaesentari
671 1078 739 1135 libro
762 1080 898 1150 Parisino,
922 1095 956 1136 ea
978 1084 1071 1136 autem
1093 1096 1164 1152 quae
1186 1081 1282 1154 reliqui
1305 1079 1366 1136 libri
1388 1084 1543 1152 proponant
1565 1078 1618 1136 subi
1640 1079 1766 1149 propria,
1788 1076 1880 1132 idest

452 1169 561 1224 diuersa
578 1185 595 1224 s
611 1168 767 1224 Florentino
784 1168 960 1240 Parisinoque
981 1169 1226 1240 consentientibus,
1250 1170 1359 1226 omnino
1383 1169 1475 1240 sperni
1495 1183 1590 1239 posse.
1621 1167 1697 1238 quod
1720 1165 1820 1222 cadere
1837 1165 1878 1220 nal

452 1259 480 1314 in
499 1258 659 1314 Uaticanum
680 1257 850 1328 Lipsiensem
868 1258 1029 1314 Patauinum
1053 1258 1158 1326 (VLU)
1181 1257 1380 1316 demonstrabit
1401 1257 1618 1314 additamentum
1641 1257 1756 1313 tertium
1777 1253 1879 1310 habens

452 1348 560 1418 plenam
578 1361 671 1402 eorum
688 1347 833 1402 lectionem
855 1345 892 1402 ad
914 1347 1008 1402 titulos
1025 1351 1154 1416 quattuor
1172 1353 1308 1404 extremos
1325 1347 1388 1404 libri
1404 1347 1499 1417 quinti.
1518 1350 1624 1426 'contra
1641 1345 1703 1402 libri
1721 1344 1836 1400 Parisini
1853 1343 1879 1398 in

453 1451 504 1492 suo
521 1435 631 1506 quidem
649 1450 750 1505 genere
767 1435 929 1490 excellentia
945 1451 1000 1492 non
1017 1436 1105 1492 solum
1122 1437 1186 1493 inde
1204 1437 1382 1506 intellegitur,
1404 1435 1479 1506 quod
1501 1436 1635 1492 sescentis
1652 1435 1721 1490 locis
1739 1449 1804 1488 cum
1822 1432 1879 1487 Flo

453 1525 559 1580 rentino
577 1524 726 1593 consentit,
750 1522 796 1578 ubi
819 1524 915 1594 reliqui
937 1539 1032 1580 omnes
1055 1525 1115 1580 eius
1135 1525 1237 1581 ordinis
1254 1525 1315 1580 libri
1332 1525 1539 1594 interpolatione
1557 1524 1656 1578 mutati
1672 1524 1702 1578 in
1720 1523 1775 1582 elia
1791 1521 1879 1578 omnia

454 1612 570 1683 sbeuut,
596 1611 644 1668 sed
671 1611 848 1682 quodetiam
871 1613 938 1668 locis
961 1612 1124 1683 quibusdam
1147 1615 1273 1684 quamuis
1299 1614 1367 1670 reris
1389 1619 1446 1668 tum
1470 1618 1566 1668 contra
1589 1612 1778 1668 Florentinum
1801 1625 1878 1680 quau

453 1707 549 1758 contra
565 1701 682 1771 reliquos
700 1699 813 1756 secundi
830 1700 932 1756 ordinis
949 1701 1033 1758 libros
1052 1717 1146 1758 uerum
1164 1719 1200 1760 ex
1217 1705 1303 1758 sltero
1321 1703 1426 1758 scilicet
1443 1701 1593 1773 archetypo
1611 1701 1687 1758 solus
1699 1699 1812 1754 uidetur
1827 1713 1877 1753 ser·

453 1805 544 1846 nesse.
574 1790 644 1844 inter
661 1804 730 1860 quos
747 1790 865 1844 maxime
883 1789 998 1860 insignis
1022 1791 1100 1846 locus
1117 1797 1161 1848 est
1177 1792 1319 1862 Papiniani
1336 1791 1371 1846 D.
1383 1793 1409 1861 3,
1425 1792 1451 1860 3,
1466 1791 1500 1845 68
1522 1791 1679 1860 propositus
1704 1790 1777 1844 inter
1799 1786 1877 1857 speci·

453 1879 528 1934 mina
545 1879 694 1948 scripturae
712 1877 806 1934 tabula
822 1879 920 1949 priore,
941 1878 989 1934 nbi
1006 1899 1056 1933 aon
1074 1880 1237 1936 uocabulum
1256 1898 1273 1936 a
1291 1880 1405 1936 Parisini
1421 1895 1504 1934 mann
1522 1879 1610 1949 prima
1627 1883 1771 1934 seruatum
1789 1873 1877 1931 conir-

454 1973 611 2038 matumque
629 1965 770 2022 aGraecis
785 1983 846 2022 cum
864 1983 919 2023 non
930 1968 967 2023 sit
978 1967 1006 2022 in
1018 1968 1182 2039 Florentino,
1201 1969 1236 2023 ad
1255 1969 1314 2024 eius
1332 1984 1454 2024 normsm
1472 1973 1501 2023 et
1518 1967 1638 2022 deletum
1657 1972 1703 2022 est
1719 1967 1749 2020 iu
1760 1965 1875 2020 Purisiuc

454 2061 483 2112 et
507 2051 625 2112 obest‘a
646 2056 756 2128 reliquis
777 2060 913 2126 quotquot
935 2055 1001 2111 mihi
1023 2057 1199 2114 innotuerunt
1221 2057 1389 2128 digestorum
1411 2056 1495 2112 libris.
1530 2057 1624 2126 itaque
1652 2056 1681 2116 in
1706 2069 1740 2112 eo
1764 2051 1875 2108 substiti

454 2161 517 2200 nem
535 2145 645 2201 omnino
662 2132 735 2200 iusta
751 2150 893 2200 auctorum
910 2145 1083 2214 antiquorum
1102 2146 1179 2202 crisis
1196 2146 1225 2202 in
1243 2161 1276 2202 eo
1294 2147 1417 2216 uertitur,
1436 2151 1467 2200 nt
1484 2160 1520 2200 ex
1532 2145 1607 2200 libris
1619 2146 1667 2215 qui
1679 2147 1778 2200 extant
1790 2141 1877 2212 optimi

454 2234 555 2306 quique
572 2233 733 2304 deligantur,
752 2233 851 2290 delecti
868 2233 948 2304 plene
965 2238 994 2288 et
1011 2232 1155 2304 diligenter
1173 2236 1352 2306 enuntiantur,
1370 2249 1425 2290 ncn
1443 2239 1474 2289 ut
1491 2249 1573 2304 quem
1591 2234 1703 2303 plurimi
1721 2232 1784 2290 libri
1801 2231 1875 2301 inspi·

444 2323 561 2384 ,ciantur
581 2327 610 2378 et
631 2323 739 2394 potiora
761 2337 831 2394 quae
854 2323 909 2376 sint
926 2321 1106 2378 uideanturue
1124 2337 1160 2378 ex
1176 2323 1210 2380 iis
1227 2323 1354 2380 omuibus
1371 2324 1531 2379 afferantur:
1556 2328 1630 2378 certe
1652 2323 1731 2392 longi
1752 2321 1792 2376 illi
1813 2321 1876 2375 litte

454 2426 545 2479 rarum
563 2411 740 2482 singularium
757 2411 879 2482 ordines,
899 2425 969 2482 quos
987 2412 1053 2466 artis
1071 2413 1194 2482 magistri
1212 2429 1266 2468 non
1284 2413 1372 2483 magis
1390 2417 1578 2483 expauescnnt
1594 2428 1678 2482 qnam
1697 2411 1877 2479 contemnunt,

455 2498 491 2556 ab
508 2499 542 2556 iis
559 2501 676 2556 maxime
693 2499 913 2572 frequentantur,
936 2501 982 2572 qui
1005 2516 1068 2558 cum
1089 2501 1207 2572 impares
1225 2503 1281 2556 sint
1297 2501 1438 2572 scripturis
1454 2507 1529 2556 recte
1547 2499 1728 2558 aestimandis
1746 2503 1778 2554 ot
1794 2496 1876 2568 probis

455 2589 634 2660 segregandis
653 2605 671 2644 s
690 2589 850 2660 unlgsribus
871 2594 900 2644 et
918 2589 1071 2660 inutilibus,
1093 2590 1133 2646 ita
1153 2589 1236 2646 libros
1257 2595 1343 2662 egunt
1367 2589 1402 2646 sd
1424 2590 1553 2646 lectorem
1576 2595 1609 2644 ut
1630 2604 1666 2644 ex
1688 2589 1756 2644 ouili
1776 2601 1877 2656 pecora

455 2678 576 2734 omnium
594 2693 660 2734 uero
682 2678 799 2734 maxime
816 2679 844 2734 in
861 2677 943 2750 libro,
967 2679 1055 2748 quelle
1072 2677 1116 2734 hic
1133 2683 1189 2750 est,
1213 2684 1242 2734 et
1263 2679 1368 2748 ingenti
1385 2683 1414 2734 st
1430 2679 1470 2734 ita
1486 2681 1656 2749 comparato,
1682 2682 1714 2734 ut
1737 2677 1768 2732 iu
1786 2674 1878 2731 descri-

454 2765 546 2826 bendo
563 2764 691 2822 facillime
707 2765 833 2822 librarius
851 2767 935 2822 etism
952 2768 1056 2838 peritrrs
1073 2772 1103 2824 st
1119 2767 1261 2826 modestus
1277 2766 1393 2837 labatur,
1411 2767 1563 2824 canendum
1581 2772 1625 2824 est
1635 2782 1672 2822 ue
1684 2767 1767 2822 testis
1778 2769 1879 2836 praeter

455 2855 648 2912 necessitatem
665 2854 831 2912 ιᾱιιιιιιιιιιι.
859 2861 1025 2927 quapropter
1036 2872 1098 2912 cum
1116 2855 1187 2914 benc
1204 2871 1315 2928 operum
1333 2857 1507 2928 susciperem,
1526 2871 1587 2912 eam
1605 2856 1632 2914 ei
1648 2856 1742 2926 legem
1760 2853 1838 2924 dedi,
1853 2856 1878 2908 ut

456 2942 492 3002 ab
513 2944 575 3016 ipso
597 2943 661 3000 inde
682 2943 815 3016 principio
836 2945 899 3002 nela
919 2944 1107 3002 contraherem
1130 2949 1159 3002 et
1180 2945 1209 3002 in
1232 2951 1366 3016 apparatu
1382 2943 1549 3001 instituendo
1565 2945 1639 3000 intre
1661 2943 1776 3000 codices
1793 2942 1876 2998 stricto

455 3031 515 3090 iure
532 3033 700 3089 necessarios
718 3048 762 3088 me
779 3033 955 3106 continerem,
974 3034 1057 3090 nimia
1074 3039 1167 3090 summ
1185 3038 1214 3090 et
1231 3049 1402 3104 superuacua
1419 3034 1560 3090 euitarem.

508 3121 573 3178 Dixi
595 3121 630 3177 de
652 3127 799 3193 apparatu:
821 3138 911 3192 psuca
927 3127 1074 3194 supersunt
1091 3122 1207 3178 dicenda
1224 3122 1259 3178 de
1278 3121 1451 3178 meatorum
1468 3122 1599 3178 librorum
1617 3121 1815 3192 recognitione
1845 3117 1879 3174 di·

456 3215 536 3282 gesta
557 3225 722 3281 quemquam
739 3211 889 3267 Florentini
911 3212 1013 3268 codicis
1036 3227 1089 3284 cpe
1111 3213 1192 3282 longe
1216 3212 1305 3268 minus
1328 3217 1456 3282 corrupta
1478 3212 1514 3266 ad
1533 3227 1582 3269 nos
1600 3215 1789 3282 peruenerunt
1805 3223 1878 3278 qnam

456 3299 555 3356 Latina
576 3300 705 3370 pleraque
727 3315 798 3370 quse
815 3299 891 3360 libris
913 3302 1021 3372 scriptis
1038 3300 1140 3356 tredita
1159 3301 1327 3372 accepimns,
1350 3305 1441 3356 tamen
1459 3305 1629 3371 quantopere
1647 3305 1742 3356 cuent
1759 3299 1806 3369 qui
1822 3297 1880 3352 talia

456 3403 508 3444 nos
529 3389 620 3458 legere
640 3389 786 3460 opinentur
805 3390 897 3458 qualia
915 3391 1066 3446 emiserumt
1088 3404 1181 3446 eorum
1205 3389 1372 3460 conditores,
1397 3389 1441 3444 uel
1462 3405 1533 3460 unus
1552 3389 1649 3446 titulus
1671 3387 1767 3444 finium
1791 3400 1878 3455 rugen·

457 3475 553 3532 domm
578 3477 645 3532 satis
667 3476 849 3547 demonstret,
877 3493 958 3548 quem
982 3479 1093 3534 alterius
1117 3493 1172 3534 non
1194 3479 1305 3534 minoris
1328 3479 1497 3536 auctoritatis
1524 3478 1642 3548 exempli
1670 3493 1737 3548 ope,
1767 3493 1828 3534 cum
1847 3475 1880 3530 sit

456 3581 586 3622 umsuum
603 3580 659 3622 non
682 3565 743 3636 plus
760 3565 885 3636 LXXIV,
904 3566 1048 3622 duodecim
1066 3567 1133 3624 locis
1151 3567 1296 3624 emendare
1313 3567 1460 3638 potuimus.
1490 3582 1574 3638 qnare
1592 3567 1783 3636 coniecturae,
1805 3563 1878 3620 modo

457 3653 494 3710 ad
511 3654 578 3708 artis
595 3653 670 3724 leges
688 3659 796 3710 etcum
815 3654 914 3711 iudicio
933 3661 1100 3726 exerceatur,
1117 3657 1146 3712 in
1164 3655 1206 3712 his
1224 3671 1332 3726 quoqne
1349 3655 1424 3712 libris
1442 3657 1552 3712 omuino
1569 3657 1647 3712 locus
1666 3662 1718 3712 est.
1745 3659 1880 3726 prseteres

457 3741 627 3798 conditorum
645 3757 707 3798 cum
725 3743 830 3798 incuris
847 3743 965 3800 maxime
982 3745 1010 3800 in
1027 3745 1124 3800 litteris
1142 3745 1325 3814 singudsribus
1342 3745 1509 3816 explicandis
1527 3751 1585 3800 tum
1603 3745 1795 3816 interpolatio,
1813 3743 1880 3798 licita

457 3831 567 3902 quidem
585 3831 619 3886 iis
637 3835 666 3886 et
682 3846 765 3902 scope
782 3833 949 3904 neccssaria,
968 3833 1018 3888 sed
1036 3833 1115 3890 nobis
1134 3834 1257 3904 molesta,
1275 3831 1340 3890 iecit
1357 3839 1389 3890 ιιι
1404 3835 1527 3890 recensio
1545 3850 1630 3904 quam
1649 3833 1670 3888 ii
1686 3834 1879 3903 proposuerunt

458 3920 619 3990 eprimeria
641 3925 784 3976 auctorum
804 3921 938 3991 scripture
960 3926 1016 3978 tam
1040 3937 1123 3994 saepe
1146 3922 1269 3992 recedet,
1292 3927 1324 3978 ut
1346 3923 1393 3994 qui
1410 3922 1478 3978 haec
1496 3923 1560 3978 olim
1585 3923 1757 3993 scripscrnmt
1774 3921 1798 3976 si
1813 3922 1878 3990 lege

457 4012 518 4064 rent
535 4007 616 4064 hodie
633 4007 662 4063 in
680 4007 794 4080 digestis
812 4014 926 4080 accepta
943 4009 995 4066 sibi
1012 4011 1110 4082 reluta,
1134 4010 1262 4066 credibile
1282 4012 1319 4066 sit
1336 4027 1419 4082 saepe
1436 4010 1495 4067 iore
1512 4016 1544 4067 nt
1561 4011 1615 4081 ipsi
1632 4026 1664 4066 se
1682 4025 1739 4067 nou
1755 4023 1878 4081 agnosce

457 4102 526 4154 rent.
557 4097 655 4168 prioris
676 4098 784 4167 generis
808 4113 913 4155 errores
935 4104 967 4154 ιιι
989 4099 1176 4171 deprehendat
1203 4106 1231 4156 et
1259 4101 1400 4170 emendet,
1429 4101 1487 4156 iure
1514 4101 1637 4170 poscitur
1661 4099 1697 4155 ab
1720 4115 1754 4155 eo
1777 4100 1822 4170 qni
1843 4097 1878 4152 di·

457 4189 537 4256 gesta
558 4187 742 4256 recognoscit:
767 4192 862 4242 contre
883 4189 912 4244 in
934 4189 1046 4244 ulterius
1068 4189 1177 4261 generis
1198 4188 1451 4260 interpolationibus
1473 4188 1711 4259 deprehendendis
1734 4192 1763 4244 et
1786 4188 1878 4256 eliqua·

456 4279 537 4330 tenus
554 4273 591 4330 ad
608 4274 786 4345 antiquiorem
804 4278 906 4330 statum
924 4277 1086 4333 reuocandis
1103 4293 1165 4334 cum
1183 4283 1292 4334 nostrae
1310 4279 1408 4334 setutis
1425 4278 1638 4348 iurisprndentis
1649 4294 1753 4348 magna
1763 4293 1798 4332 ex
1807 4278 1879 4348 purte

457 4367 592 4432 uertatur,
616 4363 785 4432 digestorum
809 4363 921 4420 editoris
942 4365 970 4420 in
987 4381 1021 4421 cs
1038 4381 1068 4420 re
1085 4371 1177 4436 peries
1195 4373 1243 4422 sut
1261 4368 1351 4423 nullae
1368 4371 1433 4423 sunt
1450 4371 1499 4422 aut
1516 4373 1591 4422 certe
1608 4365 1798 4422 secundariae.
1831 4377 1878 4434 ego

456 4451 485 4508 iu
503 4449 554 4506 huc
571 4450 690 4506 editione
708 4451 865 4508 adornanda
882 4468 945 4510 cum
962 4451 1014 4510 boc
1030 4455 1202 4525 potissimum
1214 4455 1279 4512 mihi
1290 4457 1501 4528 proposuissem,
1519 4463 1551 4512 ut
1566 4456 1779 4512 instrumentum
1790 4453 1824 4509 ad
1835 4453 1878 4508 cri·

456 4539 500 4596 siu
517 4539 696 4596 exercendem
714 4546 856 4610 pararetur
873 4548 978 4598 certum
995 4547 1025 4598 ct
1040 4544 1160 4614 plenum,
1178 4545 1260 4600 crisin
1277 4545 1364 4616 ipsam
1380 4561 1435 4601 non
1452 4545 1561 4614 neglexi
1577 4544 1691 4616 quidem
1704 4541 1879 4614 (nequeenim

456 4643 492 4686 ex
509 4629 543 4684 iis
561 4644 622 4684 snm
640 4629 687 4698 qui
705 4644 767 4684 curn
785 4629 888 4686 codicis
906 4631 1047 4688 cuiusdam
1066 4633 1220 4704 exemplum
1238 4634 1313 4704 typis
1331 4633 1448 4690 exscribi
1464 4634 1604 4690 iusserunt
1623 4639 1764 4689 auctorem
1782 4631 1831 4688 sibi
1844 4629 1880 4684 ui·

456 4717 555 4774 deutur
572 4717 710 4788 edidisse),
729 4717 779 4772 sed
796 4717 955 4776 subituriam
974 4722 1061 4792 magis
1079 4727 1108 4776 et
1125 4728 1206 4792 prout
1224 4738 1267 4778 res
1285 4723 1381 4778 incidit
1398 4739 1509 4793 operam
1527 4725 1554 4780 ei
1572 4723 1710 4794 impendi:
1728 4723 1809 4792 idque
1820 4724 1879 4791 puto

457 4807 505 4878 qni
525 4807 577 4862 hac
600 4807 720 4864 editione
743 4811 855 4864 utentur
876 4824 931 4866 non
951 4815 1007 4864 tam
1026 4809 1196 4866 excusabunt
1213 4827 1294 4880 quam
1312 4811 1471 4866 laudabunt
1508 4813 1640 4884 namqui
1657 4814 1748 4868 sciunt
1764 4811 1828 4882 qnid
1844 4823 1879 4864 ro

457 4895 579 4966 quiratur
596 4896 633 4951 sd
649 4896 817 4965 digestorum
836 4897 918 4952 crisio
935 4903 1010 4954 recte
1028 4904 1056 4954 et
1073 4900 1153 4969 plene
1170 4899 1366 4956 instituendam
1379 4907 1408 4956 et
1418 4900 1485 4956 iuris
1497 4905 1644 4958 suetorum
1656 4901 1686 4958 in
1694 4901 1880 4974 uocabulorum

456 4998 510 5042 usu
532 4987 562 5042 et
578 4987 716 5042 structura
732 4990 762 5042 et
778 4986 888 5044 omnino
905 4987 934 5042 in
951 5003 981 5044 re
998 4989 1177 5058 grammunea
1192 4989 1387 5062 proprietatem
1402 4989 1616 5062 perdiscendam
1634 5005 1781 5064 rerumque
1797 4987 1881 5061 cogni·
