3614 5460
274 231 470 302 xxxxviii
491 231 511 299 2
532 239 568 295 2ο
586 267 619 278 -
639 232 696 298 34
954 222 1042 304 800
1178 247 1226 294 us
1241 185 1469 296 sooussmon.
1488 246 1533 293 ur
1548 244 1706 294 msceres.

275 405 342 447 uero
360 389 467 446 delietis
485 403 575 458 poepa
592 388 712 458 incipere
731 385 766 442 ab
784 385 885 442 herede
902 385 943 440 ita
959 384 1071 440 demum
1088 387 1195 455 potest,
1219 385 1244 440 si
1261 386 1326 442 uiuo
1344 400 1393 442 reo
1411 385 1556 440 aoousatio
1574 387 1653 439 mois
1664 387 1722 452 esi,-

276 481 342 535 lioet
359 493 413 534 non
432 477 485 532 init
502 476 694 532 condemnatio
710 469 817 530 ‘astuta

220 572 257 629 21
330 567 512 622 Permessus
533 565 603 621 libro
626 565 722 634 quinto
745 563 852 618 deoimo
872 575 1077 632 responsorem.
1113 561 1219 632 Capitis
1236 576 1301 618 reus
1318 575 1453 632 suspenso
1472 562 1525 616 ori·
1558 555 1743 628 ῑιῖῐοῘΕῙιΡ

265 656 352 724 Ιιιιίιιιι
371 671 481 710 oausam
500 653 567 709 fiseo
586 653 693 708 deiorre
711 667 765 708 nou
784 649 952 721 prohibetur.
1724 661 1734 699 r

221 749 282 806 22·
331 745 409 799 Inuu
432 743 501 798 libro
522 749 603 797 sexto
621 742 728 796 deoimo
746 755 950 811 responsorum.
985 738 1108 794 Alterius
1125 739 1283 808 prouinciae
1300 755 1364 794 reus
1383 738 1456 809 epud
1475 753 1525 794 eos
1545 731 1743 821 Q?

279 837 425 888 aoeusatur
442 836 471 886 et
488 831 643 900 damnatur,
661 829 737 900 apud
755 844 825 898 quos
843 829 946 884 orimeu
964 831 1134 884 eontraotum
1153 827 1316 884 ostenditur.
1345 827 1523 898 quodetiam
1542 828 1572 883 in
1591 826 1711 882 militibus

278 935 341 976 esse
359 919 562 976 obseruandum
580 920 677 990 optimi
693 919 831 989 prinoipes
850 918 937 974 nostri
954 917 1119 987 genernliter
1136 917 1344 986 rescripserunt

437 1208 474 1286 R
514 1207 578 1284 DE
606 1205 844 1285 OUSTODIA
870 1205 933 1282 ΕΤ
960 1071 1264 1282 illliliIssBITIONE
1292 1204 1490 1282 REORUM
1531 1203 1571 1280 R
1721 1219 1753 1276 rs

244 1367 259 1423 1
333 1362 484 1419 umerus
501 1361 570 1418 libro
588 1363 710 1419 seeundo
725 1361 760 1417 de
772 1360 863 1418 offioio
876 1363 1056 1431 prooonsniis.
1082 1361 1125 1417 De
1137 1362 1265 1418 custodia
1275 1376 1382 1418 reorum
1395 1361 1546 1432 prooonsni
1563 1352 1709 1442 [Q
1721 1361 1744 1414 i·

280 1452 426 1506 aestimare
444 1451 522 1520 solet,
541 1457 632 1506 utrnm
651 1452 679 1506 in
697 1465 834 1506 osroerem
852 1451 1010 1520 reeipiends
1028 1451 1065 1522 sit
1081 1466 1200 1521 persona
1217 1467 1253 1506 an
1271 1451 1350 1506 militi
1367 1449 1504 1504 tradenda
1520 1449 1567 1503 uei
1578 1448 1709 1502 iideinsso
1722 1457 1739 1496 11

279 1539 356 1594 ribus
374 1539 570 1594 committenda
587 1541 631 1595 nei
649 1539 732 1596 etiam
751 1539 813 1595 sibi.
843 1539 897 1596 hoe
915 1545 1006 1594 autem
1025 1540 1070 1594 uei
1088 1554 1138 1610 pro
1156 1539 1276 1595 oriminis
1294 1537 1369 1609 quod
1385 1537 1506 1593 obioitur
1523 1537 1657 1606 qualitate
1671 1535 1709 1590 usi

279 1631 393 1698 propter
414 1627 544 1684 honorem
568 1631 617 1682 aut
639 1634 752 1698 propter
774 1628 957 1698 amplissimas
979 1626 1125 1684 iaoultates
1148 1629 1194 1684 usi
1211 1643 1261 1698 pro
1278 1627 1437 1683 iunooeutia
1453 1640 1592 1696 personae
1610 1625 1652 1680 usi
1667 1637 1709 1694 pre

280 1716 414 1786 dignitate
433 1717 492 1772 eius
510 1716 558 1786 qui
575 1722 722 1772 aoousatur
738 1715 829 1772 faeere
848 1718 927 1772 solet.

244 1807 261 1864 2
334 1805 515 1860 Psennrsnus
532 1805 601 1860 libro
619 1805 707 1875 primo
725 1805 760 1860 de
777 1805 928 1862 adulteriis.
956 1803 985 1860 Si
1004 1819 1101 1860 seruus
1119 1803 1229 1873 oapitsli
1247 1803 1359 1859 erimine
1376 1805 1543 1876 postuletur,
1577 1805 1734 1868 s.e0.at,ri

280 1894 342 1964 iege
365 1893 536 1964 publicorum
560 1899 688 1963 oauetur,
712 1899 744 1949 ut
761 1893 912 1948 sistendum
931 1893 976 1948 uei
994 1915 1012 1948 a
1029 1895 1132 1948 domino
1149 1895 1190 1947 osi
1206 1892 1242 1948 ab
1261 1899 1354 1948 extero
1373 1894 1511 1949 satisdato
1529 1896 1708 1964 promittatur:
1721 1897 1738 1939 ιι

250 1995 260 2040 1
280 1981 355 2052 quod
373 1982 396 2036 si
414 1995 469 2036 non
488 1979 659 2052 defendatur,
677 1982 705 2036 in
723 1983 832 2036 uiueuia
849 1980 960 2052 publiea
971 1981 1041 2036 ooioi
1053 1980 1169 2050 iubetur,
1188 1985 1219 2036 ut
1231 1997 1266 2036 ex
1278 1983 1395 2038 ninouiis
1407 1999 1521 2038 oausam
1534 1983 1619 2039 dieat
1643 1982 1709 2038 Solet

280 2071 374 2140 itaque
391 2070 517 2140 traoturi,
536 2087 571 2126 an
589 2074 687 2140 postea
705 2070 815 2126 domino
834 2069 1047 2140 permittendum
1065 2071 1102 2124 sit
1119 2069 1213 2126 oblata
1230 2070 1412 2126 satisdatione
1429 2087 1544 2128 seruum
1563 2089 1641 2128 snum
1657 2072 1708 2127 uiu-

280 2160 349 2214 ouiis
366 2157 490 2214 liberare.
517 2157 716 2214 dubitationem
736 2165 821 2228 anget
837 2159 958 2214 edietum
977 2159 1135 2228 Domitiani,
1154 2174 1209 2228 qno
1226 2165 1337 2214 osutum
1350 2167 1394 2215 est
1405 2160 1473 2216 sbo-
1491 2155 1708 2243 [ἶιῑῇῑιῖιῐίἐ

279 2248 389 2304 titiones
413 2262 447 2304 ex
470 2253 583 2302 senatus
607 2249 732 2308 oonsulto
755 2245 844 2302 saetas
867 2246 903 2301 ad
925 2246 1081 2302 huiusmodi
1102 2262 1198 2303 seruos
1215 2263 1271 2303 nou
1288 2250 1434 2317 pertinere.
1467 2266 1533 2304 nam
1553 2253 1583 2304 et
1599 2249 1643 2302 ies
1657 2247 1709 2316 ipss
1721 2251 1739 2292 ²⁰

279 2336 408 2406 prohibet
430 2351 493 2390 enm
516 2335 648 2406 absoluil,
670 2337 830 2406 priusquam
853 2334 889 2390 de
913 2350 946 2390 eo
964 2335 1108 2391 iudieetur.
1141 2336 1190 2392 sed
1208 2336 1277 2393 haee
1294 2338 1485 2407 interpretatio
1504 2337 1638 2408 perdura,
1657 2350 1708 2405 per·

280 2426 394 2480 nimiunn
413 2439 512 2480 seuera
529 2430 573 2480 est
591 2421 601 2494 ΙΙ
619 2425 647 2480 in
666 2439 708 2494 eo,
727 2426 805 2480 euius
824 2423 952 2479 dominus
970 2423 1070 2479 absens
1087 2423 1140 2480 fuit
1157 2425 1202 2480 uei
1219 2426 1312 2494 quod²
1326 2442 1375 2497 per
1387 2427 1510 2496 inopiam
1523 2427 1571 2482 ilio
1584 2429 1707 2481 momento
1719 2423 1762 2474 itii

281 2515 413 2584 temporie
431 2513 638 2568 satisdationem
657 2513 773 2584 impiere
789 2527 844 2568 non
862 2513 966 2582 potuit:
985 2527 1075 2581 neque
1093 2514 1165 2568 enim
1184 2529 1235 2584 pro
1252 2514 1396 2572 indefenso
1414 2515 1567 2570 dereiiotus
1581 2510 1708 2570 rsotediri

281 2608 381 2674 potest,
399 2603 447 2672 qui
465 2601 603 2658 dominum
615 2607 788 2672 praesentem
801 2615 856 2657 non
868 2599 964 2656 hebuit
975 2601 1020 2656 uel
1032 2601 1128 2657 habuit
1139 2608 1266 2672 paratum
1278 2603 1434 2673 defendere,
1452 2617 1608 2674 pauperem
1619 2607 1707 2657 tamen

282 2691 356 2761 quod
374 2691 470 2760 utique
487 2689 595 2746 isoiiius
612 2690 720 2746 admitti
737 2691 847 2760 poterit,
866 2689 890 2745 si
907 2704 962 2745 nou
979 2695 1044 2760 post
1061 2689 1173 2760 longum
1190 2693 1322 2763 temporis
1340 2694 1460 2763 spatium
1474 2693 1529 2749 hoo
1541 2691 1707 2748 desideretur.
1718 2691 1736 2736 ¹⁵

249 2787 264 2832 2
282 2779 334 2845 Qui
352 2778 498 2834 exhibendi
517 2779 648 2849 postulati
665 2784 731 2834 suut
747 2783 860 2848 propter
877 2779 957 2833 aliam
976 2793 1097 2850 oausam,
1114 2781 1228 2836 alterius
1245 2782 1374 2852 oriminis,
1393 2782 1468 2852 quod
1487 2789 1554 2838 ante
1572 2781 1707 2836 admimam

282 2873 339 2938 set,
360 2869 400 2922 rei
422 2883 478 2923 uon
500 2869 667 2937 recipiuntur
690 2883 725 2923 ex
747 2874 860 2924 sendus
883 2867 1016 2922 oonauito.
1043 2867 1117 2936 quod
1140 2869 1169 2923 in
1191 2871 1307 2940 priuatis
1324 2885 1433 2941 quoque
1452 2873 1548 2927 eausis
1566 2862 1707 2954 [ξῐ-Ϊιιζεῖ

282 2961 311 3011 et
338 2955 493 3012 hominibus
519 2955 572 3012 sub
594 2955 756 3012 fideiussore
779 2954 876 3011 saetis·
897 2953 1073 3026 obseruator,
1103 2957 1156 3012 nisi
1182 2975 1218 3016 ex
1241 2960 1294 3016 hoe
1317 2960 1482 3029 temporalis.
1502 2961 1579 3016 sotio
1602 2943 1706 3029 in‘po‘ri

260 3097 266 3110 ,
282 3045 373 3100 ouium
392 3045 483 3100 eadat.
1466 3080 1470 3089 ·
1716 3045 1733 3088 ¹⁹

245 3129 264 3188 3
336 3133 487 3189 Uerrsrsus
504 3131 574 3188 libro
592 3133 710 3202 septimo
728 3132 763 3188 de
775 3131 867 3189 offioio
880 3133 1059 3202 prooonsulis.
1087 3133 1177 3189 Diuus
1189 3134 1254 3189 Pius
1266 3134 1302 3190 ad
1314 3135 1417 3205 epistu·
1436 3132 1524 3220 [iseo
1533 3150 1573 3204 at,
1581 3152 1604 3196 a.
1617 3131 1728 3209 spread

281 3222 336 3276 iam
355 3221 581 3278 Antioohsnsium
600 3221 706 3278 Graeoe
723 3222 863 3292 rescripsit
879 3237 935 3278 uon
952 3235 1015 3276 esse
1033 3221 1062 3276 in
1079 3223 1191 3277 uinoula
1208 3224 1378 3278 ooioiendum
1394 3209 1704 3295 enmfuusiide'iu‘s‘sffi

282 3309 349 3364 dare
368 3315 479 3379 paratus
497 3315 553 3378 eet,
572 3311 624 3365 nisi
641 3311 665 3365 si
682 3317 739 3366 tam
758 3325 843 3380 grane
862 3311 952 3366 sosius
970 3310 1116 3365 admisisse
1133 3326 1197 3366 sum
1215 3318 1338 3382 oonstet,
1355 3319 1498 3384 utusque
1516 3312 1704 3371 fideiussoribus

282 3411 373 3466 nequo
396 3397 529 3454 militibus
555 3399 690 3455 oommitti
716 3399 830 3468 debeat,
857 3413 953 3454 uerum
980 3397 1053 3454 hano
1074 3399 1162 3467 ipsam
1185 3401 1302 3455 osroeris
1324 3416 1442 3470 poenam
1469 3409 1537 3460 ante
1560 3401 1704 3475 suppiieiuu

282 3487 426 3542 sustinere.
1714 3489 1731 3532 ³⁴

244 3573 265 3632 4
336 3576 414 3630 iners
431 3575 500 3632 libro
518 3591 591 3633 nono
609 3577 644 3632 de
662 3573 753 3632 oiiioio
771 3575 950 3646 prooonsulis.
978 3574 1007 3632 Si
1023 3576 1084 3646 quis
1096 3591 1173 3632 reum
1187 3577 1315 3648 oriminis,
1333 3594 1452 3648 proquo
1465 3582 1549 3637 satie·
1568 3569 1726 3665 [MS

282 3663 367 3734 dedit,
385 3681 441 3720 non
459 3664 620 3736 exhibuerit,
639 3681 729 3736 poena
746 3666 905 3736 peouniaria
922 3665 1059 3734 plectitur.
1086 3669 1153 3736 puto
1172 3671 1274 3736 tamen,
1292 3668 1316 3722 si
1334 3667 1399 3722 dolo
1412 3685 1469 3724 non
1482 3651 1701 3739 exniben'seffi

282 3759 362 3810 extra
379 3753 501 3810 ordinem
520 3769 582 3810 esse
600 3754 793 3810 damnandum.
822 3754 872 3809 sed
890 3755 914 3808 si
932 3767 1022 3822 neque
1039 3753 1069 3808 in
1086 3755 1213 3810 oautimre
1232 3769 1321 3825 neque
1333 3757 1361 3811 in
1373 3755 1489 3814 decreto
1501 3760 1702 3829 praesideret

282 3843 422 3911 quantitas
446 3843 661 3913 compraehensa
683 3829 797 3913 satsat
818 3858 869 3899 nee
892 3842 1063 3898 consuetudo
1087 3842 1255 3914 ostenditur,
1279 3859 1350 3914 qnae
1370 3851 1477 3902 tertam
1496 3846 1614 3905 formam
1630 3845 1701 3911 trist

281 3945 394 4000 praeses
412 3931 447 3986 de
465 3932 548 3988 modo
566 3933 708 4003 peeuniae,
727 3947 798 4002 qnae
817 3929 910 3988 inierri
929 3937 1062 4003 oporteat,
1081 3937 1195 3988 statuet.

282 4045 476 4118 samoe)

283 4423 450 4478 detrusam*
470 4425 506 4478 F’
521 4427 526 4489 Ι
542 4424 650 4482 deierro
668 4429 706 4480 F·
763 4427 975 4496 eprouinoiee⁴
1027 4425 1177 4496 pr'e'etatio
1196 4427 1234 4480 F'
1287 4429 1322 4484 23
1337 4431 1491 4499 *temporis
1506 4434 1544 4486 F²
1596 4433 1631 4488 24
1645 4429 1703 4485 iou·

286 4495 322 4548 F'
383 4497 563 4550 iiaoousator
580 4499 617 4550 F¹
681 4497 919 4553 'iobseruendum
938 4499 973 4550 i*
1027 4500 1102 4553 nium
1113 4499 1156 4564 1³⁶,
1169 4499 1290 4555 domium
1300 4501 1557 4572 (uoluitdominum)
1570 4505 1603 4557 F‘
1646 4497 1703 4556 iiii

286 4566 320 4620 15
337 4565 496 4620 adulteriis
508 4567 547 4619 ι’)
601 4569 634 4624 16
652 4569 697 4624 uei
715 4569 857 4625 adomino
875 4569 920 4624 uel
938 4568 974 4623 ab
1026 4570 1143 4638 priuatis
1152 4585 1263 4640 quoque
1272 4572 1381 4627 *oseam
1391 4577 1421 4626 et
1430 4573 1590 4632 hominibus
1599 4574 1647 4630 sub
1655 4569 1704 4628 ide

284 4636 388 4705 extero]
415 4645 509 4708 scripsi
531 4639 668 4693 secandum
693 4640 756 4694 BS:
782 4641 847 4705 iesse
877 4640 893 4694 ὸ
917 4640 973 4710 περὶ
1028 4643 1134 4696 iussere
1152 4641 1234 4696 faede
1254 4643 1289 4696 F’
1296 4661 1303 4697 ι
1324 4641 1354 4696 'es
1372 4645 1430 4698 usic
1447 4647 1617 4714 xpassanssio
1633 4643 1705 4700 iiiut

283 4708 432 4792 uortiisosa
451 4709 622 4778 trsscsspirors
642 4709 732 4774 nosos,
752 4711 803 4766 εἴτε
817 4711 832 4766 ὁ
845 4711 976 4766 estmorae
1029 4711 1068 4766 'sui
1081 4713 1137 4767 τῶιι
1147 4713 1198 4774 rud
1211 4713 1293 4768 siries
1302 4713 1364 4782 (scr.
1374 4711 1481 4786 etsist)
1494 4718 1645 4782 [ειιοιιὲιιωιι
1655 4729 1705 4798 ηο-

285 4777 562 4839 ιιγτογεῖτεὲὶωτικὸο
575 4778 733 4851 εἰιερωτῖιτιι
748 4782 872 4853 πιριετᾶιι
885 4780 974 4846 siros,
1029 4783 1128 4838 οώιιωιι
1153 4784 1200 4838 BS
1224 4785 1327 4854 (Dea),
1351 4783 1392 4839 ἐπὶ
1416 4788 1475 4842 τοῖς
1499 4791 1649 4852 sesoa'saore
1667 4779 1707 4844 prro

284 4847 375 4913 'srsr'ac
394 4848 474 4912 siros
493 4851 593 4904 triesas
613 4859 637 4905 si
655 4853 680 4905 B
699 4857 818 4920 (Ληουῖ
838 4853 891 4908 εἴτε
910 4854 976 4907 ar'rss
1028 4852 1119 4918 ὲΠῩιιο
1142 4856 1269 4926 upoodcsr
1293 4857 1453 4926 xpuasrrafic
1477 4860 1554 4914 sirac
1572 4861 1599 4915 B
1615 4853 1707 4926 (Ami

285 4919 449 4975 odscuorec
466 4921 531 4976 urire
549 4940 588 4977 rec
605 4921 685 4977 ἄλλοι
701 4925 808 4978 tiemone
826 4922 975 4990 iesimon,
1029 4925 1065 4980 35
1082 4925 1128 4995 de]
1146 4926 1198 4980 ade
1217 4927 1255 4980 ΡΙ
1308 4927 1345 4982 38
1361 4928 1424 4997 neo]
1442 4943 1479 4984 ue
1497 4929 1525 4982 F

284 4991 329 5048 uel
353 4991 388 5048 ab
412 4993 551 5048 esteroi*
608 4995 644 5048 20
661 4995 723 5050 *iux
741 4995 780 5048 F’
841 4996 875 5050 21
894 4995 976 5050 inter·
