3638 5460
322 245 456 314 XXXVI
479 247 595 312 11—3
991 239 1077 322 228
1300 265 1346 312 en
1370 263 1523 314 amanus
1544 262 1754 313 cousunncrr

274 411 304 456 ιο
322 405 427 460 litatem
444 407 550 460 tantum
568 402 604 459 ed
621 402 739 474 priorem
756 400 1037 460 fideicommissariam
1054 402 1135 458 heres
1152 401 1240 458 uoluit
1256 403 1402 472 pertinere.
1438 401 1494 460 Sed
1512 404 1536 459 si
1553 402 1755 474 quadringenta

249 560 251 564 .
322 493 426 550 habens
448 493 568 549 ducenta
584 492 719 562 lagenarit
735 493 809 549 'litio
827 497 856 548 et
873 497 979 563 partem
997 491 1138 548 dimidiam
1157 490 1316 548 hereditatis
1334 491 1494 564 Sempronio
1512 491 1660 548 restituere
1678 505 1754 560 roge·

321 583 394 639 uerit
399 625 407 654 ,
431 599 466 638 ex
483 581 655 638 Trebelliano
677 581 876 638 restitutionem
900 580 1053 638 taciendam
1076 582 1197 646 tubanus
1215 581 1254 637 ait
1271 586 1300 637 et
1316 583 1469 653 legatorum
1486 581 1652 652 petitionem
1669 578 1754 636 scindi

322 673 370 743 sie,
389 677 420 728 ut
437 677 547 728 centurn
564 671 674 742 quidem
692 675 821 741 petantur
838 671 874 729 ab
891 671 999 741 herode,
1017 675 1127 727 centnm
1145 685 1212 726 uero
1230 671 1284 726 alia
1301 671 1449 741 legatarius
1466 692 1484 726 a
1500 669 1754 726 fideicommiaaan'o

321 767 406 831 petat.
440 761 513 831 quod
535 761 637 816 idcirco
660 759 727 815 dicit
748 761 885 830 Iulianus,
909 761 1037 830 qnoniam
1061 759 1211 816 secundnm
1235 759 1306 816 hana
1323 761 1456 816 rationem
1473 761 1611 831 integram
1629 765 1781 830 quemme

273 853 302 899 at
322 849 416 920 habet,
434 849 464 904 id
482 855 525 905 ast
542 855 653 905 centum
670 850 786 920 integra
823 850 899 905 idern
917 851 1039 906 lulianus
1057 849 1165 918 scribit,
1184 851 1208 905 si
1225 850 1261 920 is,
1280 851 1327 921 qni
1345 849 1546 920 quadringenta
1562 851 1592 906 iu
1609 849 1691 905 bonis
1708 848 1753 904 ha·

321 937 399 1009 beat,
423 944 547 994 trecenta
569 940 691 1010 legasset
714 945 742 994 et
765 939 891 995 deductis
909 945 1019 996 centum
1037 943 1164 1009 rogasset
1181 938 1322 1010 heredem,
1344 944 1377 994 nt
1394 939 1574 995 hereditatem
1592 936 1752 1008 Sempronio

321 1029 459 1098 restituat,
484 1027 584 1083 debere
607 1027 662 1083 dict
685 1027 811 1084 deductis
836 1033 944 1084 centum
967 1029 1096 1085 restituta
1117 1027 1270 1084 hereditate
1291 1029 1443 1099 legatorum
1467 1028 1604 1084 audonem
1628 1028 1659 1083 in
1680 1025 1751 1082 fidei·

322 1117 537 1174 comminantium
555 1117 623 1172 dari.
764 1143 765 1151 ι
1409 1135 1410 1140 ’
1557 1181 1558 1184 ¹
1588 1123 1616 1166 θ,
1766 1125 1782 1166 a

285 1199 304 1259 2
375 1207 489 1262 census
512 1205 581 1262 libro
599 1206 731 1287 uicesimo
748 1207 835 1277 primo
853 1206 1031 1277 digestorum.
1068 1205 1121 1273 Qui
1139 1206 1340 1278 quadringente
1356 1207 1480 1277 reliquit,
1503 1206 1578 1262 'litio
1595 1197 1750 1289 Q
1765 1206 1794 1263 'ii

321 1301 444 1351 hecenta
466 1296 583 1366 legauit,
608 1295 716 1351 heredis
739 1294 804 1351 tidei
821 1297 970 1365 commisit,
994 1300 1026 1351 nt
1042 1295 1092 1351 tibi
1110 1296 1289 1352 hereditatem
1308 1297 1478 1368 restitueret,
1499 1296 1579 1365 isqnc
1596 1299 1749 1366 suspectam

321 1387 398 1441 iussu
415 1385 548 1456 praetoria
567 1385 635 1441 adiit
653 1389 682 1442 et
699 1385 832 1440 restituit:
850 1384 1046 1456 quaerebatur,
1065 1385 1131 1456 quid
1149 1387 1282 1457 legatario
1299 1386 1366 1441 dare
1383 1385 1507 1442 deberes.
1537 1384 1686 1440 dicendum
1703 1387 1750 1452 ιιι,

321 1477 387 1546 qnia
407 1479 613 1545 praesumptum
633 1479 677 1530 est
694 1475 813 1530 ucluhse
830 1478 991 1530 testatorem
1010 1489 1072 1530 cum
1090 1489 1173 1531 onere
1190 1476 1343 1545 legatorum
1360 1474 1603 1530 fideicommissum
1620 1472 1750 1540 restituii,

321 1569 381 1620 tota
398 1567 520 1619 trecenta
537 1568 566 1620 te
585 1565 651 1620 dare
669 1563 742 1620 litio
760 1563 875 1620 debere:
895 1579 959 1620 nam
978 1563 1056 1620 beree
1075 1564 1127 1620 hoc
1144 1569 1257 1634 rogatus
1275 1565 1397 1636 intellegi
1415 1563 1510 1634 debet,
1529 1569 1561 1620 ιιι
1577 1568 1607 1619 ta
1626 1577 1678 1619 sno
1694 1562 1751 1618 loco

321 1653 470 1708 constituat
488 1659 517 1709 et
534 1653 608 1723 qnod
626 1653 705 1709 heres
722 1652 881 1724 perfunctus
898 1651 1025 1721 omnibus
1043 1653 1213 1712 hereditariis
1230 1653 1396 1725 muneribus,
1414 1653 1443 1710 id
1460 1658 1504 1710 eat
1520 1656 1586 1724 post
1601 1653 1750 1722 legatorum
1765 1657 1784 1698 it

321 1742 471 1813 dationem,
497 1743 631 1813 reliquum
654 1742 797 1798 habiturus
816 1741 898 1812 torst,
922 1743 945 1798 si
964 1759 1019 1800 non
1036 1749 1111 1799 esset
1128 1748 1241 1814 rogatus
1258 1745 1311 1800 ete
1322 1743 1373 1800 tihi
1390 1745 1547 1800 restitueret
1564 1741 1750 1810 hereditatem

321 1830 350 1886 id
372 1831 423 1886 tibi
440 1833 576 1887 restituat.
607 1841 740 1902 qnantum
758 1847 824 1902 ergo
842 1831 977 1888 heberet?
1005 1847 1104 1903 nempe
1122 1837 1245 1888 centnm:
1270 1831 1339 1888 haec
1356 1837 1388 1887 nt
1404 1831 1454 1888 tibi
1472 1833 1551 1888 daret
1569 1837 1685 1902 rogatur
1702 1833 1750 1886 est

321 1919 415 1990 itaque
434 1921 474 1975 sic
492 1921 609 1976 ineunda
626 1927 670 1977 est
686 1923 755 1992 legis
767 1921 905 1978 Falcidiae
922 1923 1001 1992 ratio,
1019 1923 1098 1992 quasi
1115 1921 1194 1977 heres
1211 1926 1335 1977 decerna
1346 1922 1420 1978 Titio
1434 1921 1501 1977 dare
1513 1921 1688 1990 damnetna⁸,
1704 1918 1750 1975 tihi

321 2013 431 2064 centum
450 2009 515 2065 dare
534 2010 681 2066 damnatus
700 2011 748 2067 sit:
770 2025 825 2082 qno
843 2012 948 2082 euenit,
967 2017 1011 2079 ut,
1030 2012 1054 2067 si
1071 2011 1250 2067 hereditatem
1269 2025 1321 2066 sna
1337 2015 1436 2082 sponte
1453 2010 1566 2080 adissst,
1585 2010 1666 2065 daret
1682 2009 1750 2064 'lide

321 2097 441 2154 ducenta
458 2099 556 2169 uiginti
574 2101 706 2170 quinqua,
729 2098 780 2156 tibi
798 2101 974 2171 septuaginta
991 2101 1119 2172 quinqua.
1138 2112 1204 2157 ‘non
1221 2115 1288 2170 orgo
1305 2100 1368 2172 plns
1386 2101 1459 2156 'litio
1476 2099 1606 2170 debeam,
1631 2114 1714 2169 qnam
1729 2097 1750 2154 si
1763 2102 1782 2144 ¹⁸

321 2188 426 2243 iniussn
445 2189 579 2259 praeteris
597 2189 673 2244 adita
689 2189 827 2245 hereditas
845 2189 924 2246 ieret

285 2272 303 2330 3
374 2276 525 2334 Ucenauns
542 2277 612 2334 libro
629 2279 711 2334 tertio
728 2277 1009 2335 fideicommissorum.
1035 2279 1179 2336 Marcellus
1196 2283 1289 2334 auam
1307 2279 1382 2350 apud
1399 2277 1533 2334 Iulianum
1551 2278 1581 2334 in
1597 2271 1750 2363 Q
1771 2271 1787 2328 P

321 2365 373 2421 hac
391 2367 482 2437 specie
500 2369 540 2422 ita
557 2366 666 2424 scribit:
684 2369 708 2423 ai
726 2367 762 2423 ad
779 2368 888 2424 heredis
905 2381 975 2425 onus
994 2383 1055 2424 esse
1073 2373 1190 2425 testator
1206 2369 1299 2439 legata
1316 2367 1422 2424 dixerit
1433 2373 1463 2422 et
1478 2367 1559 2424 heres
1576 2373 1678 2438 sponte
1689 2365 1751 2423 adiit

321 2453 514 2526 hereditatam,
532 2457 573 2511 ita
590 2457 691 2512 dehere
710 2455 721 2526 Ι
740 2459 970 2528 computationem
989 2457 1126 2514 Falcidiae
1144 2457 1273 2528 iniri,=ac
1291 2457 1315 2513 si
1333 2457 1531 2528 quadringenta
1548 2471 1599 2528 per
1616 2455 1749 2512 fideicom-
1761 2443 1805 2502 rili

266 2533 269 2540 ’
321 2545 435 2600 missum
453 2550 547 2600 essent
564 2545 667 2615 relicta
684 2549 808 2602 trecenta
825 2561 891 2604 uero
909 2548 1009 2618 legata,
1027 2553 1059 2603 ιιι
1072 2548 1100 2603 in
1113 2553 1219 2618 septem
1231 2553 1325 2618 partes
1336 2543 1749 2603 trecentadinidantnretfcret
1762 2547 1780 2589 ¹⁵

322 2637 451 2703 quattuor
468 2639 561 2704 partes
578 2632 859 2708 fideicommissariue,
877 2643 934 2692 tres
951 2641 1045 2708 partes
1062 2637 1220 2707 legatarius.
1250 2635 1366 2707 quodsi
1384 2641 1513 2706 semeria
1530 2635 1606 2691 dicte
1624 2637 1667 2692 sit.
1679 2635 1748 2691 here-

322 2723 394 2778 ditas
415 2727 443 2777 et
460 2739 515 2778 non
532 2727 630 2794 sponte
648 2723 728 2780 heres
746 2725 814 2780 adiit
831 2731 860 2781 et
876 2725 1010 2796 resdtuit,
1034 2730 1144 2781 centum
1164 2726 1273 2796 quidem
1292 2726 1327 2782 de
1344 2725 1566 2796 quadringentis,
1588 2739 1662 2795 quae
1679 2723 1749 2781 habi·

322 2817 400 2867 turus
424 2817 499 2867 esset
520 2811 613 2882 heres,
641 2811 763 2868 residant
786 2814 859 2883 apud
883 2813 1178 2886 fideicommissariam,
1203 2817 1231 2871 in
1253 2815 1365 2886 redonis
1387 2819 1479 2871 antam
1502 2815 1635 2871 romnus
1658 2813 1748 2869 udam

322 2899 479 2956 distributio
496 2899 552 2972 liet,
571 2907 602 2956 ut
619 2916 654 2956 ex
672 2902 715 2958 his
733 2907 862 2972 quattuor
879 2909 972 2976 partes
985 2904 1086 2960 habeat
1096 2903 1509 2976 fideicommissarius,·reliquas
1521 2909 1579 2960 tres
1589 2903 1748 2975 legatarius:

322 3007 386 3047 nam
404 2990 602 3060 iniquissimum
620 2997 664 3046 est
680 2992 743 3061 plus
760 2989 831 3048 lerre
848 2993 1011 3065 legatarium
1029 2994 1106 3065 ideo,
1125 2995 1190 3064 quie
1207 2999 1336 3065 suspecta
1353 2993 1428 3050 dicta
1445 2998 1489 3050 eat
1506 2993 1655 3064 hereditas,
1671 2993 1779 3064 quanti

291 3081 426 3136 licturus
444 3085 526 3150 esset,
545 3081 568 3135 sl
587 3086 685 3150 sponte
703 3081 778 3136 adita
795 3081 901 3139 inisset.
935 3082 1014 3150 Quod
1031 3089 1123 3139 entem
1142 3084 1170 3138 in
1188 3089 1319 3155 suspecta
1335 3082 1487 3140 hereditate
1504 3083 1608 3138 dictum
1628 3089 1685 3153 est,
1702 3081 1749 3138 hoc

321 3171 394 3226 idem
413 3169 467 3224 dici
483 3173 576 3240 potest
593 3171 621 3224 in
639 3170 681 3226 his
698 3173 879 3242 testamentis,
898 3173 926 3228 in
944 3172 1044 3242 quibus
1061 3173 1106 3228 lex
1123 3173 1245 3229 Falcidia
1261 3174 1352 3229 locum
1369 3171 1526 3243 nonhabet,
1545 3173 1575 3228 in
1585 3172 1681 3228 militia
1692 3171 1749 3226 dion

290 3263 304 3306 2
322 3265 351 3315 et
368 3260 393 3314 si
410 3259 456 3328 qui
474 3263 539 3314 sunt
556 3259 612 3314 alii.
641 3260 711 3315 item
726 3260 893 3332 Pomponius
911 3261 1013 3332 scribit,
1032 3262 1060 3316 si
1073 3261 1199 3318 deductis
1216 3262 1315 3332 legatis
1332 3262 1476 3317 readtnero
1493 3261 1556 3331 qula
1573 3260 1748 3317 hereditam

321 3353 446 3419 rogatur,
471 3348 624 3418 quaesitum
643 3354 698 3419 est,
717 3355 809 3406 utrum
827 3351 915 3407 solida
932 3351 1024 3421 legata
1039 3351 1207 3420 praestanda
1224 3351 1280 3406 sint
1296 3357 1325 3407 et
1342 3355 1467 3422 quartam
1486 3365 1524 3418 ex,
1538 3351 1598 3406 solo
1616 3349 1749 3406 fideicom-

322 3440 407 3494 misso
425 3437 568 3492 detrahere
585 3439 688 3508 possit,
706 3453 742 3494 an
759 3455 827 3495 nero
843 3445 873 3496 et
890 3454 926 3496 ex
942 3441 1040 3511 legatis
1058 3445 1087 3496 et
1104 3456 1139 3496 ex
1156 3435 1368 3498 fideicommisso
1384 3448 1511 3510 quartam
1528 3439 1676 3496 detrahere
1690 3440 1781 3512 poeil

323 3527 378 3583 siti
404 3532 432 3582 et
449 3525 532 3582 refert
548 3526 704 3584 Aristonem
722 3529 897 3599 respondisse
915 3544 950 3584 ex
967 3529 1094 3586 omnibus
1111 3529 1316 3601 detrahendam,
1335 3529 1387 3586 hoc
1405 3534 1449 3585 est
1465 3529 1626 3600 ereegatia
1638 3527 1749 3586 stiidei·

260 3617 306 3664 il
323 3617 477 3672 commisso.
513 3617 581 3687 lies,
605 3632 676 3687 qnae
699 3617 735 3674 ab
752 3618 853 3674 herede
870 3619 1005 3674 alienatae
1022 3623 1100 3690 sunt,
1121 3619 1151 3675 in
1169 3623 1294 3690 quartem
1311 3620 1481 3689 imputantur
1497 3617 1600 3675 hamdi.
1638 3617 1748 3686 Quidam

322 3705 415 3761 liberis
433 3705 498 3775 suis,
520 3719 554 3761 ex
573 3704 727 3776 disparibus
745 3707 869 3778 partibus
886 3708 1027 3779 institutis,
1045 3708 1118 3764 datis
1136 3708 1382 3780 praeceptionibus,
1401 3713 1433 3763 ut
1449 3709 1508 3778 ipse
1526 3709 1676 3765 maximam
1692 3723 1749 3780 per·

323 3800 380 3851 tem
397 3795 552 3866 patrimonii
569 3795 641 3850 inter
656 3795 756 3852 liberos
774 3797 813 3851 ita
831 3797 982 3866 (ιίιιίιιιιιι,
1002 3799 1111 3868 rogauit
1128 3811 1205 3868 ιιιιιι,
1224 3798 1348 3869 quisine
1364 3795 1457 3853 liberis
1474 3797 1635 3868 decederet,
1653 3797 1749 3869 pordo-

323 3899 385 3939 nem
409 3899 486 3939 snam
504 3883 633 3939 iratribus
650 3886 802 3943 restituere.
832 3887 979 3958 imperator
997 3890 1090 3943 noster
1107 3887 1247 3958 rescripsit
1263 3887 1471 3959 praeceptiones
1488 3900 1602 3958 quoqne
1616 3886 1781 3943 nealcen-⁴⁰

323 3974 408 4029 misso
430 3973 577 4044 contineri,
600 3975 665 4044 quia
683 3992 737 4032 non
755 3977 907 4045 pereanem
924 3973 1115 4033 hereditariam
1133 3982 1250 4034 testator
1266 3975 1578 4047 commemorauit„sed
1596 3975 1750 4048 simpliciter

292 4063 306 4110 5
323 4063 488 4134 portionem:
506 4063 535 4118 in
551 4065 704 4133 portionem
722 4069 813 4120 autem
833 4071 861 4120 et
878 4066 1085 4136 praeceptiones
1103 4065 1192 4123 uideri
1209 4067 1351 4123 cecidisse.
1378 4065 1407 4122 Si
1424 4067 1457 4136 is,
1475 4067 1522 4136 qni
1539 4072 1656 4136 rogatus
1673 4063 1751 4122 luet

323 4151 502 4208 hereditatam
519 4153 678 4224 restituere,
703 4159 768 4210 ante
786 4156 974 4226 quaestionem
992 4154 1027 4210 de
1045 4153 1147 4212 familia
1164 4155 1286 4214 habitam
1304 4157 1346 4212 uel
1364 4154 1473 4212 tehnlas
1490 4155 1630 4226 aperuerit
1646 4156 1691 4212 nel
1707 4153 1749 4210 he

323 4241 466 4296 reditatcm
490 4241 588 4297 adierit
608 4243 653 4298 nel
675 4243 742 4313 quid
764 4259 858 4300 eorum
880 4259 951 4315 qnae
974 4249 1087 4302 senatus
1109 4247 1234 4302 ιοιιιιιιιο
1255 4245 1433 4318 prohibentur
1455 4243 1551 4302 lecerit
1573 4261 1609 4302 ao
1630 4260 1681 4317 per
1702 4243 1749 4300 hoo

323 4339 564 4409 Hunnorum)

325 4482 418 4552 ¹quia
440 4487 646 4555 praesumptum
671 4489 714 4540 est
804 4487 911 4542 restitui
933 4488 1052 4543 uidentur
1074 4489 1165 4544 addita
1188 4509 1206 4544 ιι
1227 4489 1434 4562 compilatoribus
1451 4495 1566 4562 respectu
1583 4489 1601 4544 i.
1619 4491 1748 4564 sapaudia

324 4563 433 4609 monime
450 4577 474 4610 ιι.
486 4555 522 4608 23
593 4557 654 4612 ¹nt
671 4558 706 4624 (a.
719 4558 766 4626 t.)‘i
815 4557 932 4644 '⁸dere
949 4559 1095 4615 damnatus
1112 4561 1159 4615 det
1477 4573 1478 4576 ’

323 4687 384 4755 te]
401 4687 592 4768 WDEQIGK,
605 4692 691 4744 enni*
719 4691 966 4762 6quadrim⁴genta
974 4692 1011 4746 pe
1063 4695 1173 4763 tiilpcm
1213 4693 1533 4765 ninaporempopbrsi*
1568 4695 1606 4749 36
1618 4693 1738 4750 stlidoia

325 4759 359 4812 10
370 4758 589 4829 quadringenta
598 4761 635 4813 F*
672 4763 706 4817 14
715 4768 856 4818 *trecenta
864 4765 902 4816 F*
937 4766 971 4819 16
983 4769 1012 4820 et
1063 4763 1169 4820 etexfi
1189 4765 1250 4835 sic]
1288 4765 1302 4800 ³
1345 4765 1380 4821 38
1392 4764 1566 4836 disparibus*
1577 4765 1737 4835 partibus?

323 4829 373 4884 tibi
391 4831 556 4901 restitueret]
576 4834 606 4897 F,
630 4837 663 4888 ut
683 4832 733 4888 tibi
751 4835 907 4890 restitueret
920 4834 1013 4890 WDE
1063 4837 1098 4892 39
1115 4837 1288 4907 patrimonii
1307 4837 1342 4890 ι’
1364 4840 1370 4904 1
1390 4838 1430 4894 ita
1451 4837 1601 4907 diuisisset]
1622 4838 1691 4902 DE,
1712 4835 1749 4892 ite

324 4903 707 4986 (mperutacr.:uelct)01'i',
725 4904 1015 4962 tibiutrestimeretl
1063 4907 1198 4964 didisset
1215 4911 1273 4974 (ric)
1285 4909 1309 4962 F
1311 4908 1330 4973 ¹,
1347 4909 1393 4965 εἰσ
1405 4909 1538 4966 edidisset
1553 4907 1594 4974 W,
1613 4907 1748 4965 diuaiaet

325 4973 359 5027 18
376 4973 505 5028 ineurnda
526 4976 572 5043 Fi
595 4977 676 5032 titio
698 4975 735 5029 F‘
797 4979 832 5033 23
848 4976 951 5034 ‘h'onus
974 4977 1022 5032 pr
1064 4979 1155 5046 iou}
1175 4979 1339 5036 deoe‘dsuet
1357 4981 1395 5034 F’
1445 4981 1482 5038 40
1504 4978 1638 5037 mnibus
1661 4982 1700 5036 hir
1715 4977 1748 5033 P

324 5044 357 5098 27
382 5045 618 5116 quadrigentisF
671 5049 706 5104 28
728 5047 958 5107 heresiresident
974 5050 1012 5104 Ρ
1062 5051 1099 5108 44
1116 5051 1158 5120 aa]
1177 5051 1228 5107 hec
1246 5052 1272 5106 F
