3728 5452
87 74 693 209 'mississemus
880 93 967 174 319
1070 153 1075 162 .
1223 95 1641 165 minster-155

19 190 89 210 A

129 251 192 316 23
262 255 477 312 tumeamus
501 254 570 312 libro
597 255 693 326 quinto
719 253 826 310 decimo
849 253 1073 324 disputationum.
1110 253 1140 310 Si
1163 252 1234 310 lilius
1256 254 1342 325 patris
1364 267 1459 308 necem
1484 247 1640 335 [Q
1657 260 1685 316 Ρ

209 341 324 398 inultam
342 343 494 414 reliquerit,
519 359 601 414 qnam
619 359 716 400 seruus
734 342 839 398 deterit
856 347 885 398 et
901 343 1001 398 merob
1018 341 1186 412 libertatem,
1204 343 1261 398 dixi
1279 357 1333 398 non
1352 340 1506 398 habendum
1524 355 1574 411 pro
1592 356 1640 410 pa·

179 437 192 482 1
209 433 279 488 boni
297 430 363 501 tilio,
381 433 446 501 quia
463 432 592 502 indigens
610 437 661 488 est
690 432 758 488 Cum
776 431 906 488 ex·falsia
924 431 1063 501 codicillis,
1082 433 1129 502 qui
1146 433 1203 488 ueri
1221 433 1312 501 aliquo
1323 435 1446 502 tempore
1459 431 1555 486 crediti
1567 434 1639 498 sunt,

209 517 287 576 beses
305 522 437 590 ignorans
454 521 533 592 quasi
550 536 586 578 ex
603 519 815 576 fideicommisso
833 518 986 576 libertatem
1005 521 1093 576 seruis
1109 521 1301 591 praestitisset,
1319 521 1479 590 rescriptum
1492 525 1535 575 est
1546 536 1563 574 a
1574 519 1640 574 diuo

208 607 348 666 Hadriano
365 608 466 666 liberos
483 609 594 680 quidem
612 625 660 666 eos
678 624 748 678 esse,
767 608 817 664 sed
835 609 1052 666 aestimationem
1071 611 1114 666 sni
1132 616 1271 680 praestare
1288 609 1403 664 debere:
1421 613 1450 664 et
1466 608 1517 664 hos
1528 608 1639 664 libertos
1657 617 1672 659 s

208 699 416 755 manumissoris
434 714 496 754 esse
513 704 587 754 recte
604 697 744 770 probatur,
763 698 828 768 quia
844 699 951 754 saluum
970 703 1014 754 est
1031 699 1113 756 etiam
1131 700 1159 754 in
1177 699 1220 754 bis
1237 698 1341 754 libertis
1359 699 1401 752 ius
1418 698 1552 767 putrebit

111 781 192 844 24
255 788 381 844 Paucos
408 788 587 858 imperialium
614 788 809 844 sententiarum
836 787 865 844 in
891 787 1093 857 cognitionibus
1117 789 1283 858 prolatarum
1307 781 1638 871 [ΒΜ
1658 787 1687 844 Α

199 875 262 932 siue
282 877 458 934 decreturum
476 891 511 932 ex
528 876 605 932 libris
628 891 678 932 sex
701 875 769 932 libro
792 877 889 946 primo.
921 876 1042 932 (lamella
1055 877 1104 930 Pia
1116 875 1152 932 ab
1163 877 1336 947 Hermogene
1354 879 1548 947 appellauerat,
1565 877 1640 946 quod

197 963 311 1022 diceret
327 966 463 1022 iudicsm¹
475 966 511 1022 de
523 965 672 1022 diuidenda
685 965 836 1022 hereditate
854 966 925 1022 inter
943 981 973 1022 se
992 972 1021 1020 et
1038 965 1198 1022 coheredem
1217 982 1271 1022 non
1286 971 1392 1022 tantmu
1405 981 1458 1034 res,
1477 965 1526 1020 sed
1539 965 1639 1020 etiam³

189 1053 319 1112 libertos
343 1055 501 1112 diuisisse‘:
524 1056 598 1112 nullo
622 1056 695 1111 enim
715 1055 774 1110 iure
791 1054 819 1110 id
838 1070 901 1112 eum
919 1053 1026 1111 iecisse.
1060 1055 1181 1125 ⁵p1aeuit
1197 1057 1298 1112 nullam
1317 1071 1378 1112 esse
1395 1055 1552 1112 libertorum
1571 1053 1639 1108 diui·
1659 1061 1688 1103 ιο

185 1145 326 1200 monem:
350 1145 538 1200 alimentorum
562 1151 654 1200 antem
678 1143 841 1200 diuisionem
863 1159 881 1199 a
901 1144 991 1200 iudice
1009 1145 1080 1199 inter
1097 1143 1245 1200 coheredes
1263 1143 1363 1200 lacum
1382 1144 1479 1200 eodem
1498 1142 1579 1199 modo
1597 1158 1639 1200 ra·

180 1237 255 1290 sam
276 1234 371 1290 emes

882 1350 967 1437 XV.

271 1486 314 1564 R
355 1485 419 1562 DE
456 1486 698 1578 OBSEQUllS
730 1485 1026 1564 PARENTIBUS
1059 1485 1122 1564 ET
1156 1485 1389 1576 PATRONIS
1425 1485 1566 1564 PRAE-
1657 1501 1731 1556 sar

790 1611 990 1690 STANDIS
1029 1612 1066 1691 lt
1658 1631 1686 1674 rs

82 1753 118 1810 l
252 1767 413 1824 Umuuus
435 1767 505 1824 libro
526 1767 614 1838 primo
635 1767 801 1838 opinionum.
837 1769 929 1826 Etiam
946 1769 1078 1826 militibus
1095 1770 1206 1841 pietatis
1222 1769 1294 1826 ratio
1310 1769 1339 1824 iu
1356 1773 1483 1838 parentes
1502 1762 1678 1852 ΜΒ

161 1863 334 1914 eonsnre
353 1855 448 1912 debet:
466 1871 551 1927 quare
569 1857 592 1912 si
611 1854 682 1912 filius
700 1859 778 1913 miles
796 1858 825 1912 in
842 1864 948 1928 patrem
963 1859 1054 1930 aliqua
1065 1859 1208 1929 commisit,
1226 1874 1277 1929 pro
1288 1857 1370 1914 modo
1382 1858 1474 1914 delicti
1485 1858 1639 1927 puniendus

83 1931 116 1978 ¹
160 1953 248 2003 esst
279 1947 322 2002 Et
340 1946 412 2002 inter
430 1945 585 2002 collibertos
603 1949 718 2002 matrem
737 1953 766 2002 et
782 1945 867 2002 tilium
880 1948 991 2018 pietatis
1003 1950 1073 2004 ratio
1085 1948 1234 2006 secundum
1247 1951 1373 2002 naturam
1385 1946 1463 2002 salua
1475 1961 1536 2002 esse
1548 1946 1638 2002 debet

78 2017 116 2060 ²
159 2024 218 2090 Si
245 2035 328 2092 tilius
347 2040 462 2090 matrem
480 2040 530 2090 aut
546 2041 668 2106 patrem,
690 2051 760 2106 quos
776 2037 901 2092 uenerari
919 2042 1040 2108 oportet,
1064 2037 1235 2094 contumeliis
1253 2034 1348 2091 adficit
1364 2036 1409 2090 uel
1427 2036 1525 2106 impias
1542 2052 1639 2092 manus

158 2119 235 2180 θὶι
261 2122 368 2194 infert,
391 2121 548 2194 praefectus
572 2123 648 2180 urbis
671 2124 800 2180 delictum
824 2125 859 2180 ad
877 2125 1014 2196 publicam
1032 2127 1162 2197 pietatem
1181 2126 1319 2196 pertinens
1337 2139 1387 2195 pro
1405 2124 1486 2180 modo
1505 2125 1563 2180 eius
1581 2125 1639 2180 uin·
1658 2131 1686 2173 ¹⁰

71 2189 109 2234 ³
157 2201 284 2270 dieas
307 2213 443 2284 Indignus
462 2212 558 2268 militis
575 2213 738 2269 iudicandus
756 2218 807 2284 est,
825 2215 872 2284 qui
889 2221 995 2286 patrem
1010 2221 1039 2271 et
1051 2221 1173 2286 matrem,
1192 2213 1320 2284 aquibus
1332 2229 1362 2269 se
1374 2213 1520 2269 mucetum
1532 2213 1639 2284 dixerit,

156 2301 348 2360 maleficos
366 2301 553 2373 appellauerit

62 2351 108 2414 ²
246 2393 404 2449 lmmsos
424 2389 493 2446 bbro
511 2395 609 2462 quarto
627 2390 734 2446 decimo
752 2391 930 2463 digestorum.
966 2393 1069 2450 Honori
1086 2393 1240 2464 parentium
1258 2408 1291 2448 ac
1308 2397 1483 2461 patronorum
1502 2385 1639 2474 [Q
1658 2394 1679 2450 S

151 2473 383 2540 tribuendum
402 2485 457 2550 eat,
480 2483 526 2550 ut,
549 2480 675 2550 quamuis
692 2497 743 2552 per
759 2486 963 2552 procuratorem
980 2482 1110 2538 indicium
1129 2481 1278 2552 accipiant,
1299 2495 1350 2536 nec
1368 2481 1439 2536 actio
1458 2479 1493 2536 de
1511 2481 1574 2536 dolo
1591 2485 1640 2536 aut

154 2559 368 2628 iniuriarum
386 2570 415 2625 in
432 2584 481 2626 eos
498 2570 592 2626 detur:
610 2571 675 2628 licet
692 2571 764 2626 enim
783 2571 875 2628 uerbis
893 2571 975 2628 edicti
993 2587 1049 2630 non
1066 2570 1219 2628 habeantur
1233 2569 1349 2626 infames
1361 2570 1400 2624 its
1410 2569 1592 2640 condemnati,
1609 2584 1639 2624 re
1658 2577 1686 2620 ¹⁶

63 2633 97 2683 ι
154 2653 298 2718 tumen
317 2660 381 2730 ipsa
398 2663 427 2714 et
443 2659 570 2729 opinione
588 2659 727 2714 bominum
745 2673 800 2715 non
818 2661 954 2732 effugiunt
970 2659 1099 2717 infamiae
1116 2666 1219 2718 notam.
1246 2658 1423 2716 Interdictum
1441 2673 1550 2730 qnoque
1566 2658 1639 2714 unde

156 2747 212 2804 ui
237 2765 306 2806 non
325 2752 372 2802 est
388 2747 521 2803 aduersus
539 2763 587 2804 cos
604 2747 782 2804 reddendum.

58 2800 101 2862 3
245 2839 443 2894 nummus
466 2835 536 2893 libro
559 2837 690 2907 singulari
712 2852 914 2908 responsorum.
950 2838 1040 2894 Titius
1064 2852 1180 2908 puerum
1203 2836 1283 2906 emit,
1310 2852 1391 2907 quem
1414 2841 1478 2908 pest
1501 2831 1678 2920 [QS

162 2929 307 2984 mulsos
325 2941 415 2981 anuos
431 2926 525 2982 uenire
542 2927 636 2982 iussit:
655 2931 753 2996 postea
770 2931 899 2984 exoratus
916 2932 1030 2998 accepto
1047 2926 1082 2982 ab
1100 2942 1134 2982 eo
1151 2927 1239 2998 pretio
1257 2941 1319 2982 cum
1338 2927 1509 2981 manumisit:
1528 2940 1638 2996 quaero,

167 3027 227 3073 am
248 3032 324 3073 eum
343 3011 416 3069 tilius
434 3019 463 3069 et
481 3015 559 3070 berea
577 3016 783 3071 manumissoris
801 3021 833 3071 ut
849 3017 986 3086 ingratum
1005 3031 1135 3072 moneare
1152 3016 1248 3086 possit
1274 3015 1416 3086 respondit
1428 3029 1518 3085 posse,
1537 3015 1560 3070 si
1572 3013 1638 3070 nibil
1657 3024 1686 3065 eo

42 3099 49 3114 “
168 3103 276 3162 aliud
303 3109 382 3159 esset
404 3103 611 3174 impedimento:
635 3121 698 3160 nam
719 3105 865 3176 plurimum
883 3107 1030 3177 interesse,
1051 3122 1069 3161 a
1087 3121 1137 3162 suo
1156 3119 1237 3161 seruo
1255 3105 1316 3174 quia
1335 3103 1378 3160 nel
1396 3104 1479 3158 etiam
1497 3101 1532 3158 ab
1550 3103 1638 3158 amico

171 3194 257 3251 eius
279 3193 409 3262 acceptis
427 3193 544 3249 nummis
562 3192 669 3250 dederit
685 3193 853 3265 libertatem,
877 3210 913 3249 au
931 3191 966 3249 ab
984 3209 1019 3249 eo
1035 3208 1131 3264 seruo,
1152 3195 1199 3265 qni
1217 3209 1279 3248 cum
1297 3198 1372 3253 esset
1388 3193 1492 3248 alienus
1510 3193 1538 3246 iu
1555 3189 1638 3246 fidem

172 3283 257 3340 eius
278 3281 407 3336 deuenit
434 3283 534 3337 etenim
552 3283 598 3337 ille
615 3283 723 3338 etiamsi
740 3299 796 3338 non
813 3283 972 3354 matritum,
990 3280 1153 3338 beneficium
1170 3287 1263 3338 tamen
1276 3282 1421 3353 praestitit,
1439 3281 1493 3336 ists
1505 3279 1570 3336 nibil
1582 3296 1637 3336 am·

73 3419 79 3438 ,
172 3371 272 3438 plius
297 3385 383 3440 quam
401 3385 513 3440 operam
530 3386 609 3426 suam
627 3371 834 3428 accommodare
852 3371 939 3426 uideri
956 3375 1056 3441 potest
1657 3379 1686 3420 ³⁴

70 3449 71 3452 '
250 3459 437 3516 nncmsos
453 3457 522 3516 libro
539 3460 661 3516 secundo
678 3460 849 3530 publicorum
867 3459 1037 3516 indiciorum.
1064 3461 1117 3516 Per
1132 3463 1335 3532 procuratorem
1347 3459 1483 3529 ingratum
1502 3451 1639 3542 Q
1658 3461 1697 3536 ss

179 3542 335 3605 libertum
354 3561 436 3617 posse
454 3549 532 3619 argui
550 3549 647 3605 (lituusl
666 3549 785 3606 Senems
802 3555 832 3605 et
848 3549 1004 3604 Antoninus
1022 3550 1227 3619 rescripserunt

91 3613 133 3674 5
253 3635 414 3692 umeros
430 3635 500 3692 libro
518 3637 625 3694 decimo
643 3637 678 3692 ad
697 3637 825 3694 edictum.
852 3638 963 3708 Parens,
982 3643 1113 3708 patronus
1130 3643 1254 3708 patrona,
1272 3636 1385 3692 liberine
1399 3639 1448 3690 ant
1466 3631 1639 3719 &fua—s
1656 3639 1683 3693 Ε

190 3730 335 3788 parentes
352 3725 462 3795 patroni
477 3731 654 3797 patronusne,
671 3741 762 3798 neque
779 3727 803 3782 si
820 3726 857 3807 ob
874 3727 1016 3798 negotium
1033 3725 1187 3782 laciendum
1205 3727 1250 3783 uel
1261 3741 1317 3782 non
1327 3723 1483 3781 laciendum
1494 3712 1638 3796 poemiam

200 3817 411 3892 rffinqror)

214 3961 282 4092 :qui
294 3965 426 4092 lnurrirlqis
449 3981 467 4020 a
488 3980 520 4052 se
542 3966 615 4093 datis
639 3965 793 4093 libertatem
817 3966 1033 4092 imgetrauerrlrnt
1054 3969 1182 4092 σῗιῐζίαᾶιρ
1204 3967 1248 4038 (cſs
1266 3965 1364 4091 Dh37,
1382 3966 1429 4090 1{‚
1447 3965 1475 4032 3)
1494 3965 1640 4090 ἓποὲάανπῖ

217 4053 382 4181 adelmi
401 4051 431 4092 ‘⁰
452 4047 749 4182 titatium
766 4038 1304 4180 inaestimatam
1320 4050 1638 4162 tlttrtltsttt.

216 4177 298 4250 ipen.
370 4181 435 4234 ‘er
452 4179 562 4236 diuerso
585 4179 802 4250 respondebatur
824 4182 995 4238 consensisse
1017 4195 1065 4236 eos
1088 4179 1216 4235 diuisioni
1240 4185 1269 4234 et
1291 4180 1383 4234 multis
1406 4179 1485 4234 annis
1509 4179 1638 4234 alimenta

215 4249 360 4306 meandum
378 4249 541 4307 diuisionem
558 4253 729 4322 praestitisse
747 4255 823 4308 emt
833 4273 899 4324 pem.
971 4252 1104 4322 ‘placuit
1121 4251 1249 4306 standum
1272 4266 1334 4307 esse
1352 4251 1541 4306 alimentorum
1559 4263 1638 4320 prae-

213 4323 332 4378 stationi:
353 4321 403 4378 sed
421 4327 449 4378 et
465 4323 533 4378 illud
551 4323 652 4379 adiecit
667 4324 770 4380 nudem
788 4338 850 4380 esse
867 4323 1025 4380 libertorum
1044 4323 1206 4380 diuisionem
1223 4327 1239 4378 l.
1250 4342 1316 4395 pem.
1386 4323 1397 4358 ²
1416 4321 1473 4377 diui
1490 4321 1588 4390 (ecidit

211 4453 359 4522 lneoem]
386 4469 438 4510 nec
464 4455 537 4510 enim
564 4458 602 4511 F·
675 4455 834 4511 tinnitum
862 4457 897 4509 pe
950 4455 1043 4511 liberis
1061 4461 1089 4510 et
1106 4453 1240 4510 alibertis
1252 4457 1280 4509 et
1292 4456 1321 4521 (a
1332 4455 1466 4520 imno)
1478 4453 1638 4524 parentibus

208 4525 311 4596 tsine]
330 4523 391 4580 sibe
410 4527 446 4578 F·
491 4529 524 4582 14
542 4528 673 4582 minem.
687 4529 797 4591 ΜΡ,
816 4527 898 4593 laba,
950 4528 1044 4593 1)Εο,
1067 4527 1101 4582 do
1123 4525 1262 4596 obsequiis
1280 4541 1298 4580 a
1314 4524 1418 4580 libertis
1436 4531 1464 4580 st
1481 4526 1573 4581 liberis
1589 4541 1638 4596 pa-

207 4599 253 4650 uet
261 4597 373 4668 poet38,
383 4597 425 4661 14,
438 4598 490 4651 ind.
499 4598 551 4668 ΡΙ
566 4597 749 4668 decbsequiis
758 4598 898 4668 (obsequis
950 4597 1073 4654 rentibus
1093 4597 1129 4663 Q,
1153 4598 1188 4653 de
1205 4597 1297 4652 liberis
1319 4601 1348 4652 et
1364 4597 1468 4652 libertis
1486 4603 1515 4652 et
1538 4596 1573 4652 de
1592 4597 1638 4662 (de

208 4669 303 4734 aar)
314 4667 485 4738 parentibus]
498 4669 534 4721 ΡΙ
551 4677 575 4724 st
592 4671 643 4724 ind.
653 4671 678 4724 F
689 4689 745 4724 eam
761 4671 787 4724 B
801 4671 854 4735 (31,
866 4671 898 4722 2:
951 4689 999 4724 om.
1010 4669 1049 4736 K)
1066 4669 1204 4737 obsequiis
1218 4685 1236 4722 a
1249 4668 1341 4723 liberis
1356 4673 1384 4722 et
1399 4667 1504 4723 libertis
1519 4668 1638 4738 parenti·

206 4739 349 4824 gislam:
372 4739 428 4810 aspi
447 4740 496 4795 ric
514 4738 687 4800 ὀφειλοκὲκκε
705 4741 761 4794 τοῖο
779 4740 897 4804 possiem
950 4739 1244 4809 bnstpsr.om.K)IK
1288 4741 1322 4794 19
1334 4737 1473 4793 adticisF¹
1514 4741 1637 4809 20prae·

208 4809 339 4874 morafiae
357 4811 396 4864 sai
415 4809 559 4880 rra'rpmcra,
584 4811 620 4867 dc
637 4810 729 4867 liberis
747 4815 776 4866 et
792 4811 897 4867 libertis
949 4810 1029 4867 fectis
1040 4813 1102 4868 ΡΨ
1133 4809 1325 4880 22mnleflc0s]
1339 4811 1433 4875 rostrae
1445 4811 1472 4864 B
1483 4811 1557 4880 (Syn.
1569 4812 1637 4880 rip.)

207 4885 236 4936 et
253 4880 396 4952 obsequiis
412 4882 572 4953 parentibus
590 4883 635 4948 P,
659 4883 694 4938 de
717 4882 857 4953 obsequiis
880 4899 898 4938 a
950 4885 985 4938 29
1002 4883 1089 4938 ueniri
1101 4883 1136 4936 Ρ·
1151 4885 1157 4951 Ι
1172 4881 1348 4938 exor‘or’atus
1366 4882 1402 4934 F*
1418 4883 1423 4949 Ι
1438 4879 1559 4951 pr'a'etio
1576 4879 1614 4934 Γ*
