3600 5460
272 329 451 397 XXXVIIII
470 329 493 394 4
516 335 632 392 11-16
947 319 1035 400 406
1442 345 1490 392 or
1511 345 1711 394 reseremus

240 497 382 557 equoque
401 485 515 554 adfligit.
546 485 615 540 Eam
634 500 706 554 rem,
731 498 802 554 quae
820 482 967 540 commisso
985 482 1125 538 uindicata
1143 487 1198 552 est,
1222 481 1349 538 dominus
1373 495 1464 538 emere
1482 498 1538 539 non
1557 482 1713 553 prohibetur

241 583 255 630 5
274 577 318 630 uel
335 591 385 644 per
403 589 433 628 se
456 575 501 628 uel
520 589 569 644 per
587 575 655 629 alios
674 573 774 644 quibus
792 572 845 627 boe
863 571 1044 627 mandauerit
1082 571 1134 636 Qui
1157 571 1292 626 maximos
1315 569 1420 627 fruetus
1443 587 1478 627 ex
1496 587 1539 627 re·
1571 568 1712 640 ΜΠ

273 663 430 734 demptione
449 663 626 732 uectigalium
644 666 862 731 consequuntur,
882 661 905 715 si
922 665 1021 730 postea
1038 663 1116 715 tanto
1135 659 1220 716 locari
1237 674 1292 715 non
1310 666 1435 730 possunt,
1454 661 1508 731 ipsi
1525 676 1561 716 ee
1573 647 1713 732 prediis

272 751 450 824 pensionibus
469 751 608 822 suscipere
627 751 835 821 compelluntur.
1729 767 1787 808 ῃ

217 837 255 895 12
327 841 478 898 Uarianos
495 839 565 895 libro
584 840 745 910 trigessimo
762 844 864 895 oetaeo
882 836 918 892 ed
937 837 1067 892 edictum.
1105 837 1230 904 Quantae
1248 836 1395 907 andaciae,
1415 841 1535 908 quantae
1553 837 1714 894 temeritatis
1728 843 1787 895 Ξ

274 931 330 986 sint
355 929 561 1000 publicanorum
588 927 735 996 factiones,
764 942 845 982 nemo
869 931 913 981 est
940 927 988 995 qui
1012 926 1126 981 nesciet.
1159 926 1261 982 idcirco
1287 931 1397 996 praetor
1422 926 1459 982 ad
1485 926 1713 996 compescendam

242 1025 254 1070 1
274 1034 368 1074 eornm
387 1017 531 1072 andaciam
549 1016 602 1072 hoe
620 1015 910 1095 edietumbproposnit:
931 1013 1017 1080 'Quod
1029 1012 1133 1070 familia
1144 1013 1352 1084 publicanorum
1367 1014 1470 1070 furtum
1487 1012 1589 1070 fecisse
1601 1015 1714 1086 dicetur,

274 1108 348 1162 'item
366 1107 389 1162 si
408 1107 538 1162 damnum
557 1106 656 1160 iniuria
673 1103 770 1160 fecerit
788 1110 817 1159 et
835 1103 863 1158 id
882 1103 917 1158 ed
936 1119 1005 1174 qnos
1023 1118 1057 1158 ee
1075 1120 1119 1158 res
1137 1104 1256 1174 pertinet
1273 1119 1329 1160 non
1341 1102 1515 1160 exbibetnr¹:
1533 1104 1562 1158 in
1575 1103 1713 1160 deminum

241 1202 255 1246 2
274 1195 341 1250 ‘sine
358 1210 447 1250 noxae
465 1193 606 1250 deditione
625 1193 756 1248 iudicium
773 1191 863 1248 dabo’.
899 1191 1030 1246 Familiae
1049 1197 1141 1247 autern
1166 1193 1350 1263 appellatione
1374 1191 1420 1246 bie
1437 1192 1566 1247 seruilem
1585 1191 1713 1247 familiam

274 1285 408 1340 contineri
427 1281 568 1338 selendum
587 1287 639 1338 est.
667 1281 718 1337 sed
736 1285 765 1336 et
783 1281 807 1336 sl
825 1279 970 1336 bonafide
988 1279 1134 1350 publicano
1153 1282 1258 1336 alienus
1271 1297 1368 1337 serens
1381 1281 1474 1351 seruit,
1493 1295 1582 1350 aeque
1594 1282 1712 1338 eontine-
1772 1297 1787 1334 r

274 1371 361 1428 bitur:
382 1371 507 1427 fortassis
532 1376 561 1425 et
578 1371 651 1426 mdc
668 1368 737 1438 fide,
760 1370 921 1439 plerumque
945 1369 1018 1424 enim
1041 1369 1106 1438 uagi
1130 1370 1204 1424 serni
1227 1375 1257 1426 et
1273 1369 1383 1440 lugitiui
1401 1369 1430 1424 in
1448 1368 1607 1424 huiusmodi
1625 1369 1713 1439 operis

274 1459 393 1518 etiams
416 1457 567 1516 scientibus
590 1457 735 1514 habentur.
763 1473 829 1528 crgo
854 1463 883 1512 ct
906 1457 930 1512 si
952 1456 1034 1514 bomo
1057 1456 1128 1512 liber
1150 1458 1265 1528 seruiat,
1288 1457 1341 1514 boe
1364 1457 1484 1514 edictum
1507 1458 1600 1512 locum
1623 1457 1713 1513 habet

241 1557 256 1600 e
274 1548 415 1606 Publiceni
433 1553 527 1604 eutem
545 1546 682 1616 dicuntur,
701 1546 749 1616 qui
767 1545 878 1616 publiea
896 1545 1045 1615 uectigalia
1062 1545 1166 1601 habent
1183 1547 1328 1602 conducta

219 1632 256 1690 13
328 1637 422 1694 (lares
439 1635 508 1692 libro
526 1635 608 1692 tertio
626 1635 733 1690 deeimo
752 1634 787 1690 ad
806 1634 927 1690 edietum
945 1635 1121 1704 prouineielc.
1149 1633 1204 1690 Sed
1222 1639 1251 1690 et
1269 1635 1304 1705 hi,
1323 1635 1371 1704 qui
1382 1635 1484 1690 salinas
1496 1639 1526 1690 et
1538 1632 1714 1690 cretiiodinas
1770 1633 1787 1680 ί

243 1731 303 1782 ret
321 1727 431 1782 metalla
449 1723 565 1793 babent,
589 1723 798 1793 publicanorum
822 1723 882 1778 loeo
906 1727 979 1778 sunt.
1015 1724 1163 1778 Praeterea
1185 1729 1214 1778 et
1237 1725 1260 1779 si
1283 1725 1345 1794 qnls
1369 1724 1488 1794 uectigal
1512 1723 1717 1780 conductums
1775 1731 1787 1768 1

240 1820 304 1870 are
327 1814 437 1884 publica
459 1812 603 1869 cuiusdam
627 1812 767 1882 municipii
792 1810 888 1882 babet,
915 1811 968 1868 boe
993 1812 1112 1868 edietum
1136 1813 1226 1868 locum
1250 1811 1343 1868 babet
1386 1811 1451 1867 Sine
1474 1817 1568 1868 autem
1593 1811 1720 1870 uendidit

153 1903 156 1910 ’
274 1918 385 1959 seruum
403 1903 448 1957 uel
467 1901 625 1957 manumisit
642 1901 688 1956 uel
705 1901 787 1956 etiam
808 1899 879 1970 fugit
895 1916 1007 1970 seruus,
1030 1900 1169 1956 tenebitur
1186 1901 1260 1956 serni
1278 1902 1401 1972 nemine,
1425 1901 1472 1970 qul
1496 1906 1553 1956 tam
1573 1900 1719 1958 sesemen

241 1997 255 2042 e
276 1988 406 2048 familiam
425 1989 530 2046 babuit.
567 1989 639 2055 ind
659 1994 766 2060 umen,
789 1990 814 2044 si
836 2003 933 2045 seruus
957 1989 1129 2046 decesserit?
1155 1989 1319 2058 uidendum,
1342 2005 1378 2044 an
1402 1987 1568 2060 publicanus
1592 1995 1723 2046 teneatur·

275 2080 353 2150 quasi
371 2077 438 2136 sacti
461 2079 504 2134 sui
527 2078 650 2134 nominc:
673 2079 724 2134 scd
748 2084 831 2149 puto,
855 2077 921 2148 quia
938 2074 1097 2133 facultatem
1120 2093 1175 2133 non
1198 2077 1282 2134 habet
1307 2077 1454 2134 exhibendi
1478 2093 1530 2134 nee
1552 2079 1634 2134 dolus
1658 2081 1726 2134 eina

241 2173 257 2220 4
275 2169 442 2236 intercessit,
466 2153 566 2224 debere
584 2183 647 2224 eum
666 2165 784 2222 liberari.
812 2167 890 2222 Hanc
914 2165 1050 2222 actionem
1073 2171 1234 2236 perpetuam
1259 2165 1386 2222 dabimus
1404 2166 1545 2222 etheredi
1564 2169 1725 2237 ceterisque

275 2256 490 2312 suecessoribus.

220 2340 257 2397 14
327 2345 480 2401 Uesmrrne
497 2343 567 2400 libro
585 2348 686 2400 octeno
704 2343 931 2415 disputationum.
959 2341 1114 2398 Commissa
1131 2343 1307 2412 uectigalium
1326 2344 1437 2400 nemine
1455 2343 1538 2400 etiam
1574 2339 1728 2412 ῖῖιῖιῖιῑ

275 2433 311 2488 ad
330 2433 459 2488 heredem
477 2433 709 2488 transmittuntur.
738 2449 801 2488 nam
820 2431 893 2502 quod
912 2432 1087 2488 commissum
1106 2437 1158 2501 est,
1177 2433 1270 2487 statim
1288 2431 1391 2488 desinit
1407 2433 1466 2488 eius
1479 2448 1542 2488 esse
1555 2435 1604 2504 qni
1616 2435 1730 2490 odmen

275 2523 414 2578 connexit
431 2521 636 2592 dominiumque
659 2521 699 2576 rei
722 2521 852 2590 uectigali
873 2520 1039 2590 adquiritur:
1063 2525 1209 2591 eapropter
1233 2521 1372 2577 commissi
1395 2523 1552 2592 persecutio
1575 2524 1650 2579 sient
1672 2522 1731 2578 ad-

276 2626 374 2666 uersus
392 2611 543 2680 quemlibet
559 2625 756 2681 possessorem,
776 2609 816 2664 sie
835 2613 864 2665 et
881 2609 1015 2665 aduersus
1033 2608 1161 2664 heredem
1181 2610 1320 2680 competit

220 2695 258 2754 15
329 2699 471 2754 Anseres
489 2697 592 2754 umes
608 2697 678 2754 libro
696 2698 814 2768 septimo
831 2697 1009 2767 digestorum.
1037 2697 1140 2754 (laceat
1157 2713 1219 2754 curn
1237 2699 1343 2754 insulae
1356 2698 1454 2754 Cretae
1466 2700 1589 2756 ceteriss
1606 2702 1736 2770 locaret,

276 2787 366 2856 legem
385 2786 425 2840 ita
442 2784 562 2841 dixerat:
581 2786 624 2842 'ne
641 2787 703 2856 quis
721 2791 831 2856 praeter
848 2786 1049 2856 redemptorem
1067 2789 1132 2858 post
1149 2786 1211 2842 idus
1228 2787 1341 2842 Martias
1364 2793 1454 2843 cotem
1473 2803 1508 2843 ex
1526 2789 1620 2845 insula
1638 2790 1745 2846 Oret*

277 2868 371 2930 ‘fodito
390 2888 460 2928 neue
479 2875 590 2930 eximito
609 2889 680 2931 neue
699 2874 842 2930 auellito't
870 2875 1013 2930 cuiusdam
1032 2875 1112 2930 nauis
1130 2879 1231 2931 onusta
1254 2874 1362 2930 cotibus
1384 2881 1448 2931 ante
1466 2875 1529 2932 ides
1546 2878 1663 2934 liertiae
1684 2891 1744 2934 e:

277 2966 359 3033 portu
377 2962 475 3018 cretae
492 2961 617 3032 proiecta
634 2969 718 3019 uento
735 2964 823 3019 relata
840 2964 869 3019 in
886 2969 996 3033 portum
1008 2967 1087 3033 erat,
1112 2963 1212 3018 deinde
1234 2964 1333 3019 iterum
1356 2969 1420 3034 post
1444 2965 1506 3020 idne
1523 2966 1641 3023 Martias
1658 2983 1745 3038 prce

277 3049 351 3106 lecta
368 3054 436 3106 eret.
464 3052 667 3122 consulebatur,
685 3069 750 3108 num
769 3057 866 3108 centra
883 3053 971 3122 legem
990 3057 1054 3122 post
1071 3051 1133 3108 idus
1146 3052 1259 3107 liertiae
1278 3068 1312 3108 ex
1331 3053 1420 3108 insula
1431 3052 1515 3110 Greta
1531 3060 1611 3112 cotes
1629 3057 1745 3112 exisse

277 3139 445 3196 uiderentur.
471 3140 627 3210 respondit,
645 3142 755 3196 tametsi
773 3146 871 3210 portes
889 3156 1012 3210 quoquc,
1031 3142 1078 3210 qui
1097 3142 1202 3196 insulae
1220 3145 1321 3211 essent,
1340 3157 1435 3196 omnes
1453 3142 1513 3197 eins
1530 3143 1641 3200 insulae
1658 3155 1746 3200 esee

277 3227 450 3298 uiderentur,
473 3234 566 3286 tamen
589 3245 667 3300 eum,
691 3230 738 3299 qui
761 3234 826 3286 ante
845 3229 912 3286 vides
930 3230 1041 3284 llartlas
1064 3229 1204 3300 profectus
1228 3245 1263 3285 ex
1286 3234 1368 3300 perte
1391 3235 1465 3286 emet
1482 3235 1511 3286 et
1527 3233 1635 3290 relatus
1652 3239 1739 3289 tem-

277 3321 385 3386 pestate
403 3318 431 3372 in
449 3318 566 3373 insulem
585 3317 737 3374 deductus⁸
756 3323 844 3388 esset,
862 3319 886 3374 si
904 3317 968 3373 inde
986 3316 1089 3374 exisset
1106 3333 1162 3374 non
1180 3317 1268 3374 uideri
1285 3323 1382 3374 cenna
1398 3319 1488 3388 legem
1506 3318 1623 3392 iecisse,
1641 3337 1736 3392 prse-

277 3408 371 3462 terea⁴
389 3405 464 3474 qnod
482 3406 536 3462 iam
555 3407 632 3462 initio
650 3412 764 3462 enectae
782 3410 859 3462 cotes
877 3406 1045 3478 uiderentur,
1063 3423 1126 3462 cum
1144 3406 1155 3476 11
1175 3410 1205 3462 et
1221 3422 1257 3462 ex
1273 3412 1354 3478 portu
1373 3409 1452 3464 nauis
1469 3407 1597 3478 proiecta
1614 3416 1693 3466 esset
1753 3404 1787 3454 tr

222 3493 259 3552 16
330 3494 507 3550 Mencrssns
525 3494 594 3550 libro
613 3496 745 3565 singulari
763 3495 798 3550 de
816 3494 995 3551 delatoribus.
1031 3495 1172 3551 Interdum
1196 3509 1246 3551 nec
1270 3495 1433 3553 uendendns
1450 3502 1495 3552 est
1511 3498 1537 3552 is
1556 3513 1655 3556 ssrnus
1672 3495 1726 3570 qni
1745 3488 1766 3542 ὅ

278 3583 306 3637 in
324 3583 501 3638 commissum
521 3582 634 3653 cecidit,
659 3582 709 3638 sed
733 3598 784 3653 pro
807 3599 841 3640 eo
860 3583 1015 3638 aestimatio
1034 3600 1051 3638 a
1069 3583 1179 3639 domino
1198 3584 1290 3640 danda
1307 3589 1358 3640 est.
1386 3585 1442 3640 diui
1460 3586 1534 3642 enim
1553 3585 1673 3644 Seuerus
1689 3587 1724 3643 el
1739 3586 1763 3630 θ’

278 3670 435 3726 Antoninus
454 3671 666 3742 rescripserunt,
685 3687 747 3726 oum
766 3671 919 3740 issemus,
938 3672 985 3742 qui
1003 3677 1094 3727 actum
1114 3672 1216 3728 domini
1234 3673 1355 3742 gessisse
1373 3673 1523 3744 diceretur,
1547 3676 1577 3730 in
1595 3675 1716 3732 commis·

182 3825 186 3832 .
278 3775 338 3814 sum
357 3759 518 3828 cecidisset,
543 3760 637 3815 uenire
655 3775 710 3815 non
729 3759 871 3828 debuisse,
895 3759 944 3814 sed
963 3775 1013 3830 pro
1032 3775 1065 3816 eo
1084 3761 1136 3815 uiri
1156 3761 1221 3816 boni
1245 3760 1377 3816 arbitratu
1402 3763 1624 3820 aestimationem
1642 3779 1715 3836 opor·

247 3855 258 3898 1
278 3848 365 3903 tuisse
383 3847 451 3902 dari.
487 3848 564 3902 Idem
584 3853 675 3904 autem
695 3847 791 3903 eadem
814 3849 932 3918 epistula
956 3849 1168 3920 rescripserunt,
1192 3850 1216 3912 si
1239 3851 1301 3920 quis
1324 3849 1494 3920 inprofeesus
1517 3867 1617 3910 seruus
1640 3851 1711 3908 lueri

278 3941 307 3992 et
324 3935 484 4006 probabitur
502 3936 530 3992 in
550 3937 726 3994 commissum
746 3936 893 4005 cecidisse,
917 3941 944 3992 et
963 3941 1141 3994 antenorem
1160 3937 1314 4008 eonupisse
1332 3938 1435 3995 domini
1453 3939 1563 3996 dicatur
1581 3947 1630 3998 ant
1646 3937 1739 3997 diste

279 4023 344 4093 quid
363 4023 476 4092 panius
495 4023 653 4094 admisisse,
678 4030 877 4094 utcognoseat
895 4029 1115 4096 procuratores,
1138 4027 1162 4082 si
1185 4028 1214 4082 in
1237 4026 1280 4082 bis
1303 4029 1394 4084 musis
1418 4043 1480 4084 osse
1499 4036 1658 4100 compertus
1674 4031 1709 4098 sit,

280 4127 524 4199 nassouwe)
1401 4117 1404 4130 '

280 4287 693 4430 :gssolpite'r'eengffihibemr
711 4292 755 4364 (ef.
771 4291 861 4362 pedii
873 4289 956 4358 aar?
1027 4291 1166 4349 ’auehito
1181 4293 1262 4362 (Patr.
1275 4293 1428 4362 Pitieml‘?
1498 4295 1661 4354 ⁸dsduetns
1672 4298 1713 4352 dd

281 4517 432 4586 ladfligit]
456 4515 550 4574 adlicit
567 4519 604 4571 Ρ
657 4520 742 4590 iper
760 4519 800 4589 sc]
824 4520 971 4585 XYMOO,
1025 4522 1130 4578 nentur
1153 4523 1190 4574 Ρ
1249 4523 1285 4578 20
1310 4521 1404 4580 beredi
1426 4530 1482 4580 *am
1504 4527 1662 4618 ceterisque
1684 4529 1717 4582 Ρ

279 4603 328 4658 pre
346 4603 377 4644 es
396 4589 441 4652 Ρ,
464 4605 514 4659 per
532 4605 583 4644 nos
605 4590 651 4644 uel
673 4605 724 4660 per
741 4603 772 4646 se
791 4591 837 4655 Ρ,
860 4592 904 4647 nel
922 4607 972 4662 per
1025 4595 1061 4648 22
1092 4593 1340 4662 disputatien‘e'um
1371 4594 1409 4648 Ρ
1433 4597 1438 4663 Ι
1463 4599 1659 4656 commisitt
1687 4597 1718 4654 Ρ

279 4675 331 4715 nos
353 4661 398 4714 uel
421 4673 471 4728 por
497 4660 580 4726 ch
650 4661 913 4718 boensee'u'untur
935 4664 972 4717 Ρ
1025 4665 1060 4720 23
1077 4665 1189 4720 *statim
1208 4665 1245 4718 Ρ
1299 4667 1333 4722 ili
1352 4665 1496 4722 dixera'n't
1512 4669 1554 4722 Ρ
1573 4673 1579 4738 Ι
1600 4671 1718 4739 mutini

280 4731 563 4786 btemeritatisintF
611 4732 789 4802 ipropsuit
803 4736 898 4800 ‚teclae
911 4749 971 4804 pro·
1026 4736 1126 4790 carbas
1140 4736 1175 4790 Ρ
1211 4737 1246 4792 28
1258 4736 1390 4792 eximito*
1404 4736 1440 4792 Ρ
1477 4739 1512 4794 llil
1525 4743 1620 4811 porra]
1634 4749 1720 4800 morbr

279 4802 401 4927 :flosuiti
414 4803 450 4856 Ρ
504 4803 536 4856 11
556 4799 718 4870 fortasisl'l
734 4804 808 4873 ιιιςὶ]
826 4819 854 4860 m
893 4805 971 4872 ἱΡΙ
1025 4807 1061 4860 Ρ
1098 4808 1132 4862 31
1152 4807 1256 4876 portus]
1273 4811 1424 4932 postusFl
1440 4809 1559 4880 insulae]
1574 4814 1620 4874 Ρ.
1638 4815 1667 4870 in
1684 4815 1721 4869 in·

307 4871 453 4928 ⁴eiusmodi
466 4873 503 4925 Ρ
550 4875 583 4928 12
595 4874 694 4930 bomo
707 4875 744 4927 Ρ
790 4876 872 4944 repa
892 4876 972 4932 lleani
1025 4877 1087 4932 snla
1099 4878 1136 4930 Ρ
1175 4879 1211 4932 32
1222 4893 1271 4947 pre
1283 4883 1362 4934 cetus
1374 4881 1410 4934 Ρ
1449 4881 1655 4954 33praeteree]
1670 4885 1721 4950 ΡΥ,

279 4949 372 5002 antem
385 4943 573 5012 dicunturqui
591 4963 639 4996 em.
654 4947 689 4998 Ρ
744 4947 779 5002 14
797 4945 835 5016 bi]
853 4947 896 5002 bis
915 4947 970 5016 ΡΙ
1025 4954 1171 5018 propterca
1187 4949 1328 5005 XZMOG
1378 4949 1414 5006 38
1432 4950 1600 5010 debuisse‘d’
1618 4957 1669 5012 sed
1688 4955 1721 5010 Ρ

280 5015 507 5084 salines1FX00,
529 5029 627 5070 arenas
646 5015 737 5080 1⁴20,
755 5029 853 5072 menae
869 5018 973 5074 salines
1025 5021 1061 5074 ea
1073 5021 1279 5090 rescripserunt]
1292 5021 1509 5092 rumeripserunt
1522 5025 1562 5078 F·
1592 5027 1628 5082 tr
1642 5035 1722 5096 coc-

279 5085 606 5152 litterarumrore
624 5085 660 5140 M
706 5089 737 5142 li
756 5086 972 5158 113121612-
1024 5095 1123 5148 nosest
1138 5091 1176 5146 Ρ
