3584 5454
171 261 366 311 romanarum
388 262 488 312 souur
776 239 927 328 ,727
1066 217 1072 236 ⁸
1231 243 1394 312 XXXXVI
1416 248 1436 312 6
1455 254 1471 308 t
1491 281 1523 292 -
1543 249 1599 311 73

133 403 153 462 ‘i
225 403 417 458 Monuenneus
438 401 507 458 libro
530 407 609 458 sexto
632 402 795 471 regularum.
832 402 950 458 Datiuus
973 402 1017 457 uel
1035 403 1256 458 testamentarius
1274 407 1349 458 tutor
1366 404 1425 458 siue
1444 400 1599 487 [fflffi
1618 410 1644 464 E

172 496 281 547 eurator
299 505 353 546 non
371 494 447 562 petet
464 491 533 548 setis
555 491 695 562 aeollega
712 507 777 562 suo,
802 491 852 548 sed
875 493 972 547 offerre
997 491 1023 546 ei
1046 491 1161 562 poterit,
1183 497 1274 548 uuum
1297 493 1365 548 eatis
1387 493 1511 563 aoeipere
1533 495 1600 550 uelit

173 595 210 636 an
227 580 301 634 dare.

133 673 154 730 8
226 668 375 724 Uurmreus
398 667 467 724 libro
490 668 611 724 seeundo
633 669 670 724 ad
692 668 821 724 edietum.
856 668 940 724 Etsi
964 667 1000 724 ad
1022 669 1128 739 speeies
1152 666 1599 756 ouratordatuesit,[ffl
1617 677 1675 749 Es*

172 773 231 814 rem
248 758 352 813 eduam
370 755 429 814 iore
446 758 586 828 stipulatio
603 758 798 828 interponetur.
1618 773 1632 813 ι

134 851 154 910 9
225 847 396 902 Polemoneus
412 845 482 904 libro
499 848 595 917 quinto
612 847 719 904 decimo
737 846 774 902 ad
791 845 932 903 Sabinum.
967 847 1036 904 Cum
1054 849 1174 919 pupillus
1197 851 1322 904 atutoro
1339 849 1424 919 stipu-
1457 860 1483 906 Β.
1492 846 1544 916 οἵ
1539 846 1599 917 ιῖο
1618 855 1639 910 S

171 937 244 992 latur
260 951 317 992 rem
334 936 440 992 saluam
457 934 524 1006 soro,
542 951 597 992 non
615 938 702 993 solum
721 951 792 1007 qnae
810 936 838 992 in
856 937 1019 1006 patrimonio
1038 937 1129 1008 habet,
1147 938 1196 994 sed
1214 938 1297 993 otiam
1310 953 1381 1007 quae
1399 939 1428 994 in
1445 927 1600 995 nominibus

171 1029 237 1081 snut
255 1039 289 1080 ea
305 1025 480 1095 stipulatione
498 1025 627 1082 uidentur
644 1025 791 1082 eontiueri:
815 1025 889 1095 quod
912 1027 985 1082 enim
1003 1027 1031 1082 in
1048 1028 1152 1083 tutelae
1175 1027 1306 1083 iudioium
1330 1027 1419 1098 uenit,
1441 1027 1494 1084 hoo
1516 1033 1544 1084 et
1566 1044 1600 1084 ea

171 1114 348 1186 stipulatione
364 1115 526 1170 continetur.
1619 1129 1633 1170 e

112 1211 155 1271 10
225 1203 396 1260 Αιιιιοιιιοο
413 1203 482 1260 libro
499 1204 580 1260 tertio
598 1203 799 1274 quaestionum.
835 1201 872 1274 Si,
891 1207 1071 1274 posteaquam
1088 1205 1208 1275 pupillus
1226 1204 1261 1260 ad
1278 1203 1406 1275 puberta·
1426 1201 1640 1290 fflss

171 1299 228 1350 tem
246 1294 409 1364 peruenerit,
426 1297 501 1348 tutor
512 1294 540 1348 iu
552 1292 722 1349 restituenda
733 1293 820 1348 tutela
831 1293 998 1362 aliquamdiu
1011 1308 1115 1348 moram
1126 1291 1229 1363 feeerit,
1248 1299 1353 1350 eertum
1365 1298 1408 1350 est
1423 1299 1452 1350 et
1462 1293 1600 1350 motuum

172 1383 282 1439 nomine
300 1387 329 1438 et
344 1397 488 1438 emtarum
506 1382 589 1437 medii
606 1381 738 1452 temporis
755 1386 813 1436 tam
831 1379 1006 1437 fideiussores
1024 1382 1083 1438 eius
1101 1397 1184 1452 quam
1201 1383 1292 1454 ipsum
1309 1384 1405 1440 teneri

112 1481 152 1537 11
225 1472 378 1528 Nnasnlus
394 1471 464 1527 libro
481 1475 579 1541 quarto
597 1471 825 1526 membranarum.
862 1470 931 1526 Cum
954 1485 1012 1527 rem
1036 1472 1141 1526 saluam
1163 1469 1221 1526 iore
1244 1471 1347 1543 pupillo
1365 1487 1409 1527 oa·
1427 1468 1640 1556 [Effls

171 1565 260 1631 uetur,
278 1561 456 1617 committitur
473 1560 622 1631 stipulatio,
640 1561 672 1630 si,
690 1559 764 1629 qnod
783 1575 818 1616 ex
835 1560 923 1616 tutela
940 1559 999 1615 dari
1016 1557 1075 1615 fieri
1093 1563 1216 1631 oportet,
1233 1576 1288 1616 nou
1305 1565 1472 1631 praestetur:
1491 1579 1554 1618 nam
1572 1552 1601 1619 ot

172 1649 196 1706 si
214 1649 292 1705 salua
309 1649 334 1705 ei
352 1665 397 1705 ros
414 1650 458 1720 sit,
476 1648 512 1705 ob
530 1649 558 1706 id
576 1663 631 1705 nou
649 1653 701 1719 est,
720 1649 792 1720 quia,
810 1649 885 1719 quod
903 1664 937 1705 ex
955 1649 1042 1705 tutela
1059 1649 1118 1704 dari
1137 1647 1195 1704 fieri
1214 1653 1329 1720 oportet,
1347 1666 1403 1706 uon
1421 1651 1543 1708 soluitur.
1619 1663 1647 1704 ιο

111 1747 154 1804 12
224 1739 404 1794 Pmmmrna
421 1737 490 1794 libro
508 1737 671 1794 duodecimo
689 1739 888 1808 quaestionum.
924 1737 954 1794 Si
975 1738 1068 1807 plures
1091 1737 1266 1794 fideiussores
1285 1754 1302 1794 a
1319 1743 1409 1794 tutore
1427 1735 1600 1823 Q
1621 1747 1647 1800 P

171 1827 274 1898 pupillo
291 1827 350 1882 dati
368 1831 440 1897 sunt,
459 1842 514 1882 non
532 1841 593 1882 osse
611 1842 675 1882 eum
694 1826 926 1900 distringendum,
945 1826 995 1882 sed
1012 1827 1041 1882 in
1059 1841 1143 1882 unum
1162 1825 1281 1882 dandam
1299 1828 1433 1884 notionem
1451 1829 1499 1898 ita,
1518 1833 1549 1883 ut
1566 1829 1600 1898 ei,

171 1918 219 1988 qni
237 1916 436 1985 connominatur,
455 1916 577 1972 actiones
594 1919 807 1985 praestarentur.
833 1930 885 1972 neo
902 1916 1047 1986 qnisquam
1065 1916 1204 1986 putauerit
1221 1915 1256 1972 ab
1273 1917 1333 1972 iure
1347 1917 1508 1988 disoessum,
1526 1923 1600 1988 post-

171 2021 254 2076 quam
272 2021 322 2076 pro
339 2020 374 2062 aa
390 2009 468 2076 parte
485 2005 590 2075 plaonit
606 2009 712 2060 tutores
731 2004 920 2074 condemnari,
945 2019 1027 2075 quam
1045 2005 1318 2076 administrauerunt,
1342 2007 1427 2062 etita
1445 2007 1555 2064 demum
1573 2008 1601 2063 iu

171 2093 297 2166 suidam,
316 2094 340 2150 si
357 2109 401 2150 res
420 2109 438 2150 a
455 2095 553 2150 oeteris
571 2109 626 2150 non
644 2097 770 2149 seruetur
787 2096 817 2150 et
834 2093 949 2149 idonea¹
968 2094 1049 2164 eulpa
1066 2093 1225 2165 detegatur,
1246 2094 1320 2164 quod
1338 2103 1492 2166 suspectum
1510 2094 1601 2153 faeere
1620 2107 1648 2146 ιο

171 2183 370 2254 supersederit:
393 2199 456 2238 nam
475 2184 599 2254 aequitas
617 2182 712 2239 arbitri
735 2187 817 2252 atque
835 2177 955 2237 officium
974 2183 1025 2238 uiri
1048 2181 1114 2238 boni
1132 2183 1241 2238 uidetur
1258 2199 1319 2239 eam
1337 2182 1452 2240 formam
1470 2185 1536 2240 iuris
1554 2185 1600 2240 de·

169 2273 316 2328 siderasse.
342 2277 463 2329 ueterum
481 2271 655 2329 fideiussores
673 2271 789 2327 eiuiliter
812 2271 841 2326 in
865 2269 982 2326 solidum
1005 2269 1118 2342 obligati
1141 2273 1240 2328 ueteris
1258 2273 1368 2343 quidem
1387 2273 1545 2343 agentibus,
1570 2279 1602 2330 ut

70 2427 75 2434 ¹
169 2359 311 2416 diuidatur
328 2361 415 2431 aetio,
439 2363 584 2432 impetrare
602 2365 731 2431 possunt:
755 2359 859 2431 pupillo
877 2373 944 2416 uero
962 2365 1077 2430 egsum,
1100 2361 1148 2431 qni
1170 2375 1225 2417 non
1248 2361 1308 2432 ipse
1332 2363 1481 2432 mutarit,
1505 2362 1555 2418 sed
1572 2363 1600 2418 iu

169 2456 290 2506 tutorem
307 2449 404 2506 inuidit
421 2455 450 2506 et
467 2451 576 2521 ignorat
598 2451 704 2520 omnia,
727 2448 890 2505 benefitium
913 2447 1078 2505 diuidendae
1101 2449 1216 2506 aetionis
1239 2451 1364 2507 miuriam
1386 2449 1488 2508 habere
1510 2451 1599 2506 uisum

169 2543 227 2608 est,
250 2554 285 2595 ao
302 2553 338 2596 ex
355 2555 411 2596 una
428 2540 531 2596 tutelm
548 2539 741 2610 musapluros
760 2539 905 2595 aenedas
928 2539 1105 2609 quaestiones
1126 2539 1201 2609 apud
1225 2539 1349 2598 diuersos
1371 2540 1476 2597 iudiues
1500 2541 1600 2598 consti
1620 2552 1648 2592 as

169 2633 320 2686 tueremur.

598 2917 635 2996 R
675 2782 937 2996 ΠῙΒΙΟΑξΙΙΙξιΙ
964 2917 1100 2998 SOLUI
1139 2919 1176 2998 R
1617 2939 1717 2996 esra

127 3090 147 3146 1
221 3077 341 3134 Pennus
364 3074 432 3134 libro
449 3075 600 3132 uioomimo
617 3080 715 3146 quarto
738 3075 774 3132 ad
797 3075 926 3132 edietum.
962 3077 995 3132 In
1012 3075 1188 3146 stipulatione
1204 3074 1354 3131 indieatnm
1372 3076 1442 3132 solui
1459 3071 1598 3162 [ri—[so]
1618 3083 1645 3136 [ι’

166 3171 232 3239 post
254 3181 311 3222 rem
331 3167 342 3239 Ι
360 3167 508 3223 iudiuatam
530 3165 623 3222 stadm
646 3165 705 3221 dies
728 3165 815 3236 uedit,
838 3166 888 3222 sed
911 3165 1018 3222 exactio
1042 3167 1071 3221 in
1093 3170 1203 3236 tempus
1224 3179 1272 3220 reo
1295 3165 1437 3235 principali
1463 3165 1598 3222 indultum
1616 3174 1687 3222 aaut

166 3257 300 3313 utemur.
936 3303 937 3306 ,
1618 3267 1645 3306 ss

123 3359 148 3418 2
220 3346 298 3401 Ιοιιιι
315 3343 384 3402 libro
402 3344 624 3416 septuagensimo
642 3343 730 3414 primo
748 3342 784 3398 ad
802 3342 930 3400 edietum.
966 3343 1035 3400 cum
1052 3343 1100 3400 lite
1118 3347 1226 3400 mortua
1243 3343 1318 3399 nulla
1335 3357 1379 3398 ree
1396 3344 1440 3414 sit,
1460 3339 1598 3429 [Q
1616 3349 1644 3404 Ε

167 3435 231 3491 ideo
248 3439 357 3491 eoustau
373 3433 548 3490 fideiussores
566 3447 600 3489 er
618 3433 751 3504 stipulatu
768 3432 919 3488 iudioatnm
937 3433 1007 3489 solui
1024 3447 1080 3490 non
1097 3435 1192 3490 maeri

122 3539 148 3598 3
221 3521 372 3580 Uarianos
394 3522 463 3580 libro
480 3523 704 3593 septuagensimo
722 3521 838 3592 septimo
864 3521 899 3578 ad
920 3521 1050 3578 edietum.
1087 3521 1116 3578 st
1134 3522 1196 3592 quis
1215 3521 1306 3593 apud²
1325 3521 1442 3592 aliquem
1461 3518 1597 3606 [Q
1616 3527 1643 3582 E

167 3613 287 3670 iudieem
304 3614 392 3668 itunae
410 3612 556 3682 stipulatus
574 3616 618 3666 ost
634 3611 783 3667 iudieatum
803 3611 872 3667 solui
890 3615 919 3666 et
936 3613 994 3682 agit
1012 3611 1087 3682 apud
1104 3613 1228 3680 alterum,
1247 3627 1302 3668 uon
1316 3612 1495 3667 committitur
1512 3613 1597 3682 stipu·
1616 3623 1645 3664 ss

129 3703 247 3772 1istio,
271 3703 335 3773 quia
358 3715 413 3757 non
436 3700 516 3756 huius
539 3701 637 3756 iudiois
659 3701 812 3756 sententiae
835 3698 1011 3757 fideiussores
1029 3717 1060 3756 se
1078 3700 1266 3756 subdiderunt
1303 3699 1511 3770 stipulationem
1529 3701 1597 3756 iudi-

127 3797 260 3858 noatnm
278 3791 348 3847 solui
365 3795 394 3846 et
410 3793 571 3861 proonrator
592 3795 621 3846 et
638 3795 713 3846 tutor
736 3794 765 3846 et
782 3793 892 3845 curator
914 3790 1039 3860 stipulari
1060 3793 1185 3861 possum.
1221 3791 1427 3845 Proouratorem
1446 3805 1509 3846 eum
1527 3791 1596 3846 auoi-

166 3895 233 3953 pero
251 3879 397 3950 debemus,
417 3881 461 3936 oui
479 3879 638 3936 mandatum
656 3884 713 3949 est,
732 3880 791 3934 siue
809 3878 890 3934 huius
909 3879 948 3934 rei
965 3883 1072 3934 tantum
1091 3878 1250 3958 mandatum
1268 3879 1419 3948 suseeporit
1436 3881 1496 3934 siue
1513 3880 1597 3934 etiam

126 3971 357 4036 anniuerserum
379 3968 522 4024 bonorum.
555 3968 605 4024 sed
629 3973 658 4024 et
680 3969 704 4023 si
726 3973 816 4023 ratum
840 3965 924 4023 merit
946 3966 1083 4038 habitum,
1109 3973 1269 4038 proourator
1289 3967 1406 4024 uidetur.
1442 3966 1498 4024 Sed
1522 3973 1551 4024 et
1573 3969 1597 4024 sl

167 4057 238 4115 forte
256 4073 292 4114 ex
308 4057 401 4114 liberis
418 4057 464 4113 uel
480 4057 639 4130 parentibus
656 4057 754 4126 aliquis
764 4057 930 4114 interueniat
940 4058 985 4118 uel
997 4058 1039 4113 uir
1049 4057 1143 4114 uxoris
1155 4058 1272 4128 nomine,
1291 4056 1419 4127 aquibus
1437 4056 1595 4114 mandatum
1614 4071 1643 4111 so

166 4163 360 4234 F(XYMOG)

148 4363 152 4368 .
168 4323 177 4357 ¹
196 4324 226 4376 et
242 4319 306 4376 ideo
322 4320 351 4376 in
368 4335 403 4375 ea
419 4322 455 4387 (a.
470 4318 518 4387 t.)?
588 4317 600 4352 ¹
617 4316 699 4388 apud]
719 4322 751 4372 ut
768 4316 824 4373 ad?

167 4476 182 4530 1
203 4473 272 4541 sine]
292 4472 351 4528 side
370 4471 404 4525 l*
458 4471 476 4526 2
492 4471 576 4541 petet]
601 4474 695 4541 potest
712 4471 747 4524 Ρ
768 4470 773 4538 1
794 4468 854 4538 suo]
909 4479 1014 4542 winus:
1025 4489 1104 4542 nepus
1116 4479 1181 4524 raim
1194 4475 1333 4541 quaeritur,
1346 4477 1430 4524 utrum
1442 4476 1511 4525 tutos·
1522 4474 1596 4543 mapa

166 4544 220 4602 sub
238 4545 275 4598 ΓΙ
329 4541 501 4599 eserenon
520 4543 607 4598 solum
626 4541 703 4612 quae'
717 4541 856 4612 stipulatio
908 4545 1595 4614 suoconlatoremsmpeotumsaesrenepleserttneene,

166 4617 289 4694 (φή)
302 4613 339 4669 F*
383 4614 490 4684 titum]
509 4628 569 4669 dom
585 4615 620 4668 F⁰
664 4616 698 4669 16
716 4613 855 4684 papinia-
908 4615 954 4669 ssd
971 4621 1100 4686 tamquam
1118 4622 1145 4667 in
1163 4633 1193 4668 eo
1211 4616 1286 4685 οιιὶρα
1303 4621 1378 4678 asel,
1394 4621 1511 4683 praestat
1528 4617 1597 4687 quod

165 4703 221 4744 nus
243 4687 281 4741 1²²
343 4687 376 4741 17
400 4701 463 4740 eum
487 4685 714 4755 distringendum]
740 4687 767 4750 F,
793 4699 855 4740 eum
909 4685 942 4740 ab
960 4689 1153 4741 οἰέανοοινιιονι·
1164 4692 1321 4755 neapotesi:
1340 4685 1362 4739 εἰ
1376 4684 1410 4738 ur's
1423 4705 1494 4740 τιιιεο
1507 4686 1594 4749 studia

164 4757 390 4829 inunguendum
402 4756 454 4821 Μ’,
470 4757 692 4827 distinguendum
705 4753 858 4812 xlld'oo
909 4756 1051 4828 εῨρεθὼοιιι
1073 4756 1163 4826 inope·
1189 4757 1227 4810 aei
1253 4757 1276 4810 oi
1301 4756 1405 4827 εῩιιοροι
1430 4755 1594 4829 &petianese

165 4833 204 4888 20
221 4833 250 4886 at
261 4831 296 4894 (si
309 4839 356 4884 ins.
367 4829 410 4894 X)
422 4829 522 4883 idonea
533 4829 614 4899 dulps
626 4829 771 4897 detegatur
782 4827 856 4897 quod
910 4827 1005 4890 sirete
1032 4829 1071 4882 ὡο
1097 4827 1230 4892 Ῠπὸπτογο
1255 4827 1404 4883 &neutericus
1426 4829 1453 4884 B
1476 4833 1594 4898 (Aaou),

164 4917 331 4972 suspensum
349 4904 516 4970 (suspectum
528 4901 571 4966 Χ)
589 4899 679 4956 iaeero
696 4899 856 4970 supersede·
908 4901 974 4954 ande
988 4899 1101 4955 θνιιιοι
1118 4903 1207 4971 leprose
1224 4899 1316 4956 idonei
1326 4921 1375 4972 pro
1386 4900 1485 4956 idonea
1496 4904 1596 4973 eotepu

164 4973 284 5037 ritulis
299 4979 328 5028 et
339 4973 403 5027 ideo
414 4973 438 5027 si
450 4973 478 5028 in
489 4987 523 5028 aa
534 4973 615 5041 eulpa
626 4972 771 5040 detegatur
782 4969 856 5040 quod
911 4971 1032 5026 Gutoeim
1044 4972 1141 5026 obsera.
1153 4971 1227 5035 &30
1270 4974 1304 5027 21
1318 4976 1418 5042 atque
1431 4973 1468 5025 F²
1512 4973 1547 5028 25
1561 4987 1595 5028 au

164 5043 857 5117 smpeotumfaeeresupereoueritX¹YMOozrecte
909 5042 1011 5111 uariae]
1031 5043 1076 5108 F1,
1094 5042 1240 5114 rimaeque
1258 5044 1296 5096 F’
