3480 5460
280 227 400 296 XXXV
424 229 440 294 1
467 232 582 290 12-19
954 217 1041 298 184
1377 239 1424 288 nu
1447 237 1713 288 counroroumus

280 387 416 458 tegetum,
435 385 500 456 quie
516 384 618 440 ideireo
636 384 761 440 relietum
778 385 830 452 est,
848 383 881 436 ut
898 379 1024 436 nundinio
1041 377 1158 436 tiliorum
1176 383 1383 450 exaequaretur.
1413 384 1443 436 et
1459 393 1526 436 sene
1543 377 1614 434 bsee
1631 393 1715 434 eeuss

281 481 338 532 est:
357 492 421 531 nsm
439 489 524 530 oense
540 474 569 530 in
586 473 773 544 praeteritum,
791 485 881 541 poene
898 468 1065 526 infuturum
1083 466 1232 524 eoniertnr.
1720 513 1721 518 ,

225 565 263 624 13
332 566 452 621 Pennus
469 563 538 619 libro
557 564 652 634 quinto
670 561 707 617 sd
725 559 866 617 Sebinum.
893 558 923 615 Si
939 557 1043 616 fundus
1060 560 1141 616 siioui
1152 561 1262 630 legatus
1274 557 1364 628 inerit,
1383 558 1407 614 si
1418 557 1521 629 pupilio
1539 551 1714 641 [ἴω

280 656 325 711 uei
342 652 445 710 furioso
462 653 606 724 peeunism
625 651 756 720 dedisset,
774 650 885 706 uidetur
902 650 1028 720 explesse
1046 648 1233 705 uenditionem
1252 649 1370 704 eumtori
1388 648 1433 704 uel
1450 647 1534 704 tutori
1552 645 1656 702 dendo.

225 745 262 803 14
332 743 504 800 Pouroums
525 741 594 798 libro
618 747 717 797 outeuo
740 741 777 796 ed
795 739 935 796 Sabinum.
970 739 1067 796 ''iitius
1091 740 1116 794 si
1138 741 1245 794 stetues
1262 739 1291 794 in
1308 738 1456 808 munieipio
1473 751 1521 808 pn·
1552 730 1715 801 itm

281 832 386 902 buerit,
405 830 579 903 heresesto'.
607 831 631 886 si
648 835 761 902 purntus
780 836 823 886 est
840 843 956 901 ponere,
974 828 1024 885 sed
1041 829 1118 885 loeus
1137 843 1155 884 s
1171 825 1354 898 municipibus
1372 827 1470 882 sinon
1486 826 1577 896 detur,
1595 822 1713 881 Sabinus

279 923 411 978 Proenlus
429 920 557 976 heredem
576 935 639 977 eum
657 919 716 976 fore
735 919 745 984 ii
763 920 837 975 etin
855 920 948 989 tegete
965 917 1038 974 idern
1057 918 1124 974 iuris
1141 932 1203 973 esse
1221 916 1324 973 dieunt.

224 1012 261 1072 15
333 1011 484 1068 bremme
506 1009 576 1066 libro
597 1010 739 1080 trigesimo
757 1009 869 1078 qnintn¹
888 1007 925 1064 sd
942 1006 1084 1063 Ssbiunm.
1120 1007 1172 1063 Oui
1189 1005 1272 1062 inerit
1289 1005 1341 1062 snb
1358 1005 1411 1062 hee
1428 1004 1519 1061 eondi-
1551 1017 1627 1074 est,
1639 1017 1713 1075 tels

279 1101 358 1156 eone
381 1101 503 1170 regnum
526 1099 557 1154 ‘st
579 1099 607 1154 tn
629 1097 733 1154 samue
754 1095 910 1166 nosmet,
933 1096 1043 1152 uretur
1064 1097 1177 1167 inplete
1194 1095 1320 1152 memoro
1342 1095 1435 1151 soen
1458 1081 1715 1164 aequem

279 1205 361 1260 uuor,
379 1189 507 1260 quemuis
524 1187 645 1245 nondum
663 1187 692 1242 in
710 1186 865 1243 enbienlum
883 1186 974 1241 munti
992 1186 1107 1241 uenerit
1131 1185 1242 1256 nuptins
1259 1186 1332 1242 enim
1350 1200 1405 1241 non
1422 1199 1520 1240 eonon·
1553 1180 1714 1252 nr—ssHuTso

280 1278 363 1347 bitus,
382 1279 432 1334 sed
449 1292 600 1333 eonsensns
617 1275 692 1332 feeit.

224 1368 261 1427 16
334 1367 428 1424 Gsms
445 1365 513 1432 libro
531 1367 620 1437 primo
638 1365 673 1420 de
690 1365 865 1421 testementis
882 1363 918 1420 ed
936 1363 1056 1419 edietum
1074 1363 1216 1434 presteris.
1243 1363 1276 1418 In
1292 1361 1344 1433 his,
1362 1377 1433 1433 ques
1445 1366 1524 1419 extre
1541 1358 1713 1446 Q

279 1460 474 1514 testamentum
492 1456 675 1524 ineurrereut,
693 1459 810 1525 possunt
827 1468 872 1509 res
890 1467 925 1508 ex
942 1451 1016 1508 bono
1033 1457 1062 1508 et
1079 1467 1168 1522 aequo
1185 1452 1438 1522 interpretationem
1456 1467 1569 1522 erpere:
1587 1467 1623 1508 es
1639 1467 1713 1524 nero,

280 1561 351 1617 quse
369 1561 404 1602 ex
421 1547 482 1616 ipso
499 1548 665 1600 testamento
684 1548 838 1613 orerentur,
857 1557 971 1598 neeesse
988 1546 1033 1598 est
1049 1539 1199 1598 seeundum
1217 1540 1330 1610 seripti²
1347 1541 1414 1596 iuris
1431 1543 1564 1598 rationem
1581 1541 1712 1612 expediri

223 1630 262 1690 1‘1
333 1636 410 1690 innsr
433 1633 502 1690 libro
526 1633 648 1689 seeundo
671 1632 706 1688 de
724 1633 823 1702 tegetis
841 1631 877 1687 ed
895 1630 1014 1686 edietum
1033 1630 1176 1702 presteris.
1211 1629 1416 1686 Demonstretio
1433 1626 1520 1684 feise⁸
1538 1625 1713 1714 [Htflesstt

280 1729 331 1793 est,
349 1723 436 1780 ueluti
453 1723 477 1779 si
495 1723 535 1780 ite
552 1722 684 1792 seriptum
702 1721 752 1776 eit:
771 1721 890 1776 'munem
908 1718 1040 1790 Stiohnm,
1060 1733 1141 1790 quem
1160 1717 1195 1774 de
1212 1717 1286 1774 Titio
1304 1717 1366 1772 emi'
1386 1716 1506 1774 ‘inndum
1518 1719 1713 1790 iuseulnnnm,

262 1831 263 1834 ¹
281 1813 335 1884 'qui
353 1813 419 1868 mihi
436 1829 454 1868 s
471 1811 535 1868 Seio
553 1811 671 1868 donatus
689 1809 748 1866 est'.
777 1825 839 1865 nem
859 1810 883 1864 si
900 1813 1017 1879 eonstet,
1036 1807 1071 1863 de
1090 1823 1145 1878 qno
1157 1807 1274 1878 bomine,
1292 1807 1328 1862 de
1340 1822 1395 1878 quo
1406 1806 1492 1864 tuneo
1504 1810 1622 1864 senserit
1631 1815 1714 1865 teste-

279 1907 336 1974 tor,
355 1902 392 1958 ed
408 1917 466 1958 rem
484 1917 539 1958 non
557 1900 688 1972 pertinet,
707 1899 781 1968 siis,
799 1913 881 1968 quem
900 1899 1018 1954 emisse⁴
1035 1895 1209 1966 signitiesnit,
1228 1896 1346 1952 denetus
1364 1902 1446 1968 esset,
1464 1904 1513 1954 snt
1530 1913 1613 1968 quem
1631 1898 1714 1956 done

247 1995 260 2040 1
279 1997 338 2048 tum
357 1991 410 2047 sibi
428 2005 490 2047 esse
508 1987 726 2060 eignifloeuernt,
750 1989 854 2044 emerit.
891 1987 979 2057 igitur
996 1989 1025 2042 et
1042 1987 1065 2042 si
1084 1986 1123 2040 ite
1140 1999 1237 2041 seruus
1256 1985 1363 2056 legetur
1381 1988 1431 2042 sit:
1453 1985 1583 2044 'Stiehum
1602 1987 1714 2059 euenm',

280 2079 410 2137 'Stiehum
429 2085 548 2136 sutorem
566 2079 640 2134 titio
659 2077 737 2148 iego',
759 2077 825 2132 lieet
842 2091 931 2146 neque
950 2091 1033 2131 eoeus
1051 2089 1140 2146 nsque
1158 2079 1235 2130 sutor
1252 2076 1301 2145 sit,
1325 2075 1361 2130 sd
1378 2077 1540 2146 legatarium
1557 2076 1714 2148 pertinebit,

280 2171 304 2226 si
324 2169 360 2225 de
377 2183 411 2226 eo
429 2169 549 2224 sensisse
567 2171 727 2223 testatorem
746 2167 906 2222 eenneniet:
929 2181 993 2220 uem
1011 2168 1041 2220 et
1057 2165 1081 2219 si
1099 2165 1127 2220 in
1145 2179 1264 2234 persone
1281 2165 1406 2234 tegeterii
1423 2165 1595 2236 designanda
1612 2166 1717 2238 sliqnid

280 2263 398 2315 errstnm
417 2255 507 2336 inerit,
526 2259 635 2312 montet
652 2261 753 2324 sutem,
772 2255 816 2310 eui
834 2255 927 2326 legure
945 2253 1070 2324 notuerit,
1089 2253 1201 2324 perinde
1219 2255 1294 2310 uniet
1311 2255 1433 2324 legatum
1452 2271 1484 2310 se
1502 2255 1629 2312 tinnitus
1640 2271 1716 2312 error

247 2351 262 2397 i
280 2347 464 2404 interueniret.
492 2344 571 2412 Quod
589 2350 682 2400 sutem
700 2345 767 2406 iuris
784 2349 827 2399 est
839 2343 867 2398 in
880 2341 950 2399 ielsn
962 2343 1203 2413 demonstratione,
1222 2343 1274 2399 hoo
1286 2345 1330 2400 nei
1343 2345 1432 2415 nugis
1445 2347 1527 2401 estin
1539 2344 1611 2402 inisn
1621 2361 1717 2416 enm

281 2437 366 2492 ueluti
388 2436 429 2492 its
445 2435 526 2490 'Titio
551 2432 665 2490 fundum
690 2433 741 2504 de,
765 2433 830 2504 quin
852 2431 963 2502 negotis
986 2446 1048 2488 mes
1068 2431 1191 2502 enrsnit',
1215 2433 1281 2488 item
1300 2431 1420 2490 ‘tendum
1439 2435 1528 2491 Titius
1545 2433 1619 2491 filins
1637 2451 1715 2492 mens

282 2525 447 2596 ‘praeeipitu
465 2524 530 2595 qniu
547 2521 632 2580 freter
649 2523 708 2578 eius
725 2523 786 2594 ipse
803 2538 838 2578 er
856 2537 921 2577 eron
938 2525 982 2578 tot
998 2535 1096 2576 numos
1114 2521 1252 2592 sumpsit:
1271 2523 1336 2578 lieet
1353 2524 1426 2580 euim
1443 2523 1528 2580 freter
1538 2523 1621 2582 huius
1632 2541 1714 2596 peen-

249 2617 354 2672 eniem
377 2630 412 2670 ex
436 2629 501 2670 eros
522 2628 576 2670 nou
602 2611 734 2684 sumpsit,
755 2611 822 2667 utile
844 2611 965 2680 tegetum
988 2615 1040 2666 est.
1076 2609 1115 2666 st
1135 2610 1159 2666 si
1177 2611 1400 2668 eondieionuliter
1416 2599 1549 2684 ooneepts
1566 2616 1605 2670 sit
1621 2631 1711 2686 osnes

281 2704 367 2760 ueluti
384 2703 437 2760 hoe
455 2701 551 2758 modo:
571 2701 666 2771 Titio,
685 2701 709 2756 si
726 2701 839 2772 negotis
856 2715 920 2756 meu
937 2700 1052 2770 onrsnit,
1070 2697 1184 2756 fundum
1203 2700 1260 2756 do':
1280 2701 1377 2758 'Titius
1394 2700 1466 2758 tilius
1484 2718 1570 2773 meus,
1589 2704 1613 2759 si
1630 2703 1712 2760 freter

282 2793 349 2850 'eius
366 2797 476 2848 eentum
495 2807 530 2847 ex
548 2807 613 2848 uren
629 2790 755 2861 sumpsit,
777 2788 891 2845 iundnm
909 2788 1076 2860 prseoipito‘,
1094 2790 1135 2844 ite
1151 2790 1218 2845 utiie
1236 2791 1288 2846 erit
1304 2792 1434 2864 tegetum,
1453 2793 1477 2848 si
1495 2799 1524 2848 et
1541 2793 1586 2848 iile
1603 2794 1711 2864 negetis

249 2888 265 2935 4
282 2883 390 2938 eursuit
406 2886 435 2937 et
452 2880 532 2937 huius
550 2879 634 2938 irster
652 2885 761 2935 eentum
780 2894 815 2934 ex
833 2893 898 2934 eree
915 2879 1040 2949 sumpsit
1067 2878 1146 2944 Quod
1164 2879 1251 2936 sieui
1268 2881 1296 2936 in
1314 2881 1366 2938 hoe
1383 2883 1504 2952 legatum
1523 2883 1567 2953 sit,
1585 2889 1618 2940 ut
1635 2897 1670 2940 ex
1681 2898 1710 2940 eo

282 2971 384 3042 sliqnid
401 2969 513 3041 ieoeret,
531 2971 617 3028 ueluti
634 2973 839 3024 monumentum
857 2969 983 3024 testeteri
1001 2968 1045 3023 nei
1057 2985 1127 3040 opus
1141 2974 1190 3026 snt
1202 2971 1312 3042 epulum
1326 2970 1509 3042 mnnieipibus
1520 2970 1652 3044 ineerett,
1670 2975 1711 3030 nel

282 3076 317 3117 ex
334 3076 368 3116 eo
386 3066 418 3116 ut
434 3064 541 3131 purtem
560 3059 606 3114 eiii
623 3059 794 3114 restitueret:
813 3057 865 3113 snb
883 3057 965 3114 modo
982 3059 1104 3128 regemn
1122 3059 1240 3116 uidetur.

227 3143 265 3204 18
334 3150 412 3206 Innu
428 3149 497 3206 libro
515 3153 614 3206 oetnno
632 3147 739 3203 deoimo
758 3146 793 3202 ed
812 3145 932 3202 edietum
952 3147 1126 3218 prouinoiule.
1162 3150 1203 3218 Is,
1227 3149 1271 3204 eni
1290 3147 1342 3204 snb
1361 3149 1520 3206 eondieione
1539 3147 1711 3234 [ess‘sJsessse

282 3254 337 3295 non
353 3237 472 3295 foetenti
490 3237 591 3310 aequm
610 3237 733 3293 retrosum
752 3241 804 3306 est,
825 3237 851 3291 er
869 3237 974 3292 sereser
991 3251 1090 3292 nuere
1107 3237 1191 3294 nense
1207 3239 1334 3294 unnim
1351 3239 1486 3309 streone,
1504 3239 1540 3296 ae
1554 3227 1712 3310 ffirffi

282 3328 363 3398 oiuili,
382 3326 525 3383 definiente
544 3325 713 3396 eondieinne,
731 3325 783 3381 hoe
800 3325 922 3395 tegetum
940 3341 1009 3382 enne
1026 3325 1165 3382 hereditus
1183 3328 1319 3398 pertinere
1336 3333 1436 3398 potest

173 3489 176 3496 y
227 3413 265 3472 19
336 3417 486 3474 Unsrsrsus
502 3415 572 3474 libro
590 3415 686 3486 quinto
704 3415 929 3486 disputetionum.
958 3415 989 3470 In
1007 3415 1214 3472 oondtoionibns
1232 3417 1348 3487 primum
1367 3419 1456 3474 ioenm
1468 3413 1522 3474 'ue-
1540 3415 1713 3501 [it—[sisti

282 3507 373 3562 iuntss
391 3503 514 3562 defuneti
531 3506 639 3578 optinet
656 3519 743 3576 esque
761 3505 834 3576 regit
851 3504 1034 3562 eondieinnes.
1062 3505 1180 3576 denique
1198 3511 1227 3562 et
1244 3507 1272 3563 iu
1290 3521 1324 3562 ee
1342 3507 1502 3564 eondieione
1520 3495 1714 3565 ‘estilffi

283 3595 351 3652 'enm
371 3595 444 3656 Titio
468 3600 554 3667 nupts
574 3593 633 3650 erit'
654 3594 758 3664 pleeuit
779 3609 834 3649 non
853 3609 961 3665 semper
978 3596 1074 3652 mertis
1091 3601 1201 3666 tempus
1218 3593 1374 3664 obseruari,
1398 3596 1447 3651 sed
1465 3597 1607 3654 uoluntate
1625 3603 1714 3669 petro·

248 3691 263 3744 .1
283 3687 391 3741 oinnute
411 3685 516 3741 tordius
533 3683 656 3756 produei.
684 3683 760 3739 Heeo
778 3683 914 3754 scripture
930 3683 961 3739 'si
979 3685 1087 3741 Primus
1104 3684 1184 3740 heres
1202 3685 1261 3755 erit,
1280 3683 1395 3740 damnes
1413 3689 1473 3742 esto
1491 3685 1566 3742 dere'
1583 3703 1634 3758 pro
1653 3703 1714 3744 oon·

283 3774 391 3830 dicione
412 3789 466 3830 non
485 3779 528 3830 est
545 3771 719 3844 reeipiendus:
741 3773 830 3842 msgis
848 3773 920 3828 enim
939 3773 1138 3830 demonstrauit
1154 3777 1283 3844 testetur,
1306 3774 1417 3844 quaudo
1434 3775 1556 3844 tegetum
1574 3775 1714 3848 debentur,

283 3879 366 3934 quem
389 3863 575 3920 eondioionsm
600 3862 728 3918 inseruit:
752 3862 804 3917 nisi
822 3860 892 3918 forte
910 3862 962 3918 hoo
980 3863 1071 3919 suimo
1089 3861 1180 3920 snerst
1196 3867 1325 3932 testetur,
1349 3867 1381 3918 ut
1397 3862 1501 3920 teneret
1518 3866 1714 3923 eondieinnem.

283 3953 396 4023 proinde
419 3969 470 4008 neo
492 3953 558 4010 ssiud
582 3951 728 4008 dicendum
753 3953 805 4008 erit
827 3950 918 4008 isesre
942 3953 1143 4009 eondieinnem:
1163 3952 1302 4024 ‘quidquid
1319 3952 1384 4008 mihi
1402 3952 1505 4023 Ephesi
1523 3960 1632 4025 oportet
1649 3957 1715 4027 deri,

284 4041 343 4098 boo
361 4042 397 4097 do
415 4041 494 4112 lego'.
522 4040 571 4098 sed
590 4043 613 4096 si
632 4041 672 4096 sio
690 4042 777 4111 leget:
796 4040 828 4097 ‘si
846 4041 952 4097 Primus
971 4041 1037 4098 mihi
1050 4043 1130 4098 teres
1141 4057 1196 4098 non
1209 4043 1268 4114 erit,
1287 4041 1401 4097 damnes
1413 4047 1473 4098 esto
1485 4041 1631 4100 Seenndns
1643 4045 1714 4102 dere'

284 4137 313 4186 et
329 4131 436 4186 Primus
454 4131 533 4186 heres
551 4131 664 4199 exstitit,
683 4131 805 4200 tegetum
823 4146 878 4188 nou
896 4129 1052 4186 debebitur:
1071 4132 1112 4186 ⁷si
1130 4131 1237 4186 Primus
1255 4131 1354 4188 sdisrit
1370 4147 1432 4188 eum
1448 4131 1584 4204 seeundo,
1601 4150 1659 4190 nou
1670 4149 1715 4190 ex·

251 4221 386 4276 estitisse
413 4219 599 4275 uenditionem
624 4233 796 4290 nequeqnem
820 4218 1012 4290 ambigendum
1037 4225 1089 4276 est.
1126 4219 1155 4276 Si
1178 4226 1310 4292 petronus
1332 4227 1427 4277 eones
1449 4221 1558 4278 tubulus
1581 4221 1715 4280 bonorum

283 4309 457 4382 possessione
476 4313 591 4378 seeepts
608 4306 729 4364 debiturn
747 4309 900 4380 portionem
914 4315 1039 4382 ooeupet,
1057 4311 1150 4386 tegete
1161 4325 1233 4380 quse
1245 4311 1285 4366 sio
1296 4310 1364 4366 dete
1374 4317 1439 4366 sunt
1450 4311 1481 4366 'si
1493 4316 1626 4382 petronus
1637 4313 1716 4370 heres

283 4415 524 4486 Hunnorum)

284 4576 452 4647 ¹trigesimo
471 4581 549 4632 sexto
568 4579 583 4630 1.
594 4597 660 4662 pem.
720 4577 837 4632 ¹strieti
855 4597 911 4632 eum
925 4579 950 4633 Β
963 4581 998 4644 (o.
1012 4578 1059 4646 t.)?
1116 4579 1262 4649 ⁸pronon
1275 4578 1377 4650 seripte
1390 4587 1436 4634 tm.
1492 4581 1553 4634 ‘se
1572 4580 1715 4648 tnefflnt)

283 4647 417 4702 ‘feneret
434 4649 480 4702 det
551 4649 605 4702 ‘sr
623 4649 669 4702 det.
740 4650 853 4720 'igitur
871 4657 919 4704 ine.

283 4809 300 4866 2
318 4823 381 4864 num
399 4813 488 4878 *quse*
507 4823 591 4893 oense
607 4809 653 4874 Ρ,
671 4823 790 4879 nemque
809 4824 894 4866 osnes
908 4807 970 4864 WD
1027 4809 1062 4865 ib
1079 4809 1115 4864 de
1132 4828 1180 4864 om.
1193 4809 1229 4863 Ρ
1246 4811 1251 4877 Ι
1265 4809 1409 4881 presteris]
1422 4809 1556 4936 gusteris
1567 4809 1667 4867 urbsni
1679 4811 1717 4865 Ρ

284 4879 411 4944 BQIOK·
456 4879 535 4935 iud
555 4879 737 4950 munieipibns
756 4881 792 4934 F‘
842 4883 877 4937 13
895 4879 971 4936 ee‘m'
1027 4883 1071 4955 (eſs
1084 4881 1172 4944 ad23.
1184 4882 1209 4946 3,
1221 4882 1267 4947 54)
1305 4883 1338 4937 19
1349 4881 1420 4952 signi
1441 4882 1594 4938 ueneritF¹
1629 4883 1715 4938 idiu-

283 4965 349 5006 nere
366 4952 404 5006 1⁴⁴²
457 4951 492 5006 14
516 4951 666 5007 seeundum
689 4953 784 5022 seripti
806 4953 873 5008 iuris
890 4953 993 5008 rstio·'
1026 4951 1208 5008 terueni‘e'ret
1219 4951 1256 5006 F‘
1299 4953 1335 5008 st
1353 4953 1377 5009 si
1390 4957 1523 5024 petronus
1586 4956 1714 5028 p.lssb‚l

283 5023 356 5094 uem]
375 5022 437 5077 sert
456 5022 504 5077 rire
522 5021 652 5095 irpiesrss
675 5023 723 5086 τοῨ
745 5023 830 5088 unser
847 5025 874 5080 B
891 5023 973 5098 (Rp.)
1025 5028 1166 5095 pressure
1184 5044 1232 5079 om.
1246 5025 1290 5091 F',
1306 5033 1408 5080 enimi
1425 5025 1452 5080 Β
1469 5025 1550 5097 (rip.)
