3584 5454
265 249 445 318 xxxxvll
466 249 487 316 2
507 253 623 312 55—57
945 241 1032 322 752
1661 263 1703 312 nu

266 423 426 479 responsum
446 411 497 462 est.
531 420 566 460 ex
584 419 639 475 quo
657 405 725 460 satis
744 409 859 476 apparet
876 402 979 460 lurtum
996 402 1056 460 lieri
1074 407 1103 458 et
1120 402 1144 458 si
1163 402 1224 472 quie
1242 417 1321 458 usum
1341 403 1448 458 alienae
1466 403 1508 458 rei
1526 403 1555 458 in
1574 417 1653 458 sunm
1669 403 1703 458 lu·

266 511 342 552 erum
362 497 513 551 souuertst
545 508 596 548 uer
614 508 726 550 mouere
744 509 826 564 quem
845 492 942 562 debet,
961 493 1041 562 quasi
1058 490 1124 546 nibil
1141 491 1210 548 lueri
1228 491 1271 548 sui
1288 493 1379 561 gretia
1396 491 1495 548 faeiat:
1514 492 1622 561 species
1639 491 1704 546 euim

266 584 335 640 lueri
357 587 401 640 est
424 599 458 638 ex
482 582 572 638 alieno
596 583 690 652 largiri
708 587 737 638 et
753 581 880 638 benefitii
899 581 1052 637 debitorem
1070 579 1123 636 sibi
1141 579 1294 649 adquirere.
1327 579 1401 636 undo
1418 584 1449 635 et
1466 581 1491 636 is
1510 578 1579 636 furti
1596 585 1705 648 tenetur,

234 673 314 744 equi
332 672 396 728 ideo
415 687 472 728 rem
491 677 611 739 smouot,
630 677 662 728 ut
679 687 740 728 eam
759 673 806 728 alii
823 672 916 728 donet.
945 671 1046 726 Furem
1064 668 1184 724 interdiu
1201 667 1403 738 deprehensum
1422 684 1478 724 uon
1494 669 1578 724 aliter
1588 667 1706 724 enuidens

267 762 312 818 lex
336 759 481 816 duodecim
505 759 661 816 tabularum
685 761 824 833 permisit,
848 775 930 829 quam
956 759 980 814 si
1003 759 1058 814 tolo
1081 773 1112 814 se
1129 755 1269 814 detondet.
1301 758 1350 812 teli
1367 762 1461 813 autem
1480 757 1666 828 appellatione
1681 762 1730 811 etl

234 859 249 904 u
268 849 369 906 lenum
387 854 416 904 et
434 847 515 904 iustis
534 848 545 917 l
565 854 593 904 et
609 849 680 919 lepis
694 855 724 906 et
735 849 854 922 denique
866 861 956 918 omne,
974 846 1049 916 quod
1061 845 1276 902 nouendioausa
1288 845 1412 916 babetur,
1431 845 1616 916 significatur.
1643 845 1705 901 Gun
1719 842 1784 896 rut'

268 938 334 994 lusti
358 938 430 994 aetio
450 937 486 992 sd
504 951 610 1007 poenae
628 939 847 1008 persecutionem
866 937 1015 1008 pertineat,
1040 935 1185 1010 eoudiotio,
1196 950 1263 992 uero
1280 938 1310 990 et
1326 935 1477 992 uindiontio
1496 935 1534 990 ad
1553 936 1594 990 rei
1611 935 1706 1004 reeipe

268 1028 417 1097 rationem,
436 1029 552 1096 apparot
570 1031 682 1096 reoepts
699 1041 729 1082 re
747 1025 830 1082 nibllo
849 1026 940 1082 minus
958 1025 1063 1080 eduam
1082 1039 1144 1080 esso
1162 1022 1228 1080 furti
1246 1025 1392 1093 sotionem,
1410 1023 1629 1080 uindicationem
1647 1037 1706 1078 uero

268 1121 298 1172 et
315 1115 515 1172 onudietionem
534 1115 607 1170 tolli:
626 1115 698 1170 siout
716 1129 751 1170 ex
769 1113 880 1170 diuerso
898 1119 962 1184 pest
979 1115 1098 1170 solutmu
1117 1113 1193 1184 dupli
1211 1117 1261 1170 aut
1277 1111 1423 1182 quadrupli
1440 1127 1563 1182 poenam
1582 1113 1707 1168 sdussst

234 1211 251 1258 4
269 1203 418 1261 niudioatio
442 1206 472 1258 st
493 1202 640 1260 eondiotio.
677 1202 730 1270 Qui
747 1201 913 1260 ferramento
929 1203 1021 1259 seieus
1039 1201 1255 1259 eommodanerit
1272 1202 1309 1258 ad
1326 1201 1531 1270 effringendum
1549 1202 1651 1258 orbum
1668 1201 1707 1258 uel
1720 1208 1740 1248 ιι

269 1293 431 1362 usuarium,
454 1291 499 1348 uel
522 1291 624 1348 sesiam
643 1291 734 1348 selene
752 1291 969 1348 eommodauerit
986 1291 1023 1347 ad
1041 1289 1260 1348 retrudendum:
1283 1291 1469 1346 lieet-nullum
1488 1291 1553 1347 eins
1571 1291 1707 1348 sonnium

237 1381 455 1454 sprinoipaliter
478 1379 514 1436 ad
537 1377 640 1436 iurtm
658 1378 814 1436 leniendum
832 1380 1023 1450 iuterususrit,
1046 1385 1140 1436 tamen
1159 1378 1224 1436 furti
1241 1379 1349 1436 untione
1367 1384 1486 1435 tenetur.
1525 1378 1556 1436 si
1574 1385 1650 1438 tutor
1666 1379 1707 1450 qni

269 1471 382 1542 negotia
399 1470 472 1540 gerit
489 1473 537 1525 aut
554 1475 664 1524 eurstor
681 1469 848 1538 trsueegorit
866 1485 928 1526 oum
946 1467 1016 1539 iure,
1034 1468 1176 1524 ousueseit
1192 1466 1258 1524 furti
1276 1469 1357 1524 sedo.

5 1619 15 1632 ,
132 1557 171 1618 56
186 1553 251 1635 (55)
295 1599 298 1606 -
323 1559 474 1616 Uurrruus
496 1557 565 1614 libro
590 1557 671 1614 tertio
694 1557 922 1629 disputationum.
959 1557 1028 1614 (lum
1053 1557 1172 1613 creditor
1193 1571 1251 1612 reru
1270 1556 1322 1612 ribi
1339 1556 1516 1628 pigneratum
1536 1552 1733 1642 Qut

270 1647 368 1718 aufert,
387 1661 443 1704 uou
460 1646 570 1702 uidetur
587 1651 768 1716 mnusnurn,
786 1645 836 1702 sed
854 1646 963 1718 pignori
981 1663 1032 1702 suo
1049 1645 1217 1702 incumbere.
1718 1653 1738 1694 u

132 1734 171 1796 57
185 1731 250 1812 (56)
323 1739 464 1794 luursuus
482 1733 551 1790 libro
569 1735 720 1792 uieeusimo
738 1735 860 1792 seeundo
872 1735 1051 1806 digestorum.
1078 1734 1219 1790 Interdum
1231 1732 1371 1790 lutetiam
1384 1739 1516 1790 manente
1534 1730 1733 1818 [Qu

270 1841 375 1899 poenae
393 1824 560 1894 obligatione
578 1825 606 1879 iu
625 1823 789 1894 quibusdam
808 1823 934 1880 essibus¹
952 1839 1047 1880 rursus
1065 1822 1212 1894 obligatur,
1230 1829 1341 1880 utrum
1360 1838 1394 1878 eo
1409 1824 1524 1893 saepius
1536 1825 1659 1882 eiusdem
1671 1825 1704 1880 rei

270 1915 380 1972 nomine
397 1913 464 1968 lurti
481 1915 526 1984 agi
544 1914 640 1984 possit.
672 1915 777 1984 primus
794 1928 876 1970 ossus
895 1913 1026 1983 ooourrit,
1045 1913 1068 1968 si
1087 1912 1271 1983 possessionis
1288 1927 1374 1968 nausa
1391 1917 1500 1968 mutate
1518 1918 1608 1984 emet,
1627 1913 1704 1970 ueluti

270 2005 294 2060 si
311 2019 356 2060 res
374 2005 402 2060 iu
420 2002 524 2058 domiui
541 2007 706 2074 potestatem
725 2002 842 2058 redisset
858 2003 1029 2072 eandemque
1047 2001 1120 2057 idem
1139 2001 1292 2071 subriperet
1310 2001 1355 2056 uel
1373 2000 1463 2056 eidem
1484 2001 1598 2058 domino
1617 2003 1660 2058 uel
1675 2003 1704 2070 ei,

270 2093 315 2150 oni
333 2093 356 2149 is
375 2091 578 2148 eommodssset
595 2095 644 2148 ant
661 2091 840 2148 uendidisset
873 2091 922 2147 sed
940 2091 1010 2147 etsi
1027 2105 1146 2160 persona
1163 2090 1266 2148 domiui
1284 2092 1391 2144 mutuus
1407 2095 1497 2160 esset,
1517 2091 1606 2146 altera
1622 2105 1704 2161 poena
1716 2097 1737 2138 lt

238 2187 252 2232 1
271 2181 416 2251 obligatur.
453 2179 505 2246 Qui
523 2179 610 2236 iurem
628 2179 741 2236 dedunit
758 2179 795 2236 ad
812 2179 982 2250 praesertum
1001 2179 1131 2250 uigilibus
1149 2180 1195 2234 uel
1212 2179 1248 2256 ad
1266 2177 1430 2248 praesidem,
1449 2179 1651 2236 existimandus
1667 2183 1704 2234 est

271 2271 388 2341 elegisse
406 2269 488 2340 niem,
507 2285 563 2340 qna
580 2284 636 2324 rem
655 2275 878 2340 persequeretur:
896 2274 926 2326 et
943 2269 967 2324 si
985 2269 1125 2338 negotium
1144 2267 1182 2323 ibi
1199 2267 1374 2324 terminatum
1393 2272 1423 2322 et
1441 2265 1576 2324 damusto
1594 2267 1653 2324 iure
1668 2283 1702 2322 re

271 2365 352 2432 eepts
370 2363 413 2414 est
430 2359 548 2428 peeuuia
565 2356 675 2414 sublata
692 2357 720 2412 iu
738 2357 893 2428 simpluml,
911 2357 1021 2413 uidetur
1038 2355 1103 2412 furti
1121 2357 1248 2427 quaestio
1266 2354 1389 2426 sublata,
1411 2357 1535 2412 maxime
1554 2357 1578 2412 si
1596 2372 1649 2412 uon
1666 2372 1702 2412 so

270 2450 326 2504 lum
345 2462 402 2503 rem
420 2445 550 2502 furtiuum
569 2444 614 2502 lur
631 2445 776 2502 restituere
794 2447 886 2519 iussus
898 2445 989 2516 fuerit,
1008 2445 1058 2502 sed
1070 2446 1187 2516 amplius
1200 2443 1302 2515 aliquid
1314 2444 1341 2500 iu
1354 2459 1417 2500 eum
1431 2445 1517 2502 iudex
1531 2446 1702 2502 nonseuuit

270 2537 321 2594 sed
339 2537 409 2592 etsi
427 2535 492 2591 nibil
510 2536 627 2606 emplius
645 2549 728 2606 quam
746 2533 875 2592 furtiuum
894 2551 951 2590 rem
970 2542 1102 2590 rutulum
1121 2537 1308 2606 tmursnsru,
1328 2535 1398 2604 ipso,
1416 2535 1493 2604 quod
1512 2535 1542 2590 iu
1561 2521 1700 2606 perieulum
1715 2539 1735 2582 tl

238 2633 253 2678 e
271 2625 382 2682 maioris
405 2637 513 2694 pnense
535 2622 671 2678 deduotns
689 2627 733 2678 eet
750 2621 806 2694 iur,
831 2624 1045 2694 intellegendum
1063 2629 1107 2680 ont
1124 2623 1312 2692 quaestionem
1331 2621 1397 2679 furti
1415 2623 1557 2681 sublatam
1576 2639 1645 2680 esse
1677 2622 1701 2678 si

249 2707 251 2710 ’
270 2729 315 2770 res
332 2712 479 2785 pesuliaris
496 2709 627 2781 subrepta
644 2712 673 2766 iu
691 2715 857 2782 potestatem
876 2713 950 2770 serui
968 2712 1087 2781 redierit,
1106 2711 1222 2768 soluitur
1238 2710 1304 2768 furti
1319 2711 1417 2768 uitium
1430 2717 1461 2768 et
1471 2713 1572 2784 incipit
1582 2713 1634 2770 boe
1644 2727 1700 2768 nasu

238 2804 299 2860 eiu
321 2801 429 2874 psoulio
453 2815 515 2856 esse
537 2805 566 2855 et
585 2815 603 2854 a
620 2799 731 2857 domiuo
748 2801 892 2872 possideri.
929 2803 998 2858 (lum
1016 2806 1108 2857 sutem
1128 2815 1227 2856 seruus
1242 2815 1299 2856 rem
1318 2815 1397 2856 suam
1415 2803 1588 2872 peculiarem
1606 2801 1699 2858 lurmdi

271 2891 384 2948 oonsilio
402 2895 521 2958 amnust,
539 2887 670 2958 quamdiu
688 2905 749 2946 eam
768 2890 875 2961 retinet,
894 2891 1019 2946 eoudioio
1032 2889 1092 2948 eius
1104 2903 1159 2946 non
1170 2893 1293 2946 mutatur
1304 2889 1382 2957 (nibil
1394 2891 1468 2946 euim
1482 2892 1596 2950 domino
1608 2891 1699 2956 abestl:

238 2986 253 3032 4
271 2980 321 3038 sed
338 2980 363 3036 si
381 2979 432 3034 alii
443 2977 594 3048 tradiderit,
613 2975 716 3034 tirrtum
734 2977 825 3035 leniet.
854 2979 906 3046 Qui
924 2980 1038 3036 tutelam
1056 2979 1136 3049 gerit,
1154 2980 1307 3050 transigere
1326 2995 1388 3036 oum
1406 2978 1469 3036 iure
1487 2985 1629 3052 polestst,
1646 2980 1729 3036 siirll

270 3071 435 3141 potestatem
455 3081 533 3122 susm
551 3065 690 3136 redegerit
706 3081 764 3124 rem
782 3067 925 3141 lunium,
950 3069 1052 3125 desiuit
1067 3067 1169 3124 urens
1186 3082 1263 3139 esse,
1285 3067 1353 3138 quia
1369 3072 1447 3126 tutor
1463 3069 1571 3126 domiui
1587 3071 1646 3126 loeo
1661 3067 1698 3123 hs·

270 3157 360 3216 betur.
393 3157 494 3213 sedet
516 3155 764 3212 eireaeuratorem
788 3155 884 3214 inriod
907 3157 1003 3214 eadem
1027 3156 1145 3213 dioeuda
1166 3161 1244 3230 sunt,
1272 3157 1320 3227 qni
1342 3157 1413 3212 adeo
1435 3173 1587 3228 personum
1610 3155 1697 3213 domini

271 3249 397 3317 sustinet,
414 3251 447 3302 ut
464 3244 548 3300 etiem
565 3243 699 3301 tradendo
718 3259 774 3301 rem
792 3245 888 3304 furiosi
902 3247 1023 3304 uliensre
1034 3246 1214 3302 existimetur.
1245 3245 1390 3302 eondieere
1402 3252 1498 3304 autem
1512 3263 1571 3304 reru
1583 3246 1697 3303 furtim

238 3337 362 3393 tintor¹
380 3339 409 3390 et
426 3337 535 3390 ourstor
553 3331 648 3389 furiosi
666 3347 759 3390 eorum
778 3335 889 3392 nomine
906 3339 1032 3406 possunt.
1059 3335 1087 3390 Si
1106 3334 1161 3392 duo
1179 3335 1254 3390 serui
1270 3335 1311 3390 tui
1327 3340 1436 3390 uestem
1449 3341 1479 3391 et
1490 3343 1635 3407 argeutum
1645 3332 1696 3390 rub

271 3425 404 3496 ripueriut
421 3427 450 3478 et
468 3423 579 3478 alterius
596 3422 706 3478 nomine
724 3427 817 3480 meum
835 3423 871 3479 de
887 3429 967 3480 ueste
985 3429 1077 3480 aetum
1095 3421 1186 3492 fuerit,
1205 3423 1317 3479 alterius
1329 3423 1365 3479 de
1377 3430 1495 3496 argento
1507 3431 1620 3497 agatur:
1636 3422 1696 3480 nnls
1708 3427 1726 3469 lt

272 3513 398 3584 exeeptis
416 3511 476 3568 dari
494 3511 607 3569 debebit
624 3511 661 3570 ob
679 3527 740 3568 earu
758 3527 826 3584 rem,
843 3513 918 3583 quod
937 3513 991 3569 iam
1010 3513 1045 3570 do
1063 3518 1141 3570 ueste
1159 3519 1250 3569 sotum
1270 3511 1360 3569 luerit.

271 3618 464 3690 samoe)

272 3761 329 3816 ¹iu
347 3759 513 3832 quibusdam
530 3759 641 3817 nasibus
658 3761 705 3816 det.
811 3763 872 3818 ¹st
888 3762 1019 3818 damnato
1043 3761 1102 3818 lure
1125 3777 1169 3818 res
1192 3767 1304 3833 roeepto
1328 3768 1373 3818 est
1394 3764 1554 3834 peouuiaue
1575 3763 1661 3822 ablata
1674 3761 1696 3816 in

271 3833 399 3904 simplum
417 3837 452 3899 (n.
465 3833 515 3900 lu?
585 3831 710 3904 ⁸pupilli
728 3841 776 3888 ins.

272 3971 400 4030 lfurtllm
410 3972 468 4028 fieri
477 3973 539 4028 etei
548 3972 699 4043 quieturum
709 3974 963 4041 alienissimorum
1017 3973 1186 4030 bruscteuroc
1204 3976 1251 4037 τοῨ
1274 3973 1386 4038 ulerunt
1409 3975 1582 4050 &autmutari
1601 3977 1630 4032 τὶ
1648 3987 1697 4032 ult·

272 4045 312 4100 rei
333 4045 361 4100 in
382 4060 462 4100 mum
486 4044 592 4100 luorum
616 4046 768 4115 tonuerint]
794 4045 963 4112 FXYMOO,
1016 4045 1098 4101 neura
1121 4046 1266 4118 npdrusrs,
1290 4049 1364 4101 borrei
1386 4047 1426 4103 sic
1439 4048 1481 4103 vrb
1504 4048 1605 4112 ἆιιλοῨκ
1629 4047 1699 4102 r'srr'u

271 4114 374 4171 furuum
396 4115 455 4172 fieri
479 4117 503 4171 si
527 4115 588 4184 quis
611 4131 690 4172 usum
713 4132 768 4172 unu
791 4132 859 4172 suae
877 4117 917 4172 rei
934 4117 963 4172 in
1017 4118 1115 4172 alonte
1139 4117 1244 4172 zrlrscrc
1267 4119 1452 4188 serenasixeu
1475 4120 1526 4174 BS
1545 4123 1646 4188 (Dan),
1667 4119 1699 4174 sal

272 4188 390 4244 alienum
409 4188 513 4242 luorum
532 4192 676 4243 oonuertat
694 4189 778 4244 Petu:
802 4187 839 4243 ὅτι
863 4187 961 4244 utentia
1017 4188 1248 4244 sursonsscetnrnc
1271 4187 1352 4250 ιῩιοῩ
1376 4191 1442 4260 baille
1467 4191 1500 4246 τὸ
1525 4193 1621 4248 musa
1645 4189 1700 4245 ιἰτὸ
1765 4243 1766 4246 ,

272 4259 415 4314 nluaaslei
433 4259 472 4312 sei
486 4257 712 4330 uaissrrcxpricru
726 4258 962 4330 aduuuilllorpior
1015 4259 1249 4330 duloiairtrepoa
1263 4260 1309 4322 cru
1323 4259 1573 4330 siroicBMnon.)
1615 4260 1700 4320 25180

272 4349 290 4384 n
306 4329 420 4394 truoroc
451 4329 489 4384 sic
515 4329 582 4384 illus
610 4329 704 4400 abptnc
732 4331 885 4402 nspsrptuer
913 4331 964 4385 Bu
1016 4335 1046 4386 et
1063 4331 1087 4386 ti
1104 4330 1178 4386 nihil·
1188 4331 1304 4401 amplius
1322 4347 1404 4400 quam
1417 4330 1554 4390 furtiuum
1567 4333 1701 4390 remsted-

273 4350 364 4468 (bor.)
411 4403 527 4470 2quem
547 4401 738 4456 mouerePetr.
756 4403 760 4469 Ι
776 4401 866 4471 qussi]
884 4401 963 4472 quasi
1016 4406 1094 4456 tuere
1111 4402 1203 4458 iussus
1217 4401 1300 4457 inerit
1316 4405 1360 4467 (on
1373 4405 1531 4472 tunimo)
1548 4401 1703 4476 ipsnlxl'd

272 4473 297 4527 is
316 4471 570 4526 F’XYMOOPstr.
586 4473 591 4538 Ι
607 4471 673 4526 uihil
689 4473 737 4536 (uil
749 4471 817 4539 ΜΟ)
834 4473 903 4527 lueri
920 4473 963 4528 sui
1017 4472 1107 4538 MOO,
1125 4473 1175 4528 sed
1193 4478 1222 4528 et
1238 4475 1262 4528 ei
1274 4473 1340 4528 uibil
1354 4475 1475 4544 amplius
1487 4491 1573 4546 qrram
1584 4475 1702 4534 lnrunsn

272 4540 729 4614 gratiaiaeintlfaeiatgratiaXll
743 4543 883 4608 FXMOO,
896 4543 963 4598 lueri
1016 4557 1074 4599 rem
1102 4544 1247 4600 restituere
1270 4545 1362 4600 iussus
1385 4544 1471 4602 luerit
1493 4551 1544 4614 (rte
1569 4549 1614 4616 Ρ,
1634 4547 1702 4602 iussn

272 4611 810 4682 suigrstialidtns.l'etr.)iaeiatYPstr.
826 4616 831 4679 Ι
847 4615 963 4684 speeies]
1016 4614 1112 4669 inserit
1129 4615 1175 4682 Ρ)
1199 4615 1249 4672 sed
1270 4621 1333 4679 (nee
1352 4616 1444 4682 Tnnr.)
1467 4619 1588 4688 amplius
1610 4615 1701 4688 ademi

272 4685 401 4754 speiesi:
415 4683 562 4756 spetiessl
577 4684 649 4740 euim
662 4683 755 4738 nm.M
799 4683 963 4754 iibeuelieiil
1017 4685 1191 4753 (aliquidem.
1205 4686 1251 4754 ys)
1270 4687 1298 4742 in
1316 4701 1380 4742 eum
1398 4685 1702 4756 iudexliudexrsns')

272 4753 402 4811 benefitio
410 4754 466 4809 XO
501 4754 839 4824 bappellstioue‘m'stF⁸
874 4758 909 4811 21
919 4757 963 4812 uel
1016 4757 1188 4812 onusutusrtt
1209 4757 1270 4828 ipso
1293 4755 1352 4812 Π*
1375 4761 1463 4814 nutis
1484 4761 1537 4816 sed
1612 4757 1701 4816 sontii

274 4845 322 4882 om.
335 4827 371 4879 1³¹
425 4825 461 4880 22
478 4823 648 4882 etdamusto
661 4825 900 4897 furereeeptaeet
916 4843 962 4897 pe·
1016 4827 1100 4884 tuerit
1116 4831 1348 4898 muterepstilieee
1359 4831 1700 4902 mrumsmmdenltlsr:

273 4896 355 4953 onnia
366 4895 475 4952 sublata
486 4894 606 4962 (sublata
618 4917 665 4951 om.
676 4897 711 4964 0)
722 4899 750 4954 iu
758 4898 885 4966 simplum
895 4901 961 4966 (am-
1016 4899 1040 4954 el
1058 4897 1088 4952 ιὲ
1107 4899 1145 4953 usi
1168 4899 1251 4953 nul'es
1275 4897 1383 4970 ἕτεροι,
1397 4899 1465 4956 *tos
1488 4901 1556 4964 siro
1578 4895 1700 4960 absorsit

271 4967 348 5094 gum
361 4967 406 5035 Μ)
423 4967 533 5024 uidetur
550 4965 614 5024 furti
632 4970 758 5038 quaestio
775 4967 893 5038 sublate]
912 4969 965 5024 EX
1017 4968 1167 5024 mensurius
1184 4967 1325 5032 tumetceu
1338 4967 1549 5030 dnossrscrr‘rsar
1565 4971 1699 5042 BSfflsr.)

301 5037 386 5095 Mod
395 5059 473 5112 usqae
485 5042 561 5095 aliter
573 5042 685 5112 leserunt
699 5039 807 5097 Graeci:
827 5040 865 5094 κιὶ
885 5059 961 5095 aare·
1016 5041 1052 5098 ³5
1069 5047 1168 5112 agetur
1185 5041 1211 5095 F
