3644 5460
87 128 128 176 rr
147 127 427 176 rmmconnuussrs
776 103 833 186 83
1138 175 1140 180 ,
1259 105 1379 174 XXXII
1401 113 1517 170 tte-39

84 263 184 322 mrum
202 271 252 322 ant
268 266 383 322 domum
401 266 531 322 maiorem
549 264 629 320 heres
646 263 706 320 eius
723 265 880 336 pigneraret
897 269 946 322 aut
964 265 1018 322 ullo
1036 263 1118 321 modo
1136 265 1279 320 alienaret:
1297 263 1353 320 lilia
1367 264 1427 320 eins
1438 263 1518 320 hares

84 355 186 426 scripta
204 354 334 412 heredem
349 356 463 426 reliquit
479 353 562 410 filiam
581 369 659 409 suam
677 359 787 424 neptem
804 354 986 426 primipilaris,
1004 369 1075 424 quae
1093 353 1204 410 eaedem
1221 368 1267 409 res
1285 353 1332 409 din
1349 353 1472 424 possedit
1489 356 1519 409 et

83 442 222 500 decadem
240 450 386 500 exmsueos
403 443 522 500 instituit
537 441 661 498 heredes.
688 444 843 513 quaesitum
862 449 913 514 est,
933 459 969 499 an
987 457 1021 500 ea
1032 443 1145 515 praedia
1156 447 1303 499 extraneus
1314 441 1392 498 heres
1405 441 1519 498 haberet

83 549 117 588 sn
134 548 205 588 uero
223 534 259 588 sd
275 535 373 590 luliam
391 534 535 602 Domnam,
553 547 624 602 quae
642 530 737 588 habuit
752 537 881 602 patruum
899 534 1030 590 maiorem
1048 533 1145 588 lulium
1163 532 1324 602 Agrippam,
1345 532 1517 602 pertinerent

82 622 222 692 respondi,
240 638 304 678 eum
321 623 373 679 hoo
391 623 494 678 nudum
512 625 689 692 praeceptum
707 625 758 691 est,
776 621 842 678 nihil
857 623 971 694 proponi
984 625 1080 678 nonna
1091 619 1260 678 uoluntatem
1272 619 1395 677 defuncti
1405 619 1517 690 factum,
1537 631 1550 673 s

41 719 63 766 5
82 726 137 780 quo
155 712 249 766 miuus
266 711 303 766 ad
320 711 435 768 heredes
452 710 626 781 pertinerent
664 709 823 776 Quindecim
843 711 963 782 libertis,
986 727 1056 782 quos
1079 711 1280 780 nominauerat,
1302 725 1380 780 prae-
1398 705 1518 794 Q

82 799 187 855 dicium
205 815 268 856 cum
286 799 402 856 taberna
418 801 559 870 legauerat
577 805 606 854 et
622 797 761 856 adiecerat
777 797 846 855 baec
863 799 962 856 uerba:
980 799 1095 870 ‘sibique
1113 815 1161 856 eos
1178 798 1279 854 habere
1295 798 1437 869 possidere
1454 799 1518 854 nolo

83 887 124 943 'ea
140 890 206 959 lege
223 893 253 944 et
269 889 438 960 condicione,
456 904 491 944 ιι
509 889 570 960 quis
588 905 682 945 eornm
700 893 806 959 partem
825 904 903 944 suam
920 889 1041 946 uendere
1062 890 1199 946 donareue
1217 888 1326 944 aliudne
1344 887 1410 958 quid
1427 886 1518 944 iacere

83 977 136 1032 'alii
153 978 237 1032 uelit:
261 977 335 1048 quod
353 978 376 1032 si
395 977 527 1034 aduersam
546 993 580 1033 ee
597 978 664 1049 qnid
681 976 784 1034 iactum
804 979 868 1049 erit,
890 984 957 1034 tunc
979 994 1027 1035 eas
1044 980 1184 1049 portiones
1201 977 1379 1048 praediumue
1397 993 1459 1032 curn
1477 983 1518 1032 ta·

82 1065 177 1122 berna
195 1066 232 1121 ad
250 1081 308 1122 rem
326 1065 463 1137 publicem
478 1068 695 1122 Tusculanorum
713 1067 849 1138 pertinere
866 1065 947 1123 nolo'.
974 1068 1085 1137 quidam
1102 1084 1138 1123 ex
1155 1067 1197 1122 his
1214 1066 1319 1122 libertis
1337 1066 1519 1122 uendiderunt
1537 1077 1565 1117 ιι

82 1163 175 1226 partes
202 1171 268 1211 suas
290 1155 399 1214 duobus
421 1156 577 1212 conlibertis
600 1156 658 1211 suis
682 1171 717 1211 ex
739 1155 837 1213 ecdem
855 1171 981 1227 ccrpme,
1005 1162 1142 1228 emptores
1164 1159 1256 1212 eutem
1279 1153 1401 1211 deiuneti
1419 1155 1518 1212 Gdnm

82 1243 177 1300 Seium
201 1248 362 1320 eutrenenm
385 1244 514 1302 heredem
536 1245 717 1315 reliquerunt:
741 1245 895 1316 quaesitum
918 1249 974 1316 est,
998 1251 1091 1316 partes
1113 1261 1184 1316 quae
1207 1246 1352 1302 uenierunt
1373 1247 1464 1300 utrum
1482 1243 1519 1300 ad

82 1331 183 1390 Gaium
203 1331 296 1389 Seium
316 1351 351 1390 au
368 1334 405 1392 ad
422 1335 584 1406 superstites
601 1333 756 1390 collibertns
773 1349 847 1404 suos,
865 1334 912 1404 qui
929 1339 1022 1405 partes
1040 1351 1105 1392 suae
1122 1349 1177 1390 non
1194 1334 1384 1402 uendiderunt,
1401 1334 1518 1404 pertine·

82 1427 152 1478 rent
180 1423 325 1494 respondit
341 1423 492 1480 wcnudum
510 1439 544 1479 ea
561 1438 632 1492 quae
649 1429 866 1493 proponerentur
888 1424 925 1479 ad
942 1423 1041 1480 Gaium
1059 1423 1152 1480 Seium
1174 1423 1318 1494 pertinere.
1345 1422 1419 1478 idem
1436 1438 1518 1492 qnae·

82 1513 136 1582 siit,
154 1529 192 1568 sn
211 1516 305 1582 partes
324 1513 451 1568 uenditae
469 1513 505 1568 sd
516 1527 573 1568 rem
585 1512 723 1582 publicam
735 1513 952 1570 Tusculanorum
963 1513 1139 1584 pertinerent.
1166 1512 1295 1584 respondi
1306 1512 1518 1582 conpertinere.
1537 1520 1566 1562 re

83 1601 253 1658 Grunnius:
276 1601 419 1672 quianon
443 1601 608 1673 possidentis
630 1617 762 1673 persone,
786 1603 834 1672 qui
855 1615 928 1659 nunc
949 1607 1095 1658 extraneus
1117 1608 1172 1672 est,
1195 1601 1367 1673 respicienda
1390 1605 1445 1671 est,
1468 1599 1519 1657 sed

82 1695 249 1760 emptorum,
268 1691 316 1760 qni
332 1691 483 1747 secundnm
501 1691 672 1746 uoluntatem
689 1688 836 1748 deiunctae
854 1707 889 1748 ex
906 1691 959 1748 illis
972 1690 1091 1763 inerunt,
1108 1691 1207 1762 quibus
1219 1691 1381 1761 permiserat
1391 1689 1519 1746 tentatrix

35 1782 59 1828 6
83 1779 252 1848 uenundari,
275 1793 327 1835 nec
349 1779 473 1836 condicio
491 1779 596 1835 exsdtit
613 1778 671 1834 dati
687 1776 892 1838 fideicommissi
908 1781 1080 1837 insurdanis.
1115 1780 1193 1836 Fidei
1210 1779 1361 1836 commissit
1378 1779 1451 1849 eins,
1474 1779 1519 1835 cui

83 1867 139 1923 duo
157 1869 235 1924 milia
251 1869 368 1940 legeuit,
386 1869 415 1924 iu
432 1868 501 1924 haec
518 1865 616 1924 uerba:
636 1866 660 1922 ‘a
677 1872 719 1938 te,
737 1869 859 1940 Petroni,
877 1875 955 1940 peto,
978 1870 1020 1926 uti
1037 1885 1072 1925 ee
1089 1869 1144 1924 duo
1162 1869 1236 1924 milia
1253 1868 1401 1924 solidomm
1418 1867 1519 1923 reddes

84 1957 210 2028 'cohegio
227 1957 370 2014 cniusdam
388 1957 499 2028 templi'.
526 1956 681 2026 quaesitum
700 1961 757 2028 est,
775 1975 837 2014 cnm
856 1958 884 2014 id
902 1959 1046 2030 collegium
1064 1963 1162 2029 postea
1178 1957 1340 2014 dissolutum
1359 1957 1409 2026 sit,
1427 1961 1518 2012 utrum
1537 1963 1566 2006 to

84 2047 208 2116 Ιιςιιιιιι
226 2045 264 2102 ad
274 2046 431 2102 Petronium
449 2047 584 2117 pertineat
602 2062 637 2100 au
655 2061 721 2102 uero
739 2047 813 2118 apud
830 2047 958 2104 heredem
976 2063 1116 2104 remanere
1134 2045 1243 2102 debeat
1273 2045 1414 2118 respondit
1425 2045 1518 2102 Petro·

33 2134 57 2180 ¹1
85 2135 159 2191 nium
177 2135 238 2190 inre
256 2141 364 2206 petere,
388 2136 482 2206 ntique
501 2135 591 2205 siper
608 2149 672 2190 eum
689 2149 745 2190 uon
762 2136 839 2192 stetit
851 2152 952 2207 parere
969 2136 1092 2193 defuncti
1109 2135 1254 2192 uoluntati.
1280 2135 1368 2191 Mater
1384 2133 1455 2190 filios
1472 2133 1518 2190 he-

85 2225 166 2280 redes
183 2225 333 2294 scripserat
349 2229 379 2280 et
395 2224 509 2280 adiecit:
529 2222 656 2294 praedia,
674 2237 745 2292 quae
763 2224 800 2280 ed
817 2240 865 2281 eos
883 2241 919 2281 ex
935 2225 1015 2282 bouis
1033 2226 1101 2282 meis
1118 2229 1285 2296 peruentura
1302 2229 1374 2294 sont,
1393 2224 1466 2280 nulla
1483 2239 1519 2279 ex

86 2312 177 2370 'masa
195 2313 366 2383 ebalieuent,
384 2314 434 2370 sed
451 2317 615 2371 conseruent
632 2313 799 2370 successioni
816 2330 883 2371 suae
901 2315 990 2386 deque
1008 2329 1042 2371 ea
1059 2330 1089 2370 re
1105 2314 1223 2370 inuicem
1240 2311 1294 2368 sibi
1310 2311 1460 2370 canerent:
1483 2327 1518 2368 ex

86 2401 127 2458 bis
144 2401 240 2458 uerbis
257 2403 412 2472 quaesitum
430 2407 481 2474 est,
500 2419 535 2459 an
552 2401 665 2473 praedia
682 2416 732 2472 per
748 2399 989 2460 fideicommissum
1003 2403 1098 2460 relicte
1114 2403 1268 2459 uideantur.
1295 2401 1437 2473 respondit
1453 2400 1518 2456 nihil
1537 2409 1565 2452 tt

26 2487 49 2532 Β
86 2490 120 2548 de
138 2490 351 2548 fideicommissa
368 2493 492 2563 proponi.
527 2493 571 2548 Ex
587 2495 666 2562 parte
683 2490 797 2546 dimidia
813 2491 908 2549 heredi
928 2493 1054 2550 instituto
1076 2507 1126 2564 per
1143 2507 1221 2564 prae·
1239 2489 1334 2576 {snas
1350 2503 1366 2550 1.
1377 2504 1407 2549 ee
1420 2501 1432 2560 t
1444 2502 1458 2549 t
1469 2502 1519 2548 nt

87 2581 243 2652 ceptionem
261 2579 375 2636 mudum
392 2581 497 2651 legauit
513 2587 542 2636 et
560 2579 595 2636 ab
613 2593 646 2636 eo
657 2579 704 2660 ¹ita
726 2581 807 2650 petit:
826 2581 913 2652 peto,
934 2583 976 2638 nti
998 2583 1067 2638 uelis
1091 2580 1253 2638 coheredem
1274 2580 1326 2637 tibi
1347 2581 1468 2650 recipere
1490 2581 1519 2635 in

86 2668 178 2726 ‘tunde
190 2669 297 2725 Iuliano
315 2683 385 2740 meo,
402 2685 484 2740 quem
502 2669 554 2725 hoc
572 2670 688 2740 amplius
706 2673 734 2724 te
746 2669 917 2744 praelcipere
933 2670 1009 2740 inssi,
1027 2669 1153 2726 Clodium
1165 2669 1267 2726 Uerum
1278 2674 1405 2741 nepotem
1418 2683 1518 2740 meum,
1535 2669 1552 2718 t
1563 2665 1600 2720 δι’

85 2757 242 2829 'cogustnm
260 2757 359 2814 tuum':
384 2759 538 2830 quaesitum
556 2763 613 2829 est,
635 2774 671 2814 au
692 2773 755 2830 pare
777 2757 856 2816 fundi
877 2775 913 2818 ex
936 2773 1020 2816 causa
1039 2757 1242 2816 fideicommissi
1265 2759 1359 2830 nepoti
1376 2756 1518 2814 debeatur.

81 2847 228 2920 respondit
244 2847 347 2904 deberi
1537 2853 1566 2894 ιο

26 2921 38 2966 ’
136 2937 217 2993 Iners
234 2935 304 2992 libro
321 2936 453 2993 uicesimo
471 2935 649 3007 digestorum.
680 2936 828 3010 ‘Pamphilo
844 2937 941 2994 liberto
958 2938 1011 2994 hoc
1026 2937 1151 3008 amplius,
1169 2951 1252 3006 quam
1270 2934 1344 2992 eodi·
1362 2931 1519 3020 [Q
1537 2937 1564 2992 Δ

83 3025 162 3082 'ciliis
179 3025 286 3096 reliqui,
304 3025 364 3082 dari
381 3027 444 3082 uolo
461 3031 580 3082 centum.
607 3026 665 3082 scie
683 3026 787 3097 emnia,
806 3042 876 3097 quae
894 3026 958 3096 tibi,
976 3026 1130 3098 Pamphile,
1148 3026 1284 3096 relinquo,
1302 3024 1338 3080 ed
1355 3023 1425 3082 lilios
1442 3042 1518 3082 meos

81 3115 273 3186 'peruentum
297 3131 360 3172 curn
383 3115 554 3172 machonem
572 3119 650 3172 tuam
668 3116 742 3172 circa
759 3130 807 3172 ecs
824 3113 895 3171 bene
912 3120 1083 3186 perspectum
1101 3113 1206 3170 habee'.
1233 3129 1348 3185 quaero,
1373 3130 1408 3170 nu
1426 3114 1519 3172 uerbis

78 3221 169 3276 supra
191 3205 301 3276 seriptis
318 3203 452 3274 Pamphili
473 3201 537 3261 fidei
558 3205 721 3274 commissit,
744 3208 861 3274 etpost
883 3207 998 3260 mortem
1020 3201 1083 3260 filiis
1106 3201 1229 3259 defuncti
1250 3207 1358 3259 centum
1382 3203 1517 3261 ‘restituat

78 3294 228 3365 respondit
243 3293 396 3350 secuudum
413 3309 448 3349 ea
464 3308 536 3364 quae
553 3297 769 3364 proponerentur
785 3308 841 3349 non
858 3293 945 3349 uideri
962 3293 1088 3364 quidem,
1111 3294 1243 3362 quantum
1266 3291 1302 3348 ad
1326 3291 1412 3348 uerba
1433 3295 1518 3349 testa·
1536 3301 1565 3342 δῦ

80 3384 152 3439 tusis
169 3384 302 3454 pertinet,
326 3382 390 3438 lidei
408 3383 582 3440 commissum
600 3382 746 3452 Pamphili,
770 3387 802 3438 nt
819 3387 930 3438 centnm
947 3382 1118 3438 restitueret:
1141 3380 1191 3436 sed
1209 3395 1271 3435 cum
1290 3382 1453 3438 sententiam
1471 3383 1517 3438 de·

80 3470 172 3528 functi
190 3489 208 3526 a
224 3471 324 3528 ebeno
341 3471 431 3544 decipi
449 3472 516 3526 satis
538 3471 714 3527 inhumanum
738 3477 794 3542 est,
817 3476 927 3528 centum
945 3472 971 3528 ei
992 3471 1103 3528 relictus
1121 3467 1183 3524 filiis
1201 3470 1340 3525 testatorh
1358 3470 1459 3527 debere
1476 3486 1517 3528 re

82 3561 176 3630 stimi,
194 3562 261 3631 quia
277 3561 306 3617 in
324 3561 404 3618 simili
421 3562 512 3631 specie
530 3565 559 3616 et
576 3561 723 3630 imperator
740 3564 834 3618 ιοιιιι
851 3561 931 3618 diuus
948 3561 1071 3618 llarcus¹
1088 3559 1142 3615 hoc
1159 3558 1309 3615 constituit.
1344 3560 1517 3630 Propositum

82 3657 128 3706 eat
145 3665 202 3706 nun
219 3649 366 3706 habentem
387 3648 488 3706 liberos
509 3665 560 3706 ιιι
584 3653 717 3718 cognatus
738 3650 767 3706 in
790 3650 945 3707 discrimine
960 3651 1043 3726 ,uitae
1065 3648 1244 3705 coustitutum
1265 3662 1316 3717 per
1331 3646 1517 3704 infirmitatem

82 3739 226 3794 mcesmtis
243 3739 338 3794 amicis
352 3737 421 3795 Gaio
433 3737 498 3795 Seio
515 3737 702 3795 contubernali
720 3738 832 3810 dhisse,
849 3739 923 3809 quod
940 3739 1024 3796 uellet
1040 3738 1067 3794 ei
1082 3737 1234 3806 relinquere
1251 3735 1365 3806 praedia
1381 3753 1452 3810 quae
1469 3753 1517 3794 no·
1535 3747 1565 3789 sc

83 3830 233 3898 minuet,
256 3843 344 3898 eaque
366 3827 440 3882 diem
461 3828 491 3882 in
513 3828 688 3883 testationem
707 3825 806 3884 Gaium
825 3826 918 3884 Seium
941 3828 1079 3899 redegisse
1102 3827 1185 3882 etiam
1209 3825 1269 3894 ipsc
1286 3829 1417 3882 testatore
1434 3828 1516 3883 iuter·

82 3923 196 3988 rogato,
220 3933 256 3972 au
273 3901 308 3972 ea
325 3916 452 3986 dixisset,
476 3919 505 3971 et
520 3931 652 3986 responso
670 3915 729 3972 eius
746 3917 795 3972 tali
813 3915 919 3972 aterna
941 3917 1057 3972 inserto:
1080 3915 1235 3986 quaesitum
1257 3917 1313 3985 est,
1337 3930 1373 3970 an
1395 3916 1516 3987 praedia,

83 4022 156 4077 quae
177 4006 334 4062 destinata¹
357 4011 462 4074 essent,
485 4021 520 4061 ex
543 4021 628 4061 cama
650 4004 852 4062 fideicommissi
875 4005 912 4060 ad
935 4003 1034 4062 Gaium
1057 4004 1150 4062 Seium
1173 4003 1348 4074 pertinerent.
1375 4005 1518 4076 respondit

83 4111 168 4168 super
184 4095 239 4152 hoo
256 4110 309 4150 nec
329 4093 510 4152 dubitandum
532 4109 609 4164 ease,
632 4094 697 4164 quin
720 4092 960 4152 fideicommissum
983 4095 1064 4151 udat
1100 4095 1178 4150 Duas
1200 4092 1269 4150 filias
1290 4095 1385 4166 aequis
1403 4110 1439 4151 ex
1455 4109 1516 4165 par·

83 4209 328 4280 FWDEQIGIO

85 4374 93 4408 ¹
111 4371 195 4428 dinus
213 4370 322 4426 lardus
337 4371 465 4441 pleneme
483 4376 520 4425 eat
589 4368 602 4405 ¹
618 4367 782 4440 designatae

85 4535 209 4594 lhlio'a
227 4539 264 4592 Ρ
316 4540 429 4607 aquae
510 4536 660 4593 3heredes
677 4538 776 4592 omli·
828 4539 863 4594 18
874 4537 1036 4594 uenumdari
1045 4537 1084 4592 F²
1128 4537 1162 4592 19
1179 4537 1253 4592 milia
1265 4537 1358 4592 Μ’
1373 4539 1378 4606 Ι
1393 4537 1517 4593 milicF·

84 4611 395 4680 tiul‘nmagrippamli'·
411 4612 415 4676 Ι
430 4608 774 4680 ιιιιίιιιιιιΙΙιζριιιίιι-
827 4610 862 4664 24
880 4609 933 4664 sini
951 4610 987 4662 F²
1041 4610 1077 4665 32
1098 4608 1150 4663 tiui
1170 4609 1307 4679 pamphilo
1326 4609 1363 4661 F·
1415 4611 1451 4664 34
1469 4609 1516 4664 de·

85 4681 275 4748 remano,
292 4681 412 4750 pertinet
425 4677 468 4744 W,
485 4680 654 4750 pertinenti
694 4679 775 4736 lihe-
827 4679 989 4736 mucu's'sl
1024 4681 1060 4736 35
1077 4681 1210 4736 uernae*
1240 4681 1275 4735 36
1286 4681 1430 4736 restituere
1439 4677 1521 4734 F¹W

85 4751 195 4810 re's'des
213 4752 251 4808 F‘
267 4756 272 4818 Ι
287 4751 476 4808 neminaberat
493 4752 529 4804 F¹
578 4751 721 4820 laicique
738 4752 774 4804 F¹
828 4753 863 4807 39
881 4752 940 4820 ιιι]
960 4750 1028 4806 haec
1045 4753 1082 4806 Ρ
1101 4752 1107 4815 l
1128 4751 1293 4820 discrimine]
1313 4752 1399 4815 Μ,
1422 4750 1516 4806 discri-

87 4823 249 4880 8*a‘a'udue
267 4823 303 4878 Ρ*
362 4825 394 4880 11
419 4838 534 4893 corpere
556 4825 592 4876 F⁰
648 4823 679 4878 13
703 4823 775 4878 colli-
828 4824 917 4880 minae
935 4822 973 4876 Ρ
1025 4823 1061 4878 40
1081 4821 1193 4894 dixisse]
1217 4823 1333 4878 dixisset
1355 4823 1391 4874 Ρ
1412 4825 1417 4888 Ι
1437 4823 1516 4877 relin-

89 4895 224 4952 arrum
262 4895 297 4950 14
307 4893 387 4965 quae]
402 4895 494 4964 queli
525 4894 776 4964 anteponerem
828 4909 899 4965 quae
911 4894 955 4960 pr,
967 4894 1101 4964 relinqure
1114 4896 1173 4961 (stc)
1185 4893 1224 4947 P’
1266 4893 1467 4964 armengerus
1480 4893 1516 4946 Ρ

1263 4981 1306 5038 6¹}
