<?xml version="1.0" encoding="UTF-8"?>
<!DOCTYPE html PUBLIC "-//W3C//DTD XHTML 1.0 Transitional//EN"
    "http://www.w3.org/TR/xhtml1/DTD/xhtml1-transitional.dtd">
<html xmlns="http://www.w3.org/1999/xhtml" xml:lang="en" lang="en">
 <head>
  <title>
</title>
<meta http-equiv="Content-Type" content="text/html;charset=utf-8" />
  <meta name='ocr-system' content='tesseract 3.04.00' />
  <meta name='ocr-capabilities' content='ocr_page ocr_carea ocr_par ocr_line ocrx_word'/>
</head>
<body>
  <div class='ocr_page' id='page_1' title='image "./digestaiustinia00kruegoog_0954.png"; bbox 0 0 4350 5438; ppageno 0'>
   <div class='ocr_carea' id='block_1_1' title="bbox 287 267 1720 372">
    <p class='ocr_par' dir='ltr' id='par_1_1' title="bbox 287 267 1720 372">
     <span class='ocr_line' id='line_1_1' title="bbox 287 267 1720 372; baseline 0 -22"><span class='ocrx_word' id='word_1_1' title='bbox 287 303 334 352; x_wconf 83' lang='lat' dir='ltr'>ms</span> <span class='ocrx_word' id='word_1_2' title='bbox 357 302 543 352; x_wconf 83' lang='lat' dir='ltr'>oasnususr</span> <span class='ocrx_word' id='word_1_3' title='bbox 564 303 712 353; x_wconf 82' lang='lat' dir='ltr'>rsousro</span> <span class='ocrx_word' id='word_1_4' title='bbox 816 291 818 296; x_wconf 81' lang='grc'>’</span> <span class='ocrx_word' id='word_1_5' title='bbox 964 279 1051 362; x_wconf 80' lang='grc'>897</span> <span class='ocrx_word' id='word_1_6' title='bbox 1241 267 1451 355; x_wconf 78' lang='lat' dir='ltr'>xxxxvuu</span> <span class='ocrx_word' id='word_1_7' title='bbox 1472 289 1512 354; x_wconf 91' lang='grc'>16</span> <span class='ocrx_word' id='word_1_8' title='bbox 1536 293 1570 349; x_wconf 86' lang='grc'>14</span> <span class='ocrx_word' id='word_1_9' title='bbox 1588 323 1621 334; x_wconf 89' lang='grc'><strong>-</strong></span> <span class='ocrx_word' id='word_1_10' title='bbox 1643 289 1720 372; x_wconf 79' lang='lat' dir='ltr'>lis</span> 
     </span>
    </p>
   </div>
   <div class='ocr_carea' id='block_1_2' title="bbox 254 441 1753 872">
    <p class='ocr_par' dir='ltr' id='par_1_2' title="bbox 287 441 1722 606">
     <span class='ocr_line' id='line_1_2' title="bbox 287 441 1722 515; baseline 0.003 -19"><span class='ocrx_word' id='word_1_11' title='bbox 287 441 353 496; x_wconf 87' lang='lat' dir='ltr'>item</span> <span class='ocrx_word' id='word_1_12' title='bbox 376 442 508 512; x_wconf 84' lang='lat' dir='ltr'>temporis</span> <span class='ocrx_word' id='word_1_13' title='bbox 530 442 715 510; x_wconf 75' lang='lat' dir='ltr'>nauigationis</span> <span class='ocrx_word' id='word_1_14' title='bbox 733 441 777 496; x_wconf 90' lang='lat' dir='ltr'>uel</span> <span class='ocrx_word' id='word_1_15' title='bbox 794 441 908 498; x_wconf 87' lang='lat' dir='ltr'>itineris.</span> <span class='ocrx_word' id='word_1_16' title='bbox 939 442 1009 498; x_wconf 92' lang='lat' dir='ltr'>etsi</span> <span class='ocrx_word' id='word_1_17' title='bbox 1027 457 1057 498; x_wconf 87' lang='lat' dir='ltr'>ae</span> <span class='ocrx_word' id='word_1_18' title='bbox 1075 441 1174 513; x_wconf 88' lang='lat' dir='ltr'>probet</span> <span class='ocrx_word' id='word_1_19' title='bbox 1190 445 1348 501; x_wconf 86' lang='lat' dir='ltr'>ualetudine</span> <span class='ocrx_word' id='word_1_20' title='bbox 1365 445 1526 515; x_wconf 88' lang='lat' dir='ltr'>impeditum</span> <span class='ocrx_word' id='word_1_21' title='bbox 1544 446 1589 500; x_wconf 90' lang='lat' dir='ltr'>uel</span> <span class='ocrx_word' id='word_1_22' title='bbox 1607 461 1624 500; x_wconf 89' lang='lat' dir='ltr'>a</span> <span class='ocrx_word' id='word_1_23' title='bbox 1640 445 1722 501; x_wconf 90' lang='lat' dir='ltr'>latro·</span> 
     </span>
     <span class='ocr_line' id='line_1_3' title="bbox 287 529 1722 606; baseline 0.002 -20"><span class='ocrx_word' id='word_1_24' title='bbox 287 529 369 586; x_wconf 89' lang='lat' dir='ltr'>uibus</span> <span class='ocrx_word' id='word_1_25' title='bbox 387 531 529 586; x_wconf 84' lang='lat' dir='ltr'>detentum</span> <span class='ocrx_word' id='word_1_26' title='bbox 547 531 664 586; x_wconf 85' lang='lat' dir='ltr'>similius</span> <span class='ocrx_word' id='word_1_27' title='bbox 682 546 750 588; x_wconf 88' lang='lat' dir='ltr'>casu</span> <span class='ocrx_word' id='word_1_28' title='bbox 767 546 870 587; x_wconf 91' lang='lat' dir='ltr'>moram</span> <span class='ocrx_word' id='word_1_29' title='bbox 889 546 1010 602; x_wconf 91' lang='lat' dir='ltr'>passum,</span> <span class='ocrx_word' id='word_1_30' title='bbox 1022 531 1093 588; x_wconf 89' lang='lat' dir='ltr'>dum</span> <span class='ocrx_word' id='word_1_31' title='bbox 1113 549 1167 588; x_wconf 92' lang='lat' dir='ltr'>non</span> <span class='ocrx_word' id='word_1_32' title='bbox 1185 533 1290 589; x_wconf 85' lang='lat' dir='ltr'>tardius</span> <span class='ocrx_word' id='word_1_33' title='bbox 1307 536 1396 590; x_wconf 94' lang='lat' dir='ltr'>aloco</span> <span class='ocrx_word' id='word_1_34' title='bbox 1408 533 1561 605; x_wconf 83' lang='lat' dir='ltr'>proiectum</span> <span class='ocrx_word' id='word_1_35' title='bbox 1574 551 1604 590; x_wconf 91' lang='lat' dir='ltr'>sc</span> <span class='ocrx_word' id='word_1_36' title='bbox 1616 535 1722 606; x_wconf 85' lang='lat' dir='ltr'>probet,</span> 
     </span>
    </p>

    <p class='ocr_par' dir='ltr' id='par_1_3' title="bbox 254 620 1753 872">
     <span class='ocr_line' id='line_1_4' title="bbox 254 620 1722 693; baseline 0.002 -17"><span class='ocrx_word' id='word_1_37' title='bbox 254 631 267 676; x_wconf 91' lang='lat'>1</span> <span class='ocrx_word' id='word_1_38' title='bbox 287 633 370 688; x_wconf 87' lang='lat' dir='ltr'>quam</span> <span class='ocrx_word' id='word_1_39' title='bbox 388 624 420 674; x_wconf 89' lang='lat' dir='ltr'>ut</span> <span class='ocrx_word' id='word_1_40' title='bbox 437 633 580 676; x_wconf 89' lang='lat' dir='ltr'>occurrere</span> <span class='ocrx_word' id='word_1_41' title='bbox 598 625 694 689; x_wconf 87' lang='lat' dir='ltr'>posset</span> <span class='ocrx_word' id='word_1_42' title='bbox 710 620 782 675; x_wconf 90' lang='lat' dir='ltr'>intra</span> <span class='ocrx_word' id='word_1_43' title='bbox 800 624 998 691; x_wconf 87' lang='lat' dir='ltr'>commeatum,</span> <span class='ocrx_word' id='word_1_44' title='bbox 1017 621 1203 678; x_wconf 88' lang='lat' dir='ltr'>restituendus</span> <span class='ocrx_word' id='word_1_45' title='bbox 1221 628 1273 678; x_wconf 89' lang='lat' dir='ltr'>est.</span> <span class='ocrx_word' id='word_1_46' title='bbox 1310 622 1397 678; x_wconf 83' lang='lat' dir='ltr'>Arma</span> <span class='ocrx_word' id='word_1_47' title='bbox 1414 624 1549 679; x_wconf 76' lang='lat' dir='ltr'><strong>alienasse</strong></span> <span class='ocrx_word' id='word_1_48' title='bbox 1567 639 1653 693; x_wconf 83' lang='lat' dir='ltr'>grane</span> <span class='ocrx_word' id='word_1_49' title='bbox 1671 625 1722 679; x_wconf 92' lang='lat' dir='ltr'>cri·</span> 
     </span>
     <span class='ocr_line' id='line_1_5' title="bbox 286 709 1722 782; baseline 0.003 -19"><span class='ocrx_word' id='word_1_50' title='bbox 286 721 351 762; x_wconf 86' lang='lat' dir='ltr'>meu</span> <span class='ocrx_word' id='word_1_51' title='bbox 368 712 412 764; x_wconf 89' lang='lat' dir='ltr'>est</span> <span class='ocrx_word' id='word_1_52' title='bbox 428 713 458 764; x_wconf 88' lang='lat' dir='ltr'>et</span> <span class='ocrx_word' id='word_1_53' title='bbox 475 723 509 764; x_wconf 87' lang='lat' dir='ltr'>ea</span> <span class='ocrx_word' id='word_1_54' title='bbox 526 709 607 778; x_wconf 86' lang='lat' dir='ltr'>culpa</span> <span class='ocrx_word' id='word_1_55' title='bbox 624 709 974 780; x_wconf 86' lang='lat' dir='ltr'>desertiouiexacquatur,</span> <span class='ocrx_word' id='word_1_56' title='bbox 997 711 1092 780; x_wconf 87' lang='lat' dir='ltr'>utique</span> <span class='ocrx_word' id='word_1_57' title='bbox 1110 711 1133 766; x_wconf 89' lang='lat' dir='ltr'>si</span> <span class='ocrx_word' id='word_1_58' title='bbox 1151 715 1211 766; x_wconf 88' lang='lat' dir='ltr'>tota</span> <span class='ocrx_word' id='word_1_59' title='bbox 1228 712 1371 768; x_wconf 85' lang='lat' dir='ltr'>alienauit:</span> <span class='ocrx_word' id='word_1_60' title='bbox 1395 713 1444 768; x_wconf 91' lang='lat' dir='ltr'>sed</span> <span class='ocrx_word' id='word_1_61' title='bbox 1463 717 1492 768; x_wconf 92' lang='lat' dir='ltr'>et</span> <span class='ocrx_word' id='word_1_62' title='bbox 1510 713 1533 768; x_wconf 89' lang='lat' dir='ltr'>si</span> <span class='ocrx_word' id='word_1_63' title='bbox 1550 717 1656 782; x_wconf 87' lang='lat' dir='ltr'>partem</span> <span class='ocrx_word' id='word_1_64' title='bbox 1676 728 1722 768; x_wconf 90' lang='lat' dir='ltr'>eo·</span> 
     </span>
     <span class='ocr_line' id='line_1_6' title="bbox 287 797 1753 872; baseline 0.005 -21"><span class='ocrx_word' id='word_1_65' title='bbox 287 811 363 865; x_wconf 91' lang='lat' dir='ltr'>rom,</span> <span class='ocrx_word' id='word_1_66' title='bbox 380 797 434 854; x_wconf 87' lang='lat' dir='ltr'>nisi</span> <span class='ocrx_word' id='word_1_67' title='bbox 451 797 526 868; x_wconf 89' lang='lat' dir='ltr'>quod</span> <span class='ocrx_word' id='word_1_68' title='bbox 543 799 666 854; x_wconf 89' lang='lat' dir='ltr'>interest.</span> <span class='ocrx_word' id='word_1_69' title='bbox 699 813 763 854; x_wconf 85' lang='lat' dir='ltr'>nam</span> <span class='ocrx_word' id='word_1_70' title='bbox 781 799 805 853; x_wconf 92' lang='lat' dir='ltr'>si</span> <span class='ocrx_word' id='word_1_71' title='bbox 822 797 917 854; x_wconf 88' lang='lat' dir='ltr'>tibiale</span> <span class='ocrx_word' id='word_1_72' title='bbox 934 800 980 855; x_wconf 91' lang='lat' dir='ltr'>uel</span> <span class='ocrx_word' id='word_1_73' title='bbox 998 801 1119 856; x_wconf 88' lang='lat' dir='ltr'>umerale</span> <span class='ocrx_word' id='word_1_74' title='bbox 1138 800 1282 871; x_wconf 88' lang='lat' dir='ltr'>alienauit,</span> <span class='ocrx_word' id='word_1_75' title='bbox 1303 803 1432 872; x_wconf 81' lang='lat' dir='ltr'>castigari</span> <span class='ocrx_word' id='word_1_76' title='bbox 1451 801 1612 858; x_wconf 86' lang='lat' dir='ltr'>uerberibus</span> <span class='ocrx_word' id='word_1_77' title='bbox 1630 800 1721 872; x_wconf 85' lang='lat' dir='ltr'>debet,</span> <span class='ocrx_word' id='word_1_78' title='bbox 1739 815 1753 858; x_wconf 85' lang='lat' dir='ltr'>c</span> 
     </span>
    </p>
   </div>
   <div class='ocr_carea' id='block_1_3' title="bbox 229 885 1766 1226">
    <p class='ocr_par' dir='ltr' id='par_1_4' title="bbox 285 885 1722 1121">
     <span class='ocr_line' id='line_1_7' title="bbox 286 885 1722 958; baseline 0.005 -18"><span class='ocrx_word' id='word_1_79' title='bbox 286 885 311 942; x_wconf 92' lang='lat' dir='ltr'>si</span> <span class='ocrx_word' id='word_1_80' title='bbox 329 901 394 942; x_wconf 88' lang='lat' dir='ltr'>uero</span> <span class='ocrx_word' id='word_1_81' title='bbox 411 887 522 942; x_wconf 90' lang='lat' dir='ltr'>loricam</span> <span class='ocrx_word' id='word_1_82' title='bbox 541 891 648 942; x_wconf 91' lang='lat' dir='ltr'>scutum</span> <span class='ocrx_word' id='word_1_83' title='bbox 668 887 776 957; x_wconf 85' lang='lat' dir='ltr'>galeam</span> <span class='ocrx_word' id='word_1_84' title='bbox 794 887 926 958; x_wconf 77' lang='lat' dir='ltr'>gladium,</span> <span class='ocrx_word' id='word_1_85' title='bbox 944 887 1078 945; x_wconf 76' lang='lat' dir='ltr'><strong>desertori</strong></span> <span class='ocrx_word' id='word_1_86' title='bbox 1096 889 1192 946; x_wconf 90' lang='lat' dir='ltr'>similis</span> <span class='ocrx_word' id='word_1_87' title='bbox 1210 894 1261 946; x_wconf 88' lang='lat' dir='ltr'>cst.</span> <span class='ocrx_word' id='word_1_88' title='bbox 1290 892 1372 946; x_wconf 91' lang='lat' dir='ltr'>tironi</span> <span class='ocrx_word' id='word_1_89' title='bbox 1385 891 1414 946; x_wconf 91' lang='lat' dir='ltr'>in</span> <span class='ocrx_word' id='word_1_90' title='bbox 1425 891 1478 946; x_wconf 86' lang='lat' dir='ltr'>hoc</span> <span class='ocrx_word' id='word_1_91' title='bbox 1490 892 1602 946; x_wconf 90' lang='lat' dir='ltr'>crimine</span> <span class='ocrx_word' id='word_1_92' title='bbox 1614 889 1722 947; x_wconf 86' lang='lat' dir='ltr'>facilius</span> 
     </span>
     <span class='ocr_line' id='line_1_8' title="bbox 285 975 1722 1051; baseline 0.004 -21"><span class='ocrx_word' id='word_1_93' title='bbox 285 980 415 1044; x_wconf 88' lang='lat' dir='ltr'>parcetur</span> <span class='ocrx_word' id='word_1_94' title='bbox 431 991 623 1046; x_wconf 87' lang='lat' dir='ltr'>armorumque</span> <span class='ocrx_word' id='word_1_95' title='bbox 640 975 749 1032; x_wconf 89' lang='lat' dir='ltr'>custodi</span> <span class='ocrx_word' id='word_1_96' title='bbox 766 976 927 1047; x_wconf 83' lang='lat' dir='ltr'>plerumque</span> <span class='ocrx_word' id='word_1_97' title='bbox 945 991 979 1034; x_wconf 89' lang='lat' dir='ltr'>ea</span> <span class='ocrx_word' id='word_1_98' title='bbox 996 979 1078 1050; x_wconf 84' lang='lat' dir='ltr'>culpa</span> <span class='ocrx_word' id='word_1_99' title='bbox 1095 979 1260 1051; x_wconf 78' lang='lat' dir='ltr'><strong>imputatur,</strong></span> <span class='ocrx_word' id='word_1_100' title='bbox 1281 981 1305 1036; x_wconf 92' lang='lat' dir='ltr'>si</span> <span class='ocrx_word' id='word_1_101' title='bbox 1323 997 1399 1036; x_wconf 76' lang='lat' dir='ltr'>mma</span> <span class='ocrx_word' id='word_1_102' title='bbox 1416 981 1495 1036; x_wconf 90' lang='lat' dir='ltr'>militi</span> <span class='ocrx_word' id='word_1_103' title='bbox 1513 981 1649 1036; x_wconf 89' lang='lat' dir='ltr'>commisit</span> <span class='ocrx_word' id='word_1_104' title='bbox 1667 996 1722 1037; x_wconf 92' lang='lat' dir='ltr'>non</span> 
     </span>
     <span class='ocr_line' id='line_1_9' title="bbox 286 1069 487 1121; baseline 0.01 -3"><span class='ocrx_word' id='word_1_105' title='bbox 286 1078 337 1119; x_wconf 86' lang='lat' dir='ltr'>sco</span> <span class='ocrx_word' id='word_1_106' title='bbox 355 1069 410 1120; x_wconf 88' lang='lat' dir='ltr'>tem</span> <span class='ocrx_word' id='word_1_107' title='bbox 449 1080 487 1121; x_wconf 91' lang='lat' dir='ltr'>re.</span> 
     </span>
    </p>

    <p class='ocr_par' dir='ltr' id='par_1_5' title="bbox 229 1081 1766 1226">
     <span class='ocr_line' id='line_1_10' title="bbox 229 1081 1766 1226; baseline 0.002 -19"><span class='ocrx_word' id='word_1_108' title='bbox 229 1154 267 1214; x_wconf 80' lang='lat'>15</span> <span class='ocrx_word' id='word_1_109' title='bbox 339 1081 521 1210; x_wconf 46' lang='lat' dir='ltr'>Parngrorsns</span> <span class='ocrx_word' id='word_1_110' title='bbox 537 1153 606 1210; x_wconf 89' lang='lat' dir='ltr'>libre</span> <span class='ocrx_word' id='word_1_111' title='bbox 625 1121 823 1210; x_wconf 85' lang='lat' dir='ltr'>nonodecimo</span> <span class='ocrx_word' id='word_1_112' title='bbox 840 1169 1042 1226; x_wconf 74' lang='lat' dir='ltr'>responsorum.</span> <span class='ocrx_word' id='word_1_113' title='bbox 1070 1157 1112 1212; x_wconf 81' lang='lat' dir='ltr'>Ex</span> <span class='ocrx_word' id='word_1_114' title='bbox 1125 1173 1210 1212; x_wconf 86' lang='lat' dir='ltr'>cauea</span> <span class='ocrx_word' id='word_1_115' title='bbox 1221 1157 1385 1214; x_wconf 80' lang='lat' dir='ltr'>desertionis</span> <span class='ocrx_word' id='word_1_116' title='bbox 1401 1162 1513 1214; x_wconf 90' lang='lat' dir='ltr'>notatus</span> <span class='ocrx_word' id='word_1_117' title='bbox 1526 1173 1559 1214; x_wconf 88' lang='lat' dir='ltr'>ac</span> <span class='ocrx_word' id='word_1_118' title='bbox 1577 1158 1721 1214; x_wconf 88' lang='lat' dir='ltr'>restitutus</span> <span class='ocrx_word' id='word_1_119' title='bbox 1738 1157 1766 1210; x_wconf 91' lang='lat' dir='ltr'><em>P</em></span> 
     </span>
    </p>
   </div>
   <div class='ocr_carea' id='block_1_4' title="bbox 230 1241 1768 1671">
    <p class='ocr_par' dir='ltr' id='par_1_6' title="bbox 230 1241 1768 1671">
     <span class='ocr_line' id='line_1_11' title="bbox 286 1241 1768 1318; baseline 0.003 -21"><span class='ocrx_word' id='word_1_120' title='bbox 286 1244 433 1314; x_wconf 88' lang='lat' dir='ltr'>temporis,</span> <span class='ocrx_word' id='word_1_121' title='bbox 453 1243 528 1313; x_wconf 87' lang='lat' dir='ltr'>quod</span> <span class='ocrx_word' id='word_1_122' title='bbox 546 1244 574 1299; x_wconf 88' lang='lat' dir='ltr'>in</span> <span class='ocrx_word' id='word_1_123' title='bbox 592 1244 748 1300; x_wconf 77' lang='lat' dir='ltr'>desertione</span> <span class='ocrx_word' id='word_1_124' title='bbox 766 1241 857 1313; x_wconf 84' lang='lat' dir='ltr'>fuerit,</span> <span class='ocrx_word' id='word_1_125' title='bbox 875 1244 1019 1314; x_wconf 81' lang='lat' dir='ltr'>impendiis</span> <span class='ocrx_word' id='word_1_126' title='bbox 1037 1247 1212 1316; x_wconf 80' lang='lat' dir='ltr'>expungitur.</span> <span class='ocrx_word' id='word_1_127' title='bbox 1239 1247 1356 1318; x_wconf 88' lang='lat' dir='ltr'>quodsi</span> <span class='ocrx_word' id='word_1_128' title='bbox 1374 1248 1443 1304; x_wconf 86' lang='lat' dir='ltr'>ratio</span> <span class='ocrx_word' id='word_1_129' title='bbox 1462 1247 1614 1304; x_wconf 87' lang='lat' dir='ltr'>constiterit</span> <span class='ocrx_word' id='word_1_130' title='bbox 1631 1261 1720 1317; x_wconf 88' lang='lat' dir='ltr'>neque</span> <span class='ocrx_word' id='word_1_131' title='bbox 1740 1261 1768 1302; x_wconf 85' lang='lat' dir='ltr'>ro</span> 
     </span>
     <span class='ocr_line' id='line_1_12' title="bbox 286 1330 1519 1406; baseline 0.003 -18"><span class='ocrx_word' id='word_1_132' title='bbox 286 1331 454 1388; x_wconf 80' lang='lat' dir='ltr'>desertorem</span> <span class='ocrx_word' id='word_1_133' title='bbox 471 1330 557 1388; x_wconf 84' lang='lat' dir='ltr'>fuisse</span> <span class='ocrx_word' id='word_1_134' title='bbox 576 1333 741 1404; x_wconf 89' lang='lat' dir='ltr'>apparuerit,</span> <span class='ocrx_word' id='word_1_135' title='bbox 759 1332 851 1388; x_wconf 91' lang='lat' dir='ltr'>omnia</span> <span class='ocrx_word' id='word_1_136' title='bbox 868 1333 1006 1403; x_wconf 88' lang='lat' dir='ltr'>stipendia</span> <span class='ocrx_word' id='word_1_137' title='bbox 1023 1335 1092 1390; x_wconf 85' lang='lat' dir='ltr'>citra</span> <span class='ocrx_word' id='word_1_138' title='bbox 1108 1336 1241 1406; x_wconf 88' lang='lat' dir='ltr'>temporis</span> <span class='ocrx_word' id='word_1_139' title='bbox 1258 1333 1340 1392; x_wconf 85' lang='lat' dir='ltr'>linem</span> <span class='ocrx_word' id='word_1_140' title='bbox 1359 1336 1519 1392; x_wconf 88' lang='lat' dir='ltr'>redduntur.</span> 
     </span>
     <span class='ocr_line' id='line_1_13' title="bbox 230 1421 1765 1494; baseline -0.001 -14"><span class='ocrx_word' id='word_1_141' title='bbox 230 1421 267 1482; x_wconf 88' lang='grc'>16</span> <span class='ocrx_word' id='word_1_142' title='bbox 339 1421 459 1478; x_wconf 77' lang='lat' dir='ltr'>Paucos</span> <span class='ocrx_word' id='word_1_143' title='bbox 475 1421 545 1478; x_wconf 92' lang='lat' dir='ltr'>libro</span> <span class='ocrx_word' id='word_1_144' title='bbox 562 1422 658 1492; x_wconf 85' lang='lat' dir='ltr'>quinto</span> <span class='ocrx_word' id='word_1_145' title='bbox 677 1423 883 1478; x_wconf 86' lang='lat' dir='ltr'>sententiarum.</span> <span class='ocrx_word' id='word_1_146' title='bbox 915 1421 972 1489; x_wconf 80' lang='lat' dir='ltr'>Qui</span> <span class='ocrx_word' id='word_1_147' title='bbox 989 1429 1065 1480; x_wconf 89' lang='lat' dir='ltr'>metu</span> <span class='ocrx_word' id='word_1_148' title='bbox 1083 1423 1217 1494; x_wconf 88' lang='lat' dir='ltr'>oriminis,</span> <span class='ocrx_word' id='word_1_149' title='bbox 1242 1426 1270 1480; x_wconf 89' lang='lat' dir='ltr'>io</span> <span class='ocrx_word' id='word_1_150' title='bbox 1288 1440 1343 1494; x_wconf 89' lang='lat' dir='ltr'>quo</span> <span class='ocrx_word' id='word_1_151' title='bbox 1361 1425 1416 1479; x_wconf 90' lang='lat' dir='ltr'>iarn</span> <span class='ocrx_word' id='word_1_152' title='bbox 1434 1439 1498 1480; x_wconf 88' lang='lat' dir='ltr'>reus</span> <span class='ocrx_word' id='word_1_153' title='bbox 1517 1423 1607 1482; x_wconf 85' lang='lat' dir='ltr'>fuerat</span> <span class='ocrx_word' id='word_1_154' title='bbox 1624 1429 1718 1494; x_wconf 90' lang='lat' dir='ltr'>postu·</span> <span class='ocrx_word' id='word_1_155' title='bbox 1738 1423 1765 1477; x_wconf 92' lang='lat' dir='ltr'><em>P</em></span> 
     </span>
     <span class='ocr_line' id='line_1_14' title="bbox 253 1509 1720 1599; baseline 0.005 -31"><span class='ocrx_word' id='word_1_156' title='bbox 253 1522 267 1568; x_wconf 91' lang='lat'>1</span> <span class='ocrx_word' id='word_1_157' title='bbox 286 1509 367 1578; x_wconf 90' lang='lat' dir='ltr'>latus,</span> <span class='ocrx_word' id='word_1_158' title='bbox 385 1525 484 1566; x_wconf 89' lang='lat' dir='ltr'>nomen</span> <span class='ocrx_word' id='word_1_159' title='bbox 503 1511 616 1566; x_wconf 75' lang='lat' dir='ltr'>militine</span> <span class='ocrx_word' id='word_1_160' title='bbox 633 1509 720 1581; x_wconf 90' lang='lat' dir='ltr'>dedit,</span> <span class='ocrx_word' id='word_1_161' title='bbox 737 1511 831 1566; x_wconf 87' lang='lat' dir='ltr'>statim</span> <span class='ocrx_word' id='word_1_162' title='bbox 849 1518 1021 1568; x_wconf 86' lang='lat' dir='ltr'>sacramento</span> <span class='ocrx_word' id='word_1_163' title='bbox 1039 1512 1188 1570; x_wconf 86' lang='lat' dir='ltr'>soluendus</span> <span class='ocrx_word' id='word_1_164' title='bbox 1206 1519 1257 1570; x_wconf 86' lang='lat' dir='ltr'>est.</span> <span class='ocrx_word' id='word_1_165' title='bbox 1284 1514 1363 1570; x_wconf 82' lang='lat' dir='ltr'>illics</span> <span class='ocrx_word' id='word_1_166' title='bbox 1378 1512 1503 1570; x_wconf 86' lang='lat' dir='ltr'>turbator</span> <span class='ocrx_word' id='word_1_167' title='bbox 1514 1530 1561 1585; x_wconf 89' lang='lat' dir='ltr'>pa·</span> <span class='ocrx_word' id='word_1_168' title='bbox 1580 1510 1720 1599; x_wconf 64' lang='lat' dir='ltr'>[li&#39;c&#39;asa.</span> 
     </span>
     <span class='ocr_line' id='line_1_15' title="bbox 286 1600 572 1671; baseline -0.003 -15"><span class='ocrx_word' id='word_1_169' title='bbox 286 1601 327 1658; x_wconf 85' lang='lat' dir='ltr'>cis</span> <span class='ocrx_word' id='word_1_170' title='bbox 344 1600 434 1671; x_wconf 89' lang='lat' dir='ltr'>capite</span> <span class='ocrx_word' id='word_1_171' title='bbox 452 1600 572 1671; x_wconf 89' lang='lat' dir='ltr'>punitur.</span> 
     </span>
    </p>
   </div>
   <div class='ocr_carea' id='block_1_5' title="bbox 637 1753 1813 1970">
    <p class='ocr_par' dir='ltr' id='par_1_7' title="bbox 637 1753 1813 1970">
     <span class='ocr_line' id='line_1_16' title="bbox 1051 1785 1768 1837; baseline -0.015 0"><span class='ocrx_word' id='word_1_172' title='bbox 1051 1820 1060 1837; x_wconf 91' lang='lat'><strong>.</strong></span> <span class='ocrx_word' id='word_1_173' title='bbox 1739 1785 1768 1826; x_wconf 77' lang='grc' dir='ltr'>ιι</span> 
     </span>
     <span class='ocr_line' id='line_1_17' title="bbox 637 1753 1813 1970; baseline -0.002 -2"><span class='ocrx_word' id='word_1_174' title='bbox 637 1889 675 1968; x_wconf 79' lang='lat' dir='ltr'><strong>R</strong></span> <span class='ocrx_word' id='word_1_175' title='bbox 714 1889 778 1967; x_wconf 86' lang='lat' dir='ltr'>DE</span> <span class='ocrx_word' id='word_1_176' title='bbox 807 1753 1068 1968; x_wconf 41' lang='lat' dir='ltr'>OASTRjiiVNIgI</span> <span class='ocrx_word' id='word_1_177' title='bbox 1095 1889 1293 1969; x_wconf 82' lang='lat' dir='ltr'><strong>PEGULIO</strong></span> <span class='ocrx_word' id='word_1_178' title='bbox 1335 1891 1372 1970; x_wconf 79' lang='lat' dir='ltr'><strong>R</strong></span> <span class='ocrx_word' id='word_1_179' title='bbox 1737 1911 1813 1968; x_wconf 72' lang='lat' dir='ltr'>sap</span> 
     </span>
    </p>
   </div>
   <div class='ocr_carea' id='block_1_6' title="bbox 245 2043 1792 3634">
    <p class='ocr_par' dir='ltr' id='par_1_8' title="bbox 249 2043 1765 2294">
     <span class='ocr_line' id='line_1_18' title="bbox 249 2043 1763 2131; baseline 0.002 -29"><span class='ocrx_word' id='word_1_180' title='bbox 249 2046 265 2102; x_wconf 93' lang='lat'>1</span> <span class='ocrx_word' id='word_1_181' title='bbox 338 2045 489 2102; x_wconf 78' lang='lat' dir='ltr'>Unrrauus</span> <span class='ocrx_word' id='word_1_182' title='bbox 507 2044 575 2102; x_wconf 90' lang='lat' dir='ltr'>libre</span> <span class='ocrx_word' id='word_1_183' title='bbox 594 2045 818 2116; x_wconf 87' lang='lat' dir='ltr'>quartodecimo</span> <span class='ocrx_word' id='word_1_184' title='bbox 837 2045 873 2104; x_wconf 90' lang='lat' dir='ltr'>ad</span> <span class='ocrx_word' id='word_1_185' title='bbox 891 2045 1020 2102; x_wconf 92' lang='lat' dir='ltr'>edictum.</span> <span class='ocrx_word' id='word_1_186' title='bbox 1057 2047 1118 2104; x_wconf 79' lang='lat' dir='ltr'>Filii</span> <span class='ocrx_word' id='word_1_187' title='bbox 1135 2045 1252 2104; x_wconf 81' lang='lat' dir='ltr'>familias</span> <span class='ocrx_word' id='word_1_188' title='bbox 1271 2048 1363 2104; x_wconf 90' lang='lat' dir='ltr'>militis</span> <span class='ocrx_word' id='word_1_189' title='bbox 1382 2047 1405 2104; x_wconf 91' lang='lat' dir='ltr'>si</span> <span class='ocrx_word' id='word_1_190' title='bbox 1423 2043 1716 2131; x_wconf 53' lang='lat' dir='ltr'>peculium&#39;ffitsscrsso]</span> <span class='ocrx_word' id='word_1_191' title='bbox 1736 2055 1763 2110; x_wconf 78' lang='grc' dir='ltr'><em>Ε</em></span> 
     </span>
     <span class='ocr_line' id='line_1_19' title="bbox 284 2123 1717 2208; baseline 0.001 -18"><span class='ocrx_word' id='word_1_192' title='bbox 284 2134 359 2204; x_wconf 87' lang='lat' dir='ltr'>apud</span> <span class='ocrx_word' id='word_1_193' title='bbox 376 2140 482 2205; x_wconf 89' lang='lat' dir='ltr'>patrem</span> <span class='ocrx_word' id='word_1_194' title='bbox 500 2137 633 2190; x_wconf 73' lang='lat' dir='ltr'>remansit</span> <span class='ocrx_word' id='word_1_195' title='bbox 654 2136 714 2191; x_wconf 90' lang='lat' dir='ltr'>sinc</span> <span class='ocrx_word' id='word_1_196' title='bbox 733 2141 899 2192; x_wconf 88' lang='lat' dir='ltr'>testamento</span> <span class='ocrx_word' id='word_1_197' title='bbox 916 2134 973 2192; x_wconf 85' lang='lat' dir='ltr'>lilio</span> <span class='ocrx_word' id='word_1_198' title='bbox 991 2135 1129 2207; x_wconf 80' lang='lat' dir='ltr'>defuncto,</span> <span class='ocrx_word' id='word_1_199' title='bbox 1150 2143 1230 2208; x_wconf 89' lang='lat' dir='ltr'>pater</span> <span class='ocrx_word' id='word_1_200' title='bbox 1247 2137 1300 2206; x_wconf 89' lang='lat' dir='ltr'>ipsi</span> <span class='ocrx_word' id='word_1_201' title='bbox 1318 2136 1397 2192; x_wconf 90' lang='lat' dir='ltr'>heres</span> <span class='ocrx_word' id='word_1_202' title='bbox 1415 2151 1470 2192; x_wconf 91' lang='lat' dir='ltr'>non</span> <span class='ocrx_word' id='word_1_203' title='bbox 1488 2135 1531 2206; x_wconf 87' lang='lat' dir='ltr'>lit,</span> <span class='ocrx_word' id='word_1_204' title='bbox 1557 2123 1717 2193; x_wconf 51' lang='lat' dir='ltr'>cariffi-en</span> 
     </span>
     <span class='ocr_line' id='line_1_20' title="bbox 284 2221 1765 2294; baseline -0.001 -16"><span class='ocrx_word' id='word_1_205' title='bbox 284 2223 364 2279; x_wconf 84' lang='lat' dir='ltr'>heres</span> <span class='ocrx_word' id='word_1_206' title='bbox 382 2225 406 2280; x_wconf 92' lang='lat' dir='ltr'>is</span> <span class='ocrx_word' id='word_1_207' title='bbox 424 2222 480 2294; x_wconf 87' lang='lat' dir='ltr'>liet,</span> <span class='ocrx_word' id='word_1_208' title='bbox 498 2223 599 2294; x_wconf 89' lang='lat' dir='ltr'>quibus</span> <span class='ocrx_word' id='word_1_209' title='bbox 616 2221 689 2280; x_wconf 86' lang='lat' dir='ltr'>iilius</span> <span class='ocrx_word' id='word_1_210' title='bbox 706 2223 766 2286; x_wconf 80' lang='lat' dir='ltr'>init</span> <span class='ocrx_word' id='word_1_211' title='bbox 1058 2289 1060 2294; x_wconf 43' lang='grc'>,</span> <span class='ocrx_word' id='word_1_212' title='bbox 1737 2237 1765 2278; x_wconf 87' lang='lat' dir='ltr'>rs</span> 
     </span>
    </p>

    <p class='ocr_par' dir='ltr' id='par_1_9' title="bbox 247 2302 1763 2562">
     <span class='ocr_line' id='line_1_21' title="bbox 247 2302 1763 2398; baseline 0.003 -28"><span class='ocrx_word' id='word_1_213' title='bbox 247 2311 266 2370; x_wconf 76' lang='grc'><strong><em>2</em></strong></span> <span class='ocrx_word' id='word_1_214' title='bbox 337 2313 415 2368; x_wconf 81' lang='lat' dir='ltr'>insu</span> <span class='ocrx_word' id='word_1_215' title='bbox 432 2312 502 2370; x_wconf 84' lang='lat' dir='ltr'>libro</span> <span class='ocrx_word' id='word_1_216' title='bbox 521 2315 712 2384; x_wconf 83' lang='lat' dir='ltr'>sexagensimo</span> <span class='ocrx_word' id='word_1_217' title='bbox 731 2314 849 2384; x_wconf 89' lang='lat' dir='ltr'>septimo</span> <span class='ocrx_word' id='word_1_218' title='bbox 867 2312 903 2368; x_wconf 90' lang='lat' dir='ltr'>ad</span> <span class='ocrx_word' id='word_1_219' title='bbox 921 2302 1054 2369; x_wconf 54' lang='lat' dir='ltr'>edictum,</span> <span class='ocrx_word' id='word_1_220' title='bbox 1088 2312 1118 2369; x_wconf 89' lang='lat' dir='ltr'>Si</span> <span class='ocrx_word' id='word_1_221' title='bbox 1135 2312 1208 2370; x_wconf 89' lang='lat' dir='ltr'>lilius</span> <span class='ocrx_word' id='word_1_222' title='bbox 1231 2312 1349 2370; x_wconf 81' lang='lat' dir='ltr'>familias</span> <span class='ocrx_word' id='word_1_223' title='bbox 1368 2315 1446 2370; x_wconf 88' lang='lat' dir='ltr'>miles</span> <span class='ocrx_word' id='word_1_224' title='bbox 1464 2314 1557 2370; x_wconf 87' lang='lat' dir='ltr'>daces·</span> <span class='ocrx_word' id='word_1_225' title='bbox 1577 2310 1717 2398; x_wconf 59' lang='lat' dir='ltr'>[ffl</span> <span class='ocrx_word' id='word_1_226' title='bbox 1735 2321 1763 2374; x_wconf 81' lang='lat' dir='ltr'><em>E</em></span> 
     </span>
     <span class='ocr_line' id='line_1_22' title="bbox 284 2402 1714 2476; baseline 0.002 -19"><span class='ocrx_word' id='word_1_227' title='bbox 284 2403 359 2470; x_wconf 87' lang='lat' dir='ltr'>serit,</span> <span class='ocrx_word' id='word_1_228' title='bbox 378 2403 401 2458; x_wconf 93' lang='lat' dir='ltr'>si</span> <span class='ocrx_word' id='word_1_229' title='bbox 419 2403 530 2473; x_wconf 86' lang='lat' dir='ltr'>quidem</span> <span class='ocrx_word' id='word_1_230' title='bbox 548 2403 704 2474; x_wconf 85' lang='lat' dir='ltr'>intestatus,</span> <span class='ocrx_word' id='word_1_231' title='bbox 724 2403 796 2459; x_wconf 88' lang='lat' dir='ltr'>bona</span> <span class='ocrx_word' id='word_1_232' title='bbox 814 2404 874 2460; x_wconf 90' lang='lat' dir='ltr'>cius</span> <span class='ocrx_word' id='word_1_233' title='bbox 891 2419 947 2460; x_wconf 89' lang='lat' dir='ltr'>uon</span> <span class='ocrx_word' id='word_1_234' title='bbox 964 2404 1043 2473; x_wconf 90' lang='lat' dir='ltr'>quasi</span> <span class='ocrx_word' id='word_1_235' title='bbox 1061 2402 1217 2476; x_wconf 86' lang='lat' dir='ltr'>hareditas,</span> <span class='ocrx_word' id='word_1_236' title='bbox 1232 2403 1281 2458; x_wconf 92' lang='lat' dir='ltr'>sed</span> <span class='ocrx_word' id='word_1_237' title='bbox 1299 2404 1378 2473; x_wconf 90' lang='lat' dir='ltr'>quasi</span> <span class='ocrx_word' id='word_1_238' title='bbox 1395 2404 1531 2473; x_wconf 89' lang='lat' dir='ltr'>peculium</span> <span class='ocrx_word' id='word_1_239' title='bbox 1550 2405 1622 2473; x_wconf 88' lang='lat' dir='ltr'>patri</span> <span class='ocrx_word' id='word_1_240' title='bbox 1640 2403 1714 2460; x_wconf 84' lang='lat' dir='ltr'>defe-</span> 
     </span>
     <span class='ocr_line' id='line_1_23' title="bbox 284 2491 1587 2562; baseline 0.002 -16"><span class='ocrx_word' id='word_1_241' title='bbox 284 2495 393 2547; x_wconf 87' lang='lat' dir='ltr'>runtur:</span> <span class='ocrx_word' id='word_1_242' title='bbox 413 2493 436 2547; x_wconf 90' lang='lat' dir='ltr'>si</span> <span class='ocrx_word' id='word_1_243' title='bbox 454 2499 547 2548; x_wconf 87' lang='lat' dir='ltr'>sotem</span> <span class='ocrx_word' id='word_1_244' title='bbox 565 2497 732 2548; x_wconf 81' lang='lat' dir='ltr'>testamento</span> <span class='ocrx_word' id='word_1_245' title='bbox 750 2491 833 2562; x_wconf 84' lang='lat' dir='ltr'>iacto,</span> <span class='ocrx_word' id='word_1_246' title='bbox 851 2492 896 2548; x_wconf 90' lang='lat' dir='ltr'>hic</span> <span class='ocrx_word' id='word_1_247' title='bbox 913 2507 964 2562; x_wconf 95' lang='lat' dir='ltr'>pro</span> <span class='ocrx_word' id='word_1_248' title='bbox 981 2491 1132 2548; x_wconf 86' lang='lat' dir='ltr'>hereditate</span> <span class='ocrx_word' id='word_1_249' title='bbox 1151 2491 1267 2548; x_wconf 87' lang='lat' dir='ltr'>habetur</span> <span class='ocrx_word' id='word_1_250' title='bbox 1284 2497 1423 2548; x_wconf 85' lang='lat' dir='ltr'>castrense</span> <span class='ocrx_word' id='word_1_251' title='bbox 1441 2494 1587 2562; x_wconf 86' lang='lat' dir='ltr'>peculium.</span> 
     </span>
    </p>

    <p class='ocr_par' dir='ltr' id='par_1_10' title="bbox 247 2577 1762 2831">
     <span class='ocr_line' id='line_1_24' title="bbox 247 2577 1760 2652; baseline -0.003 -14"><span class='ocrx_word' id='word_1_252' title='bbox 247 2577 266 2638; x_wconf 86' lang='grc'><strong>3</strong></span> <span class='ocrx_word' id='word_1_253' title='bbox 337 2581 415 2636; x_wconf 83' lang='lat' dir='ltr'>insu</span> <span class='ocrx_word' id='word_1_254' title='bbox 432 2580 501 2638; x_wconf 92' lang='lat' dir='ltr'>libro</span> <span class='ocrx_word' id='word_1_255' title='bbox 519 2585 619 2638; x_wconf 90' lang='lat' dir='ltr'>octauo</span> <span class='ocrx_word' id='word_1_256' title='bbox 637 2581 673 2637; x_wconf 91' lang='lat' dir='ltr'>ad</span> <span class='ocrx_word' id='word_1_257' title='bbox 689 2583 778 2652; x_wconf 77' lang='lat' dir='ltr'>legem</span> <span class='ocrx_word' id='word_1_258' title='bbox 791 2583 887 2638; x_wconf 89' lang='lat' dir='ltr'>Iuliam</span> <span class='ocrx_word' id='word_1_259' title='bbox 904 2585 933 2638; x_wconf 90' lang='lat' dir='ltr'>et</span> <span class='ocrx_word' id='word_1_260' title='bbox 944 2581 1067 2650; x_wconf 90' lang='lat' dir='ltr'>Papiam.</span> <span class='ocrx_word' id='word_1_261' title='bbox 1103 2580 1133 2636; x_wconf 87' lang='lat' dir='ltr'>Si</span> <span class='ocrx_word' id='word_1_262' title='bbox 1151 2582 1248 2638; x_wconf 89' lang='lat' dir='ltr'>mulier</span> <span class='ocrx_word' id='word_1_263' title='bbox 1265 2581 1321 2638; x_wconf 88' lang='lat' dir='ltr'>lilio</span> <span class='ocrx_word' id='word_1_264' title='bbox 1339 2582 1391 2636; x_wconf 91' lang='lat' dir='ltr'>uiri</span> <span class='ocrx_word' id='word_1_265' title='bbox 1409 2582 1487 2636; x_wconf 91' lang='lat' dir='ltr'>militi</span> <span class='ocrx_word' id='word_1_266' title='bbox 1505 2581 1542 2637; x_wconf 90' lang='lat' dir='ltr'>ad</span> <span class='ocrx_word' id='word_1_267' title='bbox 1560 2587 1714 2638; x_wconf 88' lang='lat' dir='ltr'>castrenses</span> <span class='ocrx_word' id='word_1_268' title='bbox 1732 2577 1760 2634; x_wconf 81' lang='grc' dir='ltr'><strong><em>Ε</em></strong></span> 
     </span>
     <span class='ocr_line' id='line_1_25' title="bbox 284 2669 1714 2742; baseline 0 -16"><span class='ocrx_word' id='word_1_269' title='bbox 284 2671 329 2726; x_wconf 88' lang='lat' dir='ltr'>uel</span> <span class='ocrx_word' id='word_1_270' title='bbox 347 2671 476 2727; x_wconf 88' lang='lat' dir='ltr'>militares</span> <span class='ocrx_word' id='word_1_271' title='bbox 495 2669 565 2726; x_wconf 81' lang='lat' dir='ltr'>sorte</span> <span class='ocrx_word' id='word_1_272' title='bbox 582 2686 627 2725; x_wconf 89' lang='lat' dir='ltr'>ras</span> <span class='ocrx_word' id='word_1_273' title='bbox 644 2670 844 2741; x_wconf 89' lang='lat' dir='ltr'>comparandas</span> <span class='ocrx_word' id='word_1_274' title='bbox 862 2670 1001 2740; x_wconf 83' lang='lat' dir='ltr'>reliquerit</span> <span class='ocrx_word' id='word_1_275' title='bbox 1018 2671 1177 2742; x_wconf 89' lang='lat' dir='ltr'>pecuniam,</span> <span class='ocrx_word' id='word_1_276' title='bbox 1201 2671 1296 2740; x_wconf 88' lang='lat' dir='ltr'>utique</span> <span class='ocrx_word' id='word_1_277' title='bbox 1314 2671 1448 2727; x_wconf 87' lang='lat' dir='ltr'>castrensi</span> <span class='ocrx_word' id='word_1_278' title='bbox 1467 2671 1573 2741; x_wconf 90' lang='lat' dir='ltr'>peculio</span> <span class='ocrx_word' id='word_1_279' title='bbox 1592 2686 1714 2742; x_wconf 88' lang='lat' dir='ltr'>eaquae</span> 
     </span>
     <span class='ocr_line' id='line_1_26' title="bbox 284 2760 1762 2831; baseline -0.003 -15"><span class='ocrx_word' id='word_1_280' title='bbox 284 2765 477 2830; x_wconf 85' lang='lat' dir='ltr'>comparantur</span> <span class='ocrx_word' id='word_1_281' title='bbox 494 2760 667 2816; x_wconf 53' lang='lat' dir='ltr'>&amp;numerari</span> <span class='ocrx_word' id='word_1_282' title='bbox 684 2760 825 2831; x_wconf 89' lang='lat' dir='ltr'>incipiunt.</span> <span class='ocrx_word' id='word_1_283' title='bbox 1528 2794 1534 2808; x_wconf 84' lang='lat'>.</span> <span class='ocrx_word' id='word_1_284' title='bbox 1733 2771 1762 2813; x_wconf 84' lang='lat' dir='ltr'>ac</span> 
     </span>
    </p>

    <p class='ocr_par' dir='ltr' id='par_1_11' title="bbox 245 2843 1792 2933">
     <span class='ocr_line' id='line_1_27' title="bbox 245 2843 1792 2933; baseline -0.001 -27"><span class='ocrx_word' id='word_1_285' title='bbox 245 2848 266 2906; x_wconf 80' lang='lat'>4</span> <span class='ocrx_word' id='word_1_286' title='bbox 336 2848 568 2906; x_wconf 80' lang='lat' dir='ltr'>Taarnunrssus</span> <span class='ocrx_word' id='word_1_287' title='bbox 590 2849 659 2905; x_wconf 91' lang='lat' dir='ltr'>libro</span> <span class='ocrx_word' id='word_1_288' title='bbox 683 2850 814 2920; x_wconf 76' lang='lat' dir='ltr'>singulari</span> <span class='ocrx_word' id='word_1_289' title='bbox 836 2849 872 2905; x_wconf 90' lang='lat' dir='ltr'>de</span> <span class='ocrx_word' id='word_1_290' title='bbox 891 2849 1024 2905; x_wconf 88' lang='lat' dir='ltr'>castrensi</span> <span class='ocrx_word' id='word_1_291' title='bbox 1042 2848 1157 2919; x_wconf 89' lang='lat' dir='ltr'>peculio.</span> <span class='ocrx_word' id='word_1_292' title='bbox 1194 2849 1272 2904; x_wconf 86' lang='lat' dir='ltr'>liiles</span> <span class='ocrx_word' id='word_1_293' title='bbox 1289 2849 1439 2920; x_wconf 90' lang='lat' dir='ltr'>praecipua</span> <span class='ocrx_word' id='word_1_294' title='bbox 1456 2847 1557 2904; x_wconf 87' lang='lat' dir='ltr'>habore</span> <span class='ocrx_word' id='word_1_295' title='bbox 1576 2843 1715 2933; x_wconf 51' lang='lat' dir='ltr'>[BQ—13}</span> <span class='ocrx_word' id='word_1_296' title='bbox 1732 2847 1792 2928; x_wconf 66' lang='lat' dir='ltr'>Es*</span> 
     </span>
    </p>

    <p class='ocr_par' dir='ltr' id='par_1_12' title="bbox 251 2936 1714 3010">
     <span class='ocr_line' id='line_1_28' title="bbox 251 2936 1714 3010; baseline 0 -16"><span class='ocrx_word' id='word_1_297' title='bbox 251 2948 264 2994; x_wconf 91' lang='lat'><strong>1</strong></span> <span class='ocrx_word' id='word_1_298' title='bbox 284 2936 375 3008; x_wconf 88' lang='lat' dir='ltr'>debet,</span> <span class='ocrx_word' id='word_1_299' title='bbox 394 2953 465 3008; x_wconf 89' lang='lat' dir='ltr'>quac</span> <span class='ocrx_word' id='word_1_300' title='bbox 482 2939 545 2995; x_wconf 91' lang='lat' dir='ltr'>tulit</span> <span class='ocrx_word' id='word_1_301' title='bbox 562 2954 655 2994; x_wconf 91' lang='lat' dir='ltr'>secum</span> <span class='ocrx_word' id='word_1_302' title='bbox 674 2939 702 2994; x_wconf 93' lang='lat' dir='ltr'>iu</span> <span class='ocrx_word' id='word_1_303' title='bbox 720 2945 812 2994; x_wconf 86' lang='lat' dir='ltr'>castra</span> <span class='ocrx_word' id='word_1_304' title='bbox 829 2939 997 2995; x_wconf 89' lang='lat' dir='ltr'>concedente</span> <span class='ocrx_word' id='word_1_305' title='bbox 1015 2944 1101 3008; x_wconf 88' lang='lat' dir='ltr'>patro.</span> <span class='ocrx_word' id='word_1_306' title='bbox 1139 2938 1283 2994; x_wconf 79' lang='lat' dir='ltr'>Actionem</span> <span class='ocrx_word' id='word_1_307' title='bbox 1301 2939 1575 3010; x_wconf 89' lang='lat' dir='ltr'>persecutionemque</span> <span class='ocrx_word' id='word_1_308' title='bbox 1593 2943 1714 2994; x_wconf 85' lang='lat' dir='ltr'>castren-</span> 
     </span>
    </p>

    <p class='ocr_par' dir='ltr' id='par_1_13' title="bbox 251 3025 1762 3454">
     <span class='ocr_line' id='line_1_29' title="bbox 251 3025 1714 3098; baseline -0.001 -14"><span class='ocrx_word' id='word_1_309' title='bbox 251 3027 354 3084; x_wconf 70' lang='lat' dir='ltr'>tsium</span> <span class='ocrx_word' id='word_1_310' title='bbox 378 3042 468 3086; x_wconf 87' lang='lat' dir='ltr'>rerum</span> <span class='ocrx_word' id='word_1_311' title='bbox 490 3043 598 3098; x_wconf 88' lang='lat' dir='ltr'>sempor</span> <span class='ocrx_word' id='word_1_312' title='bbox 620 3026 693 3084; x_wconf 89' lang='lat' dir='ltr'>iilius</span> <span class='ocrx_word' id='word_1_313' title='bbox 716 3029 799 3083; x_wconf 87' lang='lat' dir='ltr'>etiam</span> <span class='ocrx_word' id='word_1_314' title='bbox 822 3028 909 3084; x_wconf 91' lang='lat' dir='ltr'>inuito</span> <span class='ocrx_word' id='word_1_315' title='bbox 932 3034 1009 3098; x_wconf 91' lang='lat' dir='ltr'>patre</span> <span class='ocrx_word' id='word_1_316' title='bbox 1033 3025 1125 3083; x_wconf 87' lang='lat' dir='ltr'>habet</span> <span class='ocrx_word' id='word_1_317' title='bbox 1162 3026 1192 3083; x_wconf 89' lang='lat' dir='ltr'>Si</span> <span class='ocrx_word' id='word_1_318' title='bbox 1215 3025 1433 3098; x_wconf 82' lang='lat' dir='ltr'>paterfamilias</span> <span class='ocrx_word' id='word_1_319' title='bbox 1456 3029 1568 3083; x_wconf 90' lang='lat' dir='ltr'>militiae</span> <span class='ocrx_word' id='word_1_320' title='bbox 1591 3033 1714 3097; x_wconf 89' lang='lat' dir='ltr'>tempore</span> 
     </span>
     <span class='ocr_line' id='line_1_30' title="bbox 284 3115 1716 3188; baseline 0 -16"><span class='ocrx_word' id='word_1_321' title='bbox 284 3117 329 3172; x_wconf 92' lang='lat' dir='ltr'>nel</span> <span class='ocrx_word' id='word_1_322' title='bbox 346 3121 410 3187; x_wconf 87' lang='lat' dir='ltr'>post</span> <span class='ocrx_word' id='word_1_323' title='bbox 428 3117 584 3172; x_wconf 87' lang='lat' dir='ltr'>missionem</span> <span class='ocrx_word' id='word_1_324' title='bbox 603 3117 791 3187; x_wconf 84' lang='lat' dir='ltr'>adrogandum</span> <span class='ocrx_word' id='word_1_325' title='bbox 809 3133 839 3174; x_wconf 88' lang='lat' dir='ltr'>se</span> <span class='ocrx_word' id='word_1_326' title='bbox 857 3116 1026 3188; x_wconf 78' lang='lat' dir='ltr'>praebuerit,</span> <span class='ocrx_word' id='word_1_327' title='bbox 1049 3115 1199 3180; x_wconf 85' lang='lat' dir='ltr'>uidendum</span> <span class='ocrx_word' id='word_1_328' title='bbox 1223 3117 1289 3187; x_wconf 88' lang='lat' dir='ltr'>erit,</span> <span class='ocrx_word' id='word_1_329' title='bbox 1313 3131 1348 3172; x_wconf 90' lang='lat' dir='ltr'>nc</span> <span class='ocrx_word' id='word_1_330' title='bbox 1372 3116 1436 3172; x_wconf 87' lang='lat' dir='ltr'>huic</span> <span class='ocrx_word' id='word_1_331' title='bbox 1454 3131 1563 3186; x_wconf 88' lang='lat' dir='ltr'>quoque</span> <span class='ocrx_word' id='word_1_332' title='bbox 1582 3117 1716 3186; x_wconf 88' lang='lat' dir='ltr'>permissa</span> 
     </span>
     <span class='ocr_line' id='line_1_31' title="bbox 282 3204 1762 3276; baseline -0.002 -16"><span class='ocrx_word' id='word_1_333' title='bbox 282 3206 458 3276; x_wconf 81' lang='lat' dir='ltr'>intellegatur</span> <span class='ocrx_word' id='word_1_334' title='bbox 480 3217 574 3262; x_wconf 89' lang='lat' dir='ltr'>earnm</span> <span class='ocrx_word' id='word_1_335' title='bbox 598 3221 688 3261; x_wconf 89' lang='lat' dir='ltr'>rernm</span> <span class='ocrx_word' id='word_1_336' title='bbox 712 3206 926 3275; x_wconf 75' lang='lat' dir='ltr'>administratio,</span> <span class='ocrx_word' id='word_1_337' title='bbox 952 3221 1022 3276; x_wconf 87' lang='lat' dir='ltr'>quas</span> <span class='ocrx_word' id='word_1_338' title='bbox 1046 3210 1110 3260; x_wconf 88' lang='lat' dir='ltr'>ante</span> <span class='ocrx_word' id='word_1_339' title='bbox 1133 3205 1340 3274; x_wconf 83' lang='lat' dir='ltr'>adrogationem</span> <span class='ocrx_word' id='word_1_340' title='bbox 1366 3206 1395 3260; x_wconf 91' lang='lat' dir='ltr'>in</span> <span class='ocrx_word' id='word_1_341' title='bbox 1422 3205 1519 3264; x_wconf 74' lang='lat' dir='ltr'>oasmis</span> <span class='ocrx_word' id='word_1_342' title='bbox 1546 3204 1714 3276; x_wconf 80' lang='lat' dir='ltr'>adquisierit,</span> <span class='ocrx_word' id='word_1_343' title='bbox 1734 3217 1762 3257; x_wconf 89' lang='lat' dir='ltr'>ao</span> 
     </span>
     <span class='ocr_line' id='line_1_32' title="bbox 283 3293 1715 3366; baseline 0 -16"><span class='ocrx_word' id='word_1_344' title='bbox 283 3295 410 3366; x_wconf 86' lang='lat' dir='ltr'>quamuis</span> <span class='ocrx_word' id='word_1_345' title='bbox 428 3295 637 3352; x_wconf 74' lang='lat' dir='ltr'>constitutiones</span> <span class='ocrx_word' id='word_1_346' title='bbox 654 3295 819 3366; x_wconf 86' lang='lat' dir='ltr'>principales</span> <span class='ocrx_word' id='word_1_347' title='bbox 836 3295 872 3351; x_wconf 95' lang='lat' dir='ltr'>de</span> <span class='ocrx_word' id='word_1_348' title='bbox 889 3295 932 3350; x_wconf 89' lang='lat' dir='ltr'>iris</span> <span class='ocrx_word' id='word_1_349' title='bbox 949 3296 1109 3366; x_wconf 86' lang='lat' dir='ltr'>loquantur,</span> <span class='ocrx_word' id='word_1_350' title='bbox 1126 3295 1174 3365; x_wconf 90' lang='lat' dir='ltr'>qui</span> <span class='ocrx_word' id='word_1_351' title='bbox 1192 3293 1227 3350; x_wconf 84' lang='lat' dir='ltr'>ab</span> <span class='ocrx_word' id='word_1_352' title='bbox 1245 3295 1322 3350; x_wconf 90' lang='lat' dir='ltr'>initio</span> <span class='ocrx_word' id='word_1_353' title='bbox 1340 3310 1403 3350; x_wconf 88' lang='lat' dir='ltr'>curn</span> <span class='ocrx_word' id='word_1_354' title='bbox 1422 3299 1515 3350; x_wconf 86' lang='lat' dir='ltr'>esseut</span> <span class='ocrx_word' id='word_1_355' title='bbox 1531 3293 1580 3350; x_wconf 88' lang='lat' dir='ltr'>filii</span> <span class='ocrx_word' id='word_1_356' title='bbox 1597 3293 1715 3350; x_wconf 83' lang='lat' dir='ltr'>familias</span> 
     </span>
     <span class='ocr_line' id='line_1_33' title="bbox 283 3384 1372 3454; baseline 0.002 -14"><span class='ocrx_word' id='word_1_357' title='bbox 283 3384 466 3440; x_wconf 80' lang='lat' dir='ltr'>militauerict.</span> <span class='ocrx_word' id='word_1_358' title='bbox 492 3384 568 3454; x_wconf 90' lang='lat' dir='ltr'>qocd</span> <span class='ocrx_word' id='word_1_359' title='bbox 584 3384 784 3440; x_wconf 82' lang='lat' dir='ltr'>admittendum</span> <span class='ocrx_word' id='word_1_360' title='bbox 803 3390 854 3440; x_wconf 87' lang='lat' dir='ltr'>cst.</span> <span class='ocrx_word' id='word_1_361' title='bbox 1370 3439 1372 3442; x_wconf 86' lang='lat'>.</span> 
     </span>
    </p>

    <p class='ocr_par' dir='ltr' id='par_1_14' title="bbox 246 3457 1753 3634">
     <span class='ocr_line' id='line_1_34' title="bbox 246 3457 1753 3540; baseline -0.005 -8"><span class='ocrx_word' id='word_1_362' title='bbox 246 3473 265 3532; x_wconf 83' lang='lat'><strong>5</strong></span> <span class='ocrx_word' id='word_1_363' title='bbox 336 3473 487 3530; x_wconf 79' lang='lat' dir='ltr'>Uorrasus</span> <span class='ocrx_word' id='word_1_364' title='bbox 508 3473 578 3530; x_wconf 91' lang='lat' dir='ltr'>libro</span> <span class='ocrx_word' id='word_1_365' title='bbox 601 3457 680 3530; x_wconf 83' lang='lat' dir='ltr'>sexto</span> <span class='ocrx_word' id='word_1_366' title='bbox 703 3472 739 3528; x_wconf 84' lang='lat' dir='ltr'>ad</span> <span class='ocrx_word' id='word_1_367' title='bbox 761 3472 902 3528; x_wconf 85' lang='lat' dir='ltr'>Sabinum.</span> <span class='ocrx_word' id='word_1_368' title='bbox 944 3472 1021 3527; x_wconf 86' lang='lat' dir='ltr'>liiler</span> <span class='ocrx_word' id='word_1_369' title='bbox 1048 3469 1120 3526; x_wconf 84' lang='lat' dir='ltr'>fliius</span> <span class='ocrx_word' id='word_1_370' title='bbox 1143 3469 1259 3528; x_wconf 79' lang='lat' dir='ltr'>familias</span> <span class='ocrx_word' id='word_1_371' title='bbox 1286 3487 1304 3526; x_wconf 91' lang='lat' dir='ltr'>a</span> <span class='ocrx_word' id='word_1_372' title='bbox 1329 3471 1513 3527; x_wconf 78' lang='lat' dir='ltr'>commilitone</span> <span class='ocrx_word' id='word_1_373' title='bbox 1540 3471 1584 3526; x_wconf 92' lang='lat' dir='ltr'>uel</span> <span class='ocrx_word' id='word_1_374' title='bbox 1610 3469 1645 3526; x_wconf 90' lang='lat' dir='ltr'>ab</span> <span class='ocrx_word' id='word_1_375' title='bbox 1672 3469 1753 3540; x_wconf 84' lang='lat' dir='ltr'>ec,S</span> 
     </span>
     <span class='ocr_line' id='line_1_35' title="bbox 282 3558 1715 3634; baseline -0.003 -14"><span class='ocrx_word' id='word_1_376' title='bbox 282 3579 365 3634; x_wconf 90' lang='lat' dir='ltr'>quem</span> <span class='ocrx_word' id='word_1_377' title='bbox 382 3579 433 3634; x_wconf 89' lang='lat' dir='ltr'>per</span> <span class='ocrx_word' id='word_1_378' title='bbox 450 3563 573 3620; x_wconf 90' lang='lat' dir='ltr'>militiam</span> <span class='ocrx_word' id='word_1_379' title='bbox 592 3562 736 3634; x_wconf 82' lang='lat' dir='ltr'>cognouit,</span> <span class='ocrx_word' id='word_1_380' title='bbox 758 3561 838 3618; x_wconf 90' lang='lat' dir='ltr'>heres</span> <span class='ocrx_word' id='word_1_381' title='bbox 855 3561 998 3618; x_wconf 87' lang='lat' dir='ltr'>institutos</span> <span class='ocrx_word' id='word_1_382' title='bbox 1016 3567 1045 3616; x_wconf 91' lang='lat' dir='ltr'>et</span> <span class='ocrx_word' id='word_1_383' title='bbox 1062 3561 1132 3616; x_wconf 89' lang='lat' dir='ltr'>citra</span> <span class='ocrx_word' id='word_1_384' title='bbox 1149 3561 1252 3616; x_wconf 87' lang='lat' dir='ltr'>iussum</span> <span class='ocrx_word' id='word_1_385' title='bbox 1269 3561 1356 3632; x_wconf 90' lang='lat' dir='ltr'>patris</span> <span class='ocrx_word' id='word_1_386' title='bbox 1374 3575 1425 3616; x_wconf 89' lang='lat' dir='ltr'>suo</span> <span class='ocrx_word' id='word_1_387' title='bbox 1443 3558 1555 3616; x_wconf 90' lang='lat' dir='ltr'>arbitrio</span> <span class='ocrx_word' id='word_1_388' title='bbox 1573 3565 1647 3615; x_wconf 87' lang='lat' dir='ltr'>recte</span> <span class='ocrx_word' id='word_1_389' title='bbox 1665 3574 1715 3630; x_wconf 94' lang='lat' dir='ltr'>pro</span> 
     </span>
    </p>
   </div>
   <div class='ocr_carea' id='block_1_7' title="bbox 246 3651 1762 3812">
    <p class='ocr_par' dir='ltr' id='par_1_15' title="bbox 246 3651 1762 3812">
     <span class='ocr_line' id='line_1_36' title="bbox 246 3651 1762 3812; baseline -0.007 -12"><span class='ocrx_word' id='word_1_390' title='bbox 246 3651 499 3800; x_wconf 50' lang='lat' dir='ltr'>ehemlgzuaffio</span> <span class='ocrx_word' id='word_1_391' title='bbox 518 3739 677 3812; x_wconf 78' lang='lat' dir='ltr'>trigessimo</span> <span class='ocrx_word' id='word_1_392' title='bbox 695 3737 817 3794; x_wconf 90' lang='lat' dir='ltr'>secundo</span> <span class='ocrx_word' id='word_1_393' title='bbox 835 3738 872 3793; x_wconf 90' lang='lat' dir='ltr'>ad</span> <span class='ocrx_word' id='word_1_394' title='bbox 889 3735 1030 3794; x_wconf 86' lang='lat' dir='ltr'>Sabinum.</span> <span class='ocrx_word' id='word_1_395' title='bbox 1066 3735 1096 3792; x_wconf 84' lang='lat' dir='ltr'>Si</span> <span class='ocrx_word' id='word_1_396' title='bbox 1118 3737 1195 3792; x_wconf 88' lang='lat' dir='ltr'>militi</span> <span class='ocrx_word' id='word_1_397' title='bbox 1219 3735 1276 3792; x_wconf 89' lang='lat' dir='ltr'>lille</span> <span class='ocrx_word' id='word_1_398' title='bbox 1299 3734 1416 3792; x_wconf 80' lang='lat' dir='ltr'>familias</span> <span class='ocrx_word' id='word_1_399' title='bbox 1439 3752 1508 3792; x_wconf 84' lang='lat' dir='ltr'>uxor</span> <span class='ocrx_word' id='word_1_400' title='bbox 1529 3752 1640 3792; x_wconf 89' lang='lat' dir='ltr'>seruum</span> <span class='ocrx_word' id='word_1_401' title='bbox 1658 3752 1714 3792; x_wconf 91' lang='lat' dir='ltr'>ma·</span> <span class='ocrx_word' id='word_1_402' title='bbox 1732 3661 1762 3790; x_wconf 55' lang='grc' dir='ltr'>ἕ</span> 
     </span>
    </p>
   </div>
   <div class='ocr_carea' id='block_1_8' title="bbox 243 3824 1842 4712">
    <p class='ocr_par' dir='ltr' id='par_1_16' title="bbox 282 3824 1762 4255">
     <span class='ocr_line' id='line_1_37' title="bbox 283 3824 1715 3897; baseline -0.003 -11"><span class='ocrx_word' id='word_1_403' title='bbox 283 3830 447 3886; x_wconf 85' lang='lat' dir='ltr'>numittcndi</span> <span class='ocrx_word' id='word_1_404' title='bbox 465 3845 550 3886; x_wconf 88' lang='lat' dir='ltr'>causa</span> <span class='ocrx_word' id='word_1_405' title='bbox 567 3829 719 3897; x_wconf 84' lang='lat' dir='ltr'>donauerit,</span> <span class='ocrx_word' id='word_1_406' title='bbox 738 3843 773 3882; x_wconf 87' lang='lat' dir='ltr'>an</span> <span class='ocrx_word' id='word_1_407' title='bbox 791 3843 869 3882; x_wconf 89' lang='lat' dir='ltr'>suurn</span> <span class='ocrx_word' id='word_1_408' title='bbox 888 3826 1015 3882; x_wconf 88' lang='lat' dir='ltr'>libertum</span> <span class='ocrx_word' id='word_1_409' title='bbox 1033 3824 1136 3896; x_wconf 81' lang='lat' dir='ltr'>iecerit,</span> <span class='ocrx_word' id='word_1_410' title='bbox 1155 3826 1307 3894; x_wconf 86' lang='lat' dir='ltr'>uideamus,</span> <span class='ocrx_word' id='word_1_411' title='bbox 1326 3826 1391 3896; x_wconf 88' lang='lat' dir='ltr'>quia</span> <span class='ocrx_word' id='word_1_412' title='bbox 1402 3827 1555 3896; x_wconf 76' lang='lat' dir='ltr'>peculiares</span> <span class='ocrx_word' id='word_1_413' title='bbox 1573 3829 1601 3880; x_wconf 92' lang='lat' dir='ltr'>et</span> <span class='ocrx_word' id='word_1_414' title='bbox 1619 3839 1715 3881; x_wconf 86' lang='lat' dir='ltr'>seruos</span> 
     </span>
     <span class='ocr_line' id='line_1_38' title="bbox 283 3901 1716 3989; baseline -0.004 -14"><span class='ocrx_word' id='word_1_415' title='bbox 283 3924 312 3974; x_wconf 91' lang='lat' dir='ltr'>et</span> <span class='ocrx_word' id='word_1_416' title='bbox 328 3918 441 3975; x_wconf 90' lang='lat' dir='ltr'>libertos</span> <span class='ocrx_word' id='word_1_417' title='bbox 458 3919 549 3989; x_wconf 91' lang='lat' dir='ltr'>potuit</span> <span class='ocrx_word' id='word_1_418' title='bbox 566 3917 675 3974; x_wconf 89' lang='lat' dir='ltr'>habere.</span> <span class='ocrx_word' id='word_1_419' title='bbox 703 3921 732 3972; x_wconf 89' lang='lat' dir='ltr'>et</span> <span class='ocrx_word' id='word_1_420' title='bbox 749 3917 838 3986; x_wconf 82' lang='lat' dir='ltr'>magis</span> <span class='ocrx_word' id='word_1_421' title='bbox 856 3920 912 3986; x_wconf 89' lang='lat' dir='ltr'>cst,</span> <span class='ocrx_word' id='word_1_422' title='bbox 936 3921 967 3970; x_wconf 92' lang='lat' dir='ltr'>ut</span> <span class='ocrx_word' id='word_1_423' title='bbox 984 3914 1050 3972; x_wconf 84' lang='lat' dir='ltr'>hoc¹</span> <span class='ocrx_word' id='word_1_424' title='bbox 1071 3901 1203 3970; x_wconf 73' lang='lat' dir='ltr'>castremi</span> <span class='ocrx_word' id='word_1_425' title='bbox 1221 3915 1328 3984; x_wconf 87' lang='lat' dir='ltr'>peculio</span> <span class='ocrx_word' id='word_1_426' title='bbox 1346 3930 1402 3970; x_wconf 92' lang='lat' dir='ltr'>non</span> <span class='ocrx_word' id='word_1_427' title='bbox 1420 3915 1627 3984; x_wconf 87' lang='lat' dir='ltr'>adnumeretur,</span> <span class='ocrx_word' id='word_1_428' title='bbox 1651 3914 1716 3983; x_wconf 87' lang='lat' dir='ltr'>quia</span> 
     </span>
     <span class='ocr_line' id='line_1_39' title="bbox 282 4003 1714 4078; baseline -0.005 -14"><span class='ocrx_word' id='word_1_429' title='bbox 282 4023 352 4064; x_wconf 87' lang='lat' dir='ltr'>uxor</span> <span class='ocrx_word' id='word_1_430' title='bbox 374 4009 400 4064; x_wconf 90' lang='lat' dir='ltr'>ei</span> <span class='ocrx_word' id='word_1_431' title='bbox 422 4023 477 4064; x_wconf 88' lang='lat' dir='ltr'>non</span> <span class='ocrx_word' id='word_1_432' title='bbox 499 4014 610 4078; x_wconf 90' lang='lat' dir='ltr'>propter</span> <span class='ocrx_word' id='word_1_433' title='bbox 633 4007 757 4062; x_wconf 87' lang='lat' dir='ltr'>militiam</span> <span class='ocrx_word' id='word_1_434' title='bbox 779 4010 846 4060; x_wconf 91' lang='lat' dir='ltr'>nota</span> <span class='ocrx_word' id='word_1_435' title='bbox 869 4011 951 4060; x_wconf 87' lang='lat' dir='ltr'>esset</span> <span class='ocrx_word' id='word_1_436' title='bbox 981 4005 1063 4074; x_wconf 91' lang='lat' dir='ltr'>plane</span> <span class='ocrx_word' id='word_1_437' title='bbox 1080 4004 1103 4060; x_wconf 91' lang='lat' dir='ltr'>si</span> <span class='ocrx_word' id='word_1_438' title='bbox 1123 4003 1187 4062; x_wconf 86' lang='lat' dir='ltr'>milri</span> <span class='ocrx_word' id='word_1_439' title='bbox 1204 4019 1342 4074; x_wconf 84' lang='lat' dir='ltr'>proponas</span> <span class='ocrx_word' id='word_1_440' title='bbox 1359 4003 1395 4059; x_wconf 90' lang='lat' dir='ltr'>ad</span> <span class='ocrx_word' id='word_1_441' title='bbox 1414 4009 1505 4058; x_wconf 74' lang='lat' dir='ltr'>casua</span> <span class='ocrx_word' id='word_1_442' title='bbox 1522 4004 1598 4058; x_wconf 89' lang='lat' dir='ltr'>eunti</span> <span class='ocrx_word' id='word_1_443' title='bbox 1616 4003 1714 4057; x_wconf 91' lang='lat' dir='ltr'>marito</span> 
     </span>
     <span class='ocr_line' id='line_1_40' title="bbox 282 4091 1762 4165; baseline -0.004 -13"><span class='ocrx_word' id='word_1_444' title='bbox 282 4111 395 4154; x_wconf 85' lang='lat' dir='ltr'>uxerem</span> <span class='ocrx_word' id='word_1_445' title='bbox 414 4113 509 4153; x_wconf 90' lang='lat' dir='ltr'>seruos</span> <span class='ocrx_word' id='word_1_446' title='bbox 527 4097 658 4165; x_wconf 85' lang='lat' dir='ltr'>donasse,</span> <span class='ocrx_word' id='word_1_447' title='bbox 678 4100 709 4150; x_wconf 91' lang='lat' dir='ltr'>ut</span> <span class='ocrx_word' id='word_1_448' title='bbox 726 4094 903 4150; x_wconf 89' lang='lat' dir='ltr'>manumittat</span> <span class='ocrx_word' id='word_1_449' title='bbox 919 4097 949 4149; x_wconf 93' lang='lat' dir='ltr'>et</span> <span class='ocrx_word' id='word_1_450' title='bbox 965 4091 1070 4148; x_wconf 85' lang='lat' dir='ltr'>habiles</span> <span class='ocrx_word' id='word_1_451' title='bbox 1088 4091 1125 4147; x_wconf 91' lang='lat' dir='ltr'>ad</span> <span class='ocrx_word' id='word_1_452' title='bbox 1143 4093 1266 4148; x_wconf 89' lang='lat' dir='ltr'>militiam</span> <span class='ocrx_word' id='word_1_453' title='bbox 1284 4092 1397 4148; x_wconf 88' lang='lat' dir='ltr'>libertos</span> <span class='ocrx_word' id='word_1_454' title='bbox 1415 4091 1531 4162; x_wconf 87' lang='lat' dir='ltr'>habeat,</span> <span class='ocrx_word' id='word_1_455' title='bbox 1549 4095 1642 4162; x_wconf 85' lang='lat' dir='ltr'>potest</span> <span class='ocrx_word' id='word_1_456' title='bbox 1660 4091 1762 4146; x_wconf 77' lang='lat' dir='ltr'>dici&#39;re</span> 
     </span>
     <span class='ocr_line' id='line_1_41' title="bbox 282 4180 1483 4255; baseline -0.006 -13"><span class='ocrx_word' id='word_1_457' title='bbox 282 4202 334 4242; x_wconf 89' lang='lat' dir='ltr'>sua</span> <span class='ocrx_word' id='word_1_458' title='bbox 350 4187 492 4242; x_wconf 89' lang='lat' dir='ltr'>uoluntate</span> <span class='ocrx_word' id='word_1_459' title='bbox 510 4187 570 4242; x_wconf 87' lang='lat' dir='ltr'>sinc</span> <span class='ocrx_word' id='word_1_460' title='bbox 587 4185 673 4255; x_wconf 87' lang='lat' dir='ltr'>patris</span> <span class='ocrx_word' id='word_1_461' title='bbox 691 4183 825 4254; x_wconf 87' lang='lat' dir='ltr'>permissu</span> <span class='ocrx_word' id='word_1_462' title='bbox 844 4182 1080 4247; x_wconf 84' lang='lat' dir='ltr'>manumittentem</span> <span class='ocrx_word' id='word_1_463' title='bbox 1099 4181 1135 4236; x_wconf 92' lang='lat' dir='ltr'>ad</span> <span class='ocrx_word' id='word_1_464' title='bbox 1153 4180 1306 4236; x_wconf 86' lang='lat' dir='ltr'>libertatem</span> <span class='ocrx_word' id='word_1_465' title='bbox 1324 4181 1483 4252; x_wconf 90' lang='lat' dir='ltr'>perducere.</span> 
     </span>
    </p>

    <p class='ocr_par' dir='ltr' id='par_1_17' title="bbox 245 4267 1763 4524">
     <span class='ocr_line' id='line_1_42' title="bbox 245 4267 1753 4345; baseline -0.009 -10"><span class='ocrx_word' id='word_1_466' title='bbox 245 4277 264 4336; x_wconf 84' lang='lat' dir='ltr'>&#39;i</span> <span class='ocrx_word' id='word_1_467' title='bbox 335 4276 413 4332; x_wconf 80' lang='lat' dir='ltr'>Insa</span> <span class='ocrx_word' id='word_1_468' title='bbox 433 4275 503 4331; x_wconf 85' lang='lat' dir='ltr'>libro</span> <span class='ocrx_word' id='word_1_469' title='bbox 525 4275 684 4345; x_wconf 84' lang='lat' dir='ltr'>trigensimo</span> <span class='ocrx_word' id='word_1_470' title='bbox 706 4274 789 4329; x_wconf 89' lang='lat' dir='ltr'>tertio</span> <span class='ocrx_word' id='word_1_471' title='bbox 810 4272 847 4328; x_wconf 90' lang='lat' dir='ltr'>ad</span> <span class='ocrx_word' id='word_1_472' title='bbox 870 4271 1000 4328; x_wconf 84' lang='lat' dir='ltr'>edictum.</span> <span class='ocrx_word' id='word_1_473' title='bbox 1036 4269 1066 4326; x_wconf 84' lang='lat' dir='ltr'>Si</span> <span class='ocrx_word' id='word_1_474' title='bbox 1088 4275 1229 4326; x_wconf 74' lang='lat' dir='ltr'>castreme</span> <span class='ocrx_word' id='word_1_475' title='bbox 1251 4271 1388 4340; x_wconf 86' lang='lat' dir='ltr'>peculium</span> <span class='ocrx_word' id='word_1_476' title='bbox 1411 4270 1525 4324; x_wconf 77' lang='lat' dir='ltr'>maritum</span> <span class='ocrx_word' id='word_1_477' title='bbox 1548 4267 1662 4338; x_wconf 89' lang='lat' dir='ltr'>habeat,</span> <span class='ocrx_word' id='word_1_478' title='bbox 1685 4267 1713 4322; x_wconf 90' lang='lat' dir='ltr'>in</span> <span class='ocrx_word' id='word_1_479' title='bbox 1731 4267 1753 4322; x_wconf 84' lang='lat' dir='ltr'><strong><em>S</em></strong></span> 
     </span>
     <span class='ocr_line' id='line_1_43' title="bbox 281 4356 1713 4440; baseline -0.006 -20"><span class='ocrx_word' id='word_1_480' title='bbox 281 4371 414 4434; x_wconf 87' lang='lat' dir='ltr'>quantum</span> <span class='ocrx_word' id='word_1_481' title='bbox 439 4364 530 4420; x_wconf 84' lang='lat' dir='ltr'>iacere</span> <span class='ocrx_word' id='word_1_482' title='bbox 553 4367 645 4434; x_wconf 89' lang='lat' dir='ltr'>potest</span> <span class='ocrx_word' id='word_1_483' title='bbox 668 4361 998 4440; x_wconf 56' lang='lat' dir='ltr'>condemnabitur,3qnia</span> <span class='ocrx_word' id='word_1_484' title='bbox 1021 4360 1104 4416; x_wconf 70' lang='grc' dir='ltr'>οιὶιιιιι</span> <span class='ocrx_word' id='word_1_485' title='bbox 1128 4375 1184 4416; x_wconf 90' lang='lat' dir='ltr'>non</span> <span class='ocrx_word' id='word_1_486' title='bbox 1205 4358 1391 4416; x_wconf 89' lang='lat' dir='ltr'>castrensibus</span> <span class='ocrx_word' id='word_1_487' title='bbox 1417 4356 1597 4414; x_wconf 85' lang='lat' dir='ltr'>creditoribus</span> <span class='ocrx_word' id='word_1_488' title='bbox 1622 4371 1657 4414; x_wconf 84' lang='lat' dir='ltr'>ex</span> <span class='ocrx_word' id='word_1_489' title='bbox 1680 4371 1713 4412; x_wconf 95' lang='lat' dir='ltr'>eo</span> 
     </span>
     <span class='ocr_line' id='line_1_44' title="bbox 281 4450 1763 4524; baseline -0.006 -15"><span class='ocrx_word' id='word_1_490' title='bbox 281 4454 389 4524; x_wconf 82' lang='lat' dir='ltr'>peculio</span> <span class='ocrx_word' id='word_1_491' title='bbox 407 4454 496 4524; x_wconf 83' lang='lat' dir='ltr'>magis</span> <span class='ocrx_word' id='word_1_492' title='bbox 513 4458 557 4510; x_wconf 90' lang='lat' dir='ltr'>est</span> <span class='ocrx_word' id='word_1_493' title='bbox 574 4468 637 4508; x_wconf 90' lang='lat' dir='ltr'>eum</span> <span class='ocrx_word' id='word_1_494' title='bbox 655 4451 718 4522; x_wconf 77' lang='lat' dir='ltr'>cogi</span> <span class='ocrx_word' id='word_1_495' title='bbox 736 4450 909 4521; x_wconf 86' lang='lat' dir='ltr'>respondere.</span> <span class='ocrx_word' id='word_1_496' title='bbox 1732 4460 1763 4501; x_wconf 79' lang='lat' dir='ltr'>as</span> 
     </span>
    </p>

    <p class='ocr_par' dir='ltr' id='par_1_18' title="bbox 243 4534 1842 4712">
     <span class='ocr_line' id='line_1_45' title="bbox 243 4534 1753 4612; baseline -0.007 -13"><span class='ocrx_word' id='word_1_497' title='bbox 243 4545 264 4605; x_wconf 89' lang='lat'>8</span> <span class='ocrx_word' id='word_1_498' title='bbox 334 4543 411 4598; x_wconf 82' lang='lat' dir='ltr'>qurr</span> <span class='ocrx_word' id='word_1_499' title='bbox 434 4542 503 4600; x_wconf 89' lang='lat' dir='ltr'>libro</span> <span class='ocrx_word' id='word_1_500' title='bbox 526 4541 755 4612; x_wconf 74' lang='lat' dir='ltr'>quadragensimo</span> <span class='ocrx_word' id='word_1_501' title='bbox 779 4540 874 4610; x_wconf 89' lang='lat' dir='ltr'>quinto</span> <span class='ocrx_word' id='word_1_502' title='bbox 897 4538 933 4594; x_wconf 90' lang='lat' dir='ltr'>ad</span> <span class='ocrx_word' id='word_1_503' title='bbox 957 4538 1087 4594; x_wconf 89' lang='lat' dir='ltr'>edictum.</span> <span class='ocrx_word' id='word_1_504' title='bbox 1124 4537 1247 4594; x_wconf 74' lang='lat' dir='ltr'>siloes</span> <span class='ocrx_word' id='word_1_505' title='bbox 1270 4551 1340 4592; x_wconf 84' lang='lat' dir='ltr'>uxor</span> <span class='ocrx_word' id='word_1_506' title='bbox 1362 4536 1406 4590; x_wconf 92' lang='lat' dir='ltr'>uel</span> <span class='ocrx_word' id='word_1_507' title='bbox 1430 4541 1565 4606; x_wconf 83' lang='lat' dir='ltr'>cognatus</span> <span class='ocrx_word' id='word_1_508' title='bbox 1589 4535 1634 4590; x_wconf 90' lang='lat' dir='ltr'>uel</span> <span class='ocrx_word' id='word_1_509' title='bbox 1651 4534 1753 4604; x_wconf 79' lang='lat' dir='ltr'>quisS</span> 
     </span>
     <span class='ocr_line' id='line_1_46' title="bbox 281 4623 1842 4712; baseline -0.006 -26"><span class='ocrx_word' id='word_1_510' title='bbox 281 4631 352 4687; x_wconf 87' lang='lat' dir='ltr'>alius</span> <span class='ocrx_word' id='word_1_511' title='bbox 374 4647 429 4687; x_wconf 92' lang='lat' dir='ltr'>non</span> <span class='ocrx_word' id='word_1_512' title='bbox 452 4645 487 4687; x_wconf 85' lang='lat' dir='ltr'>ex</span> <span class='ocrx_word' id='word_1_513' title='bbox 509 4631 607 4687; x_wconf 69' lang='lat' dir='ltr'>casule</span> <span class='ocrx_word' id='word_1_514' title='bbox 633 4623 715 4686; x_wconf 81' lang='lat' dir='ltr'>notlrs</span> <span class='ocrx_word' id='word_1_515' title='bbox 740 4627 796 4686; x_wconf 91' lang='lat' dir='ltr'>lilio</span> <span class='ocrx_word' id='word_1_516' title='bbox 822 4627 940 4684; x_wconf 84' lang='lat' dir='ltr'>iamdias</span> <span class='ocrx_word' id='word_1_517' title='bbox 966 4627 1111 4684; x_wconf 88' lang='lat' dir='ltr'>donaucrit</span> <span class='ocrx_word' id='word_1_518' title='bbox 1138 4626 1205 4698; x_wconf 89' lang='lat' dir='ltr'>quid</span> <span class='ocrx_word' id='word_1_519' title='bbox 1227 4627 1274 4682; x_wconf 92' lang='lat' dir='ltr'>uel</span> <span class='ocrx_word' id='word_1_520' title='bbox 1298 4624 1309 4697; x_wconf 80' lang='grc' dir='ltr'>ΙΙ</span> <span class='ocrx_word' id='word_1_521' title='bbox 1333 4626 1468 4696; x_wconf 81' lang='lat' dir='ltr'>legaucrit</span> <span class='ocrx_word' id='word_1_522' title='bbox 1494 4631 1523 4682; x_wconf 91' lang='lat' dir='ltr'>et</span> <span class='ocrx_word' id='word_1_523' title='bbox 1548 4623 1714 4695; x_wconf 82' lang='lat' dir='ltr'>expresserit</span> <span class='ocrx_word' id='word_1_524' title='bbox 1730 4629 1805 4678; x_wconf 72' lang='lat' dir='ltr'>teat</span> <span class='ocrx_word' id='word_1_525' title='bbox 1838 4689 1842 4712; x_wconf 25' lang='grc' dir='ltr'>ἱ</span> 
     </span>
    </p>
   </div>
   <div class='ocr_carea' id='block_1_9' title="bbox 281 4729 474 4937">
    <p class='ocr_par' dir='ltr' id='par_1_19' title="bbox 281 4729 474 4937">
     <span class='ocr_line' id='line_1_47' title="bbox 281 4729 474 4799; baseline 0.005 -15"><span class='ocrx_word' id='word_1_526' title='bbox 281 4729 474 4799; x_wconf 68' lang='grc' dir='ltr'><em>ΠΧῩΜΟΟ)</em></span> 
     </span>
     <span class='ocr_line' id='line_1_48' title="bbox 282 4869 472 4937; baseline -0.011 -11"><span class='ocrx_word' id='word_1_527' title='bbox 282 4873 291 4907; x_wconf 87' lang='lat'><strong>¹</strong></span> <span class='ocrx_word' id='word_1_528' title='bbox 311 4869 356 4926; x_wconf 90' lang='lat' dir='ltr'>hic</span> <span class='ocrx_word' id='word_1_529' title='bbox 374 4869 472 4937; x_wconf 80' lang='lat' dir='ltr'>(eddll</span> 
     </span>
    </p>
   </div>
   <div class='ocr_carea' id='block_1_10' title="bbox 281 4995 1715 5148">
    <p class='ocr_par' dir='ltr' id='par_1_20' title="bbox 281 4995 1715 5148">
     <span class='ocr_line' id='line_1_49' title="bbox 282 4995 1715 5071; baseline -0.005 -12"><span class='ocrx_word' id='word_1_530' title='bbox 282 5002 383 5059; x_wconf 81' lang='lat' dir='ltr'>2dum</span> <span class='ocrx_word' id='word_1_531' title='bbox 402 5023 450 5056; x_wconf 71' lang='lat' dir='ltr'>cm,</span> <span class='ocrx_word' id='word_1_532' title='bbox 463 5003 499 5056; x_wconf 87' lang='lat' dir='ltr'>F¹</span> <span class='ocrx_word' id='word_1_533' title='bbox 560 5003 594 5056; x_wconf 90' lang='lat'>10</span> <span class='ocrx_word' id='word_1_534' title='bbox 611 5001 738 5071; x_wconf 87' lang='lat' dir='ltr'>impediis</span> <span class='ocrx_word' id='word_1_535' title='bbox 756 5001 782 5053; x_wconf 85' lang='lat' dir='ltr'><em>F</em></span> <span class='ocrx_word' id='word_1_536' title='bbox 838 5002 873 5056; x_wconf 81' lang='lat'>24</span> <span class='ocrx_word' id='word_1_537' title='bbox 891 4999 971 5069; x_wconf 89' lang='lat' dir='ltr'>quae]</span> <span class='ocrx_word' id='word_1_538' title='bbox 1026 5001 1061 5054; x_wconf 80' lang='lat'>32</span> <span class='ocrx_word' id='word_1_539' title='bbox 1071 4998 1264 5055; x_wconf 84' lang='lat' dir='ltr'>militaueritF</span> <span class='ocrx_word' id='word_1_540' title='bbox 1294 5001 1329 5054; x_wconf 90' lang='lat'>33</span> <span class='ocrx_word' id='word_1_541' title='bbox 1339 4998 1465 5068; x_wconf 88' lang='lat' dir='ltr'>familias]</span> <span class='ocrx_word' id='word_1_542' title='bbox 1475 4995 1591 5052; x_wconf 68' lang='lat' dir='ltr'>laliaci*</span> <span class='ocrx_word' id='word_1_543' title='bbox 1617 4996 1715 5052; x_wconf 83' lang='lat' dir='ltr'>34ins·</span> 
     </span>
     <span class='ocr_line' id='line_1_50' title="bbox 281 5070 1516 5148; baseline -0.008 -16"><span class='ocrx_word' id='word_1_544' title='bbox 281 5077 374 5148; x_wconf 82' lang='lat' dir='ltr'>qoeF</span> <span class='ocrx_word' id='word_1_545' title='bbox 400 5073 660 5146; x_wconf 33' lang='lat' dir='ltr'>,idtcrtyllianusF</span> <span class='ocrx_word' id='word_1_546' title='bbox 692 5074 727 5128; x_wconf 77' lang='lat'>29</span> <span class='ocrx_word' id='word_1_547' title='bbox 740 5071 974 5142; x_wconf 84' lang='lat' dir='ltr'>adrogandamF·</span> <span class='ocrx_word' id='word_1_548' title='bbox 1026 5073 1102 5127; x_wconf 71' lang='lat' dir='ltr'>sul*</span> <span class='ocrx_word' id='word_1_549' title='bbox 1150 5072 1185 5128; x_wconf 88' lang='grc'>41</span> <span class='ocrx_word' id='word_1_550' title='bbox 1204 5072 1460 5128; x_wconf 75' lang='lat' dir='ltr'>manumittentem⁴</span> <span class='ocrx_word' id='word_1_551' title='bbox 1479 5070 1516 5122; x_wconf 77' lang='lat' dir='ltr'>F’</span> 
     </span>
    </p>
   </div>
   <div class='ocr_carea' id='block_1_11' title="bbox 441 5159 1503 5237">
    <p class='ocr_par' dir='ltr' id='par_1_21' title="bbox 441 5159 1503 5237">
     <span class='ocr_line' id='line_1_51' title="bbox 441 5159 1503 5237; baseline 0.002 -27"><span class='ocrx_word' id='word_1_552' title='bbox 441 5166 470 5210; x_wconf 84' lang='lat' dir='ltr'>n</span> <span class='ocrx_word' id='word_1_553' title='bbox 752 5231 755 5237; x_wconf 20' lang='grc' dir='ltr'><strong><em>Ι</em></strong></span> <span class='ocrx_word' id='word_1_554' title='bbox 1469 5159 1503 5212; x_wconf 80' lang='lat' dir='ltr'>cr</span> 
     </span>
    </p>
   </div>
   <div class='ocr_carea' id='block_1_12' title="bbox 0 0 2180 5438">
    <p class='ocr_par' dir='ltr' id='par_1_22' title="bbox 0 0 2180 5438">
     <span class='ocr_line' id='line_1_52' title="bbox 0 0 2180 5438; baseline 0 4"><span class='ocrx_word' id='word_1_555' title='bbox 0 0 2180 5438; x_wconf 95' lang='lat' dir='ltr'> </span> 
     </span>
    </p>
   </div>
  </div>
 </body>
</html>
