3608 5460
82 266 372 316 osmcarroumus
751 243 835 324 671
1154 251 1302 318 XXXXV
1324 253 1339 316 1
1365 257 1514 314 lit-125

82 411 140 461 est:
159 393 196 462 'Si
214 405 350 462 hominem
363 405 486 462 Stichum
494 409 513 476 ¹,
532 405 567 460 de
584 419 638 476 quo
656 405 759 476 agitsrr,
774 420 855 475 quem
874 405 925 462 hac
943 406 988 462 dic
1006 406 1056 463 tibi
1074 407 1229 464 donationis
1246 423 1331 464 causa
1343 407 1353 478 ΙΙ
1367 408 1513 464 manumis·
1530 417 1548 466 ι.
1558 419 1604 465 ete

83 494 231 565 'mochone
248 495 321 566 dedi,
339 511 357 551 a
373 500 402 551 te
419 493 593 566 Ιιιιιιιιιιιιιι3
604 500 653 550 tuo
665 495 849 550 manumissus
866 495 1043 566 uindictaque
1060 495 1191 553 liberatus
1209 513 1263 553 non
1281 497 1342 567 erit,
1358 496 1433 568 quod
1451 496 1513 552 dolo

82 583 164 640 ‘malo
182 599 244 640 meo
261 599 316 640 non
333 581 391 654 fiat,
409 599 515 654 poenae
532 585 642 640 nomine
659 585 858 655 quinquaginta
875 585 934 640 dari
952 586 1098 656 stipulatus
1116 591 1160 642 est
1176 587 1288 642 Flauius
1306 587 1430 655 Hermes,
1451 601 1514 656 spo·

83 673 189 743 'pendit
210 671 357 730 claudius'.
388 687 503 743 quaero,
531 688 566 728 an
592 672 705 728 Flauius
731 674 858 729 Hermes¹
871 673 1014 730 Claudium
1041 675 1076 730 de
1102 675 1227 732 libertate
1254 674 1340 730 Stichi
1367 675 1514 730 conuenire

81 764 188 832 potest.
210 762 352 833 respondit
368 761 434 818 nihil
452 762 575 832 proponi,
594 777 644 817 eur
661 777 716 818 nou
733 768 833 834 potest
860 763 925 818 item
945 779 1055 835 quaero,
1074 780 1117 834 an,
1136 765 1161 820 si
1178 764 1266 820 Flauii
1280 764 1417 819 Hermetis
1434 763 1514 819 heres
1533 777 1546 817 s

83 867 102 904 a
119 850 226 906 Claudii
243 849 344 906 herede
361 865 478 922 posnam
497 866 581 921 supra
604 851 733 922 scriptam
751 857 846 922 petere
863 853 994 922 uoluerit,
1018 853 1123 909 Claudii
1147 853 1226 910 heres
1249 852 1401 908 libertatem
1420 852 1514 908 Sticho

81 946 224 1010 praestare
241 940 337 1011 possit,
355 945 387 995 ιιι
403 955 493 1011 poena
509 938 647 996 liberetur.
674 940 815 1012 respondit
825 956 916 1012 posse.
943 943 1009 998 item
1022 958 1133 1014 quaero,
1151 943 1175 998 si
1187 943 1275 998 Flauii
1285 943 1423 998 Hermetis
1435 941 1514 997 heres

82 1043 147 1084 enm
165 1028 272 1084 Claudii
288 1028 389 1085 herede
406 1044 442 1084 ex
460 1043 545 1084 causa
561 1044 646 1100 supra
662 1029 765 1100 scripta
782 1031 850 1085 nolit
866 1045 958 1102 agere,
977 1048 1012 1086 an
1030 1031 1113 1088 nihilo
1131 1032 1221 1088 minua
1239 1029 1333 1087 Sticho
1349 1030 1462 1086 libertas
1479 1045 1514 1086 ex

83 1117 280 1189 conuentione,
303 1134 374 1189 quae
391 1116 444 1174 tuit
460 1119 532 1174 inter
549 1119 706 1174 Hermetem
725 1124 754 1174 et
772 1119 928 1189 Claudium,
951 1124 983 1174 ut
1005 1120 1181 1191 stipulatione
1203 1136 1287 1192 supra
1304 1120 1407 1189 scripta
1424 1124 1513 1175 osten·

48 1216 64 1260 a
83 1206 167 1276 ditur,
184 1206 220 1262 ab
237 1206 338 1262 herede
357 1207 463 1263 Claudii
485 1208 619 1278 praestari
642 1207 752 1263 debeat.
779 1208 922 1278 respoudit
939 1207 1047 1266 debere.
1085 1209 1240 1266 coheredes
1259 1225 1320 1265 eum
1339 1208 1451 1280 praedia
1468 1208 1513 1264 he·
1533 1221 1561 1262 ro

83 1296 214 1352 redituris
230 1295 389 1366 diuiseram,
407 1311 492 1352 unum
510 1295 652 1367 praedium
671 1311 815 1353 commune
826 1298 995 1368 reliquerunt
1006 1297 1059 1354 sub
1072 1297 1123 1354 hoc
1135 1304 1225 1370 pecto,
1243 1303 1282 1368 ut,
1301 1299 1324 1353 si
1341 1298 1402 1370 quis
1419 1313 1513 1354 eornm

83 1390 190 1456 partem
208 1401 285 1441 snam
304 1386 422 1441 alienare
440 1387 582 1456 uoluisset,
600 1399 661 1442 eam
679 1385 724 1442 uel
742 1385 871 1442 coheredi
888 1402 939 1444 suo
957 1388 1078 1444 uelcius
1096 1389 1249 1444 successori
1260 1387 1393 1444 uenderet
1404 1392 1514 1442 centum

83 1475 183 1545 uiginti
199 1475 333 1545 quinque:
352 1474 426 1544 quod
444 1476 468 1530 si
486 1475 548 1544 quis
566 1475 645 1530 aliter
656 1473 774 1546 iecisset,
793 1490 910 1546 poenam
922 1482 1033 1532 centum
1046 1477 1161 1534 inuicem
1176 1477 1298 1548 stipulati
1309 1481 1386 1532 sunt:
1404 1490 1514 1546 cumro,

83 1579 147 1620 enm
164 1563 278 1621 coheres
296 1564 393 1620 mulier
410 1562 552 1620 coheredis
569 1562 716 1618 liberorum
734 1569 839 1620 tutores
857 1566 967 1636 saepius
984 1570 1087 1622 testato
1099 1566 1259 1622 conuenerit
1270 1569 1299 1621 et
1309 1565 1515 1634 desiderauerit,

82 1659 115 1708 ut
132 1653 284 1710 seeundum
302 1654 511 1710 conuentiouem
531 1657 580 1708 aut
597 1658 691 1708 emunt
708 1657 757 1708 aut
774 1654 904 1724 uendent,
923 1653 1005 1724 hique
1023 1655 1089 1710 nihil
1106 1656 1161 1710 tale
1178 1653 1301 1725 iecerint,
1319 1670 1363 1724 an,
1382 1653 1514 1710 simulier
1533 1665 1561 1706 rs

82 1746 178 1799 extero
196 1742 363 1813 condiderit,
386 1757 477 1814 poena
499 1740 535 1798 ab
553 1757 588 1797 ea
604 1745 715 1798 centum
733 1743 808 1813 erigi
824 1745 921 1813 possit.
948 1743 1090 1816 respondit
1107 1743 1257 1800 secundnm
1275 1758 1310 1798 ea
1326 1757 1397 1812 quae
1414 1757 1513 1814 propo·
1591 1763 1592 1774 ι

49 1837 213 1888 tuerentur
235 1831 405 1888 obstaturam
427 1831 483 1888 doli
506 1832 570 1886 mali
593 1831 790 1901 exceptionem.
827 1833 947 1903 Agerius
969 1832 1041 1890 lilius
1063 1833 1180 1890 iamdias
1203 1847 1285 1888 seruo
1306 1831 1394 1887 Publii
1412 1832 1513 1888 Maeuii

82 1921 225 1992 stipulami
242 1921 391 1992 spopondit
407 1935 438 1976 se
456 1919 593 1990 daturum,
611 1920 744 1991 qtuidquid
761 1925 867 1991 patrem
885 1938 965 1979 suum
977 1923 1074 1980 Publio
1086 1922 1193 1978 Maeuio
1210 1921 1311 1978 debere
1330 1921 1512 1978 constitisset:

82 2011 238 2080 (ιιιιιίιιιιιι
255 2015 301 2066 est
317 2015 395 2080 patre
412 2007 552 2080 defuncto,
570 2015 716 2080 antequem
735 2011 910 2082 constitisset,
928 2011 994 2082 quid
1012 2015 1198 2082 quantumque
1217 2010 1342 2080 deberet,
1361 2025 1404 2081 an,
1423 2010 1448 2065 sl
1466 2009 1513 2064 arl-

82 2113 181 2155 uersus
198 2098 326 2154 heredem
345 2099 406 2154 eius
423 2104 515 2154 actum
532 2097 631 2155 fuisset
648 2099 767 2154 aliumue
784 2114 971 2157 successorem
990 2107 1019 2156 et
1036 2101 1072 2157 de
1089 2099 1182 2156 debito
1200 2100 1376 2169 constitisset,
1394 2099 1513 2170 Agerius
1533 2087 1562 2151 io
1674 2151 1676 2164 ,

50 2193 218 2244 btaneatur.
245 2188 395 2259 respondit,
413 2189 437 2244 si
454 2187 578 2244 condicio
596 2203 651 2244 non
669 2189 828 2258 exstitisset,
847 2189 1050 2260 stipulationem
1068 2205 1123 2246 non
1141 2190 1322 2246 commissam.
1353 2187 1418 2244 Seia
1434 2187 1513 2244 heres

81 2278 165 2334 unius
181 2279 296 2347 tutoris,
318 2293 381 2334 cum
399 2277 500 2334 herede
517 2278 637 2348 pupillae
655 2278 840 2334 transactione
861 2283 944 2348 pacto
962 2279 1021 2335 solo
1039 2277 1125 2350 laem,
1149 2279 1279 2336 maiorem
1297 2281 1402 2349 partem
1422 2277 1513 2347 soluit,

81 2366 221 2422 residuam
239 2368 327 2423 cauit:
351 2366 401 2422 sed
417 2367 481 2422 ilico
499 2367 612 2436 negauit
628 2366 708 2423 heres
726 2382 757 2422 se
774 2369 985 2424 transactionem
1009 2383 1119 2424 seruare
1137 2373 1166 2423 et
1184 2367 1258 2438 apud
1275 2367 1392 2422 iudicem
1410 2367 1513 2422 tutelae

81 2456 142 2526 egit
158 2460 188 2511 et
204 2457 295 2512 nictus
312 2456 475 2528 prouocauit
492 2455 528 2511 ad
545 2461 744 2526 competentem
769 2457 887 2514 iudicem
910 2463 939 2513 et
963 2456 998 2512 ab
1021 2472 1054 2514 eo
1076 2471 1186 2528 quoque
1208 2456 1244 2512 ad
1266 2457 1415 2526 principem
1439 2455 1512 2512 idem

80 2546 246 2614 prouocauit
266 2549 295 2600 et
317 2545 420 2601 iniusta
441 2544 509 2600 haee
531 2559 640 2615 quoque
662 2545 821 2616 prouocatio
844 2547 903 2602 eius
926 2547 1102 2616 pronuntiata
1119 2552 1170 2602 est.
1197 2545 1351 2616 quaesitum
1369 2549 1425 2614 est,
1449 2561 1511 2602 cum
1532 2557 1561 2597 as

81 2649 132 2704 per
149 2633 278 2690 heredem
296 2634 415 2705 pupillae
432 2649 509 2689 mora
525 2635 723 2703 intercesserit,
747 2649 802 2704 quo
827 2635 916 2690 minus
934 2635 1051 2705 pecunia
1069 2636 1098 2690 in
1114 2635 1319 2706 stipulationem
1337 2633 1458 2690 deducta
1476 2633 1512 2692 ab

81 2723 185 2778 herede
202 2723 300 2780 tutoris
318 2723 469 2779 solueretur
485 2738 537 2779 nec
554 2738 684 2794 nmquam
702 2724 824 2794 petierit,
848 2740 884 2778 an
907 2725 932 2779 ei
956 2723 1037 2780 hodie
1060 2722 1212 2780 debeantur
1234 2738 1335 2780 usurae
1358 2723 1394 2779 ab
1412 2723 1512 2780 herede

81 2813 192 2868 tutoris.
218 2812 368 2883 respondit,
385 2812 409 2867 si
421 2810 486 2868 Seia
503 2827 558 2868 non
576 2817 715 2868 cessasset
731 2827 766 2869 er
784 2813 959 2884 stipulatione
977 2813 1122 2883 pecuniam
1140 2814 1246 2884 offerre,
1265 2814 1324 2870 iure
1341 2829 1440 2868 usuras
1457 2829 1513 2870 non

50 2909 64 2955 e
82 2901 187 2958 deberi.
223 2901 286 2958 Duo
302 2901 402 2957 iratres
419 2900 599 2958 hereditatem
617 2903 688 2958 inter
705 2917 737 2958 se
754 2901 908 2958 diuiserunt
930 2909 959 2958 ot
981 2905 1114 2958 cauerunt
1136 2901 1189 2958 sihi
1207 2902 1273 2958 nihil
1291 2917 1322 2958 se
1340 2908 1435 2958 oonha
1452 2919 1512 2958 eam

81 2990 245 3046 diuisionem
263 2988 384 3046 facturos
402 2995 444 3060 et,
462 2991 487 3046 si
505 2996 601 3047 metra
618 2992 679 3062 quis
692 2989 822 3062 iecisset,
840 3005 957 3061 poenam
975 2993 1045 3047 alter
1062 2991 1140 3046 alteri
1157 2992 1295 3062 promisit:
1319 2999 1381 3061 post
1397 2997 1513 3048 mortem
1533 3001 1561 3042 so

82 3079 196 3136 alterim
218 3080 266 3150 qni
289 3079 442 3150 superuixit
463 3080 535 3150 petit
556 3079 591 3136 ab
615 3077 762 3136 heredibus
785 3081 845 3136 eius
863 3079 1041 3137 hereditatem
1059 3081 1139 3151 quasi
1157 3096 1192 3136 er
1210 3097 1295 3136 cansa
1311 3079 1514 3138 fideicommissi
1557 3095 1566 3112 ·

81 3168 136 3225 sibi
154 3185 172 3224 a
188 3175 267 3240 patre
285 3169 373 3224 reiut
391 3166 512 3224 debitam
531 3174 560 3225 et
577 3169 711 3226 aduersus
729 3184 792 3225 eum
810 3171 1015 3240 pmuuntiatum
1034 3175 1085 3240 est,
1103 3171 1182 3241 quasi
1195 3169 1230 3226 de
1242 3170 1293 3226 hoc
1305 3185 1414 3242 quoqne
1425 3176 1514 3228 mans·

82 3265 176 3314 autum
193 3256 305 3314 tumeat:
328 3259 483 3328 quaesitum
501 3263 558 3328 est,
582 3275 616 3314 an
634 3273 724 3329 poena
741 3260 889 3316 commissa
906 3265 989 3316 esset.
1016 3259 1157 3331 respondit
1174 3275 1291 3330 poenam
1309 3260 1461 3316 secundum
1480 3276 1514 3316 ea

81 3361 155 3417 qnae
173 3352 362 3418 proponuntur
378 3348 561 3404 commissam.
1534 3357 1562 3398 ss

26 3429 65 3489 33
135 3437 317 3492 Peenameus
339 3435 409 3492 libro
431 3438 518 3507 primo
541 3434 741 3492 definitionum.
774 3436 804 3494 Si
827 3436 923 3508 flagitii
945 3435 1064 3494 faciendi
1085 3439 1129 3493 uel
1152 3437 1217 3494 iacti
1236 3453 1321 3494 causa
1338 3435 1514 3523 [Qu
1532 3441 1559 3496 P

82 3531 219 3597 concepta
236 3525 439 3597 adstipulatio,
458 3524 494 3581 ab
511 3526 587 3581 initio
605 3539 660 3582 non
678 3525 761 3582 ualet.

26 3609 65 3668 24
136 3615 215 3670 lusu
232 3615 301 3672 libro
318 3615 441 3672 mundo
458 3613 655 3671 definitionum.
687 3615 813 3672 ‘Insulam
831 3617 904 3672 intra
920 3615 1060 3672 biennium
1079 3617 1125 3672 illo
1142 3616 1203 3672 loco
1219 3613 1229 3684 Ι
1248 3616 1321 3672 aedi·
1340 3613 1513 3699 [bites-*mi
1532 3619 1560 3674 P
1580 3620 1597 3668 t.
1610 3615 1663 3668 aas·

82 3701 167 3760 'ficari
185 3704 330 3775 spondes‘t'
354 3710 418 3762 ante
435 3703 517 3784 linem
535 3703 638 3760 biennii
656 3705 796 3775 stipulatio
814 3720 869 3761 non
887 3706 1079 3776 committitur,
1103 3706 1229 3776 quamuis
1251 3720 1315 3762 reus
1338 3705 1514 3776 promittendi

82 3807 139 3849 non
157 3792 389 3850 minorantes
406 3798 512 3849 tantum
532 3793 633 3850 residui
650 3795 782 3865 temporis
800 3795 850 3865 sit,
874 3809 929 3865 quo
946 3793 1101 3851 aedificium
1120 3795 1209 3850 ermni
1227 3809 1281 3851 uon
1299 3795 1400 3864 possit:
1425 3809 1514 3864 neque

82 3883 157 3938 enim
171 3881 358 3954 stipulationis
376 3887 478 3951 status,
502 3883 581 3938 cuins
598 3881 657 3938 dies
675 3888 766 3940 certus
784 3883 813 3938 iu
830 3884 943 3940 exordio
954 3881 1024 3954 luit,
1047 3899 1083 3940 ex
1100 3889 1165 3954 post
1184 3881 1257 3938 iacto
1275 3889 1404 3939 mutatur.
1431 3883 1514 3954 idqnc
1532 3895 1562 3935 so

82 3973 159 4026 etin
176 3973 353 4042 stipulatione
370 3972 472 4028 indicio
490 3971 604 4028 sistendi
621 3987 707 4028 causa
723 3970 798 4028 iacta
814 3973 928 4044 placuit,
954 3974 1058 4029 scilicet
1079 3979 1111 4028 ut
1128 3978 1192 4028 ante
1210 3971 1282 4027 diem
1301 3973 1442 4043 stipulatio
1459 3987 1514 4029 non

71 4061 281 4131 committatur,
299 4061 341 4116 ⁸si
359 4065 462 4117 certum
481 4075 543 4117 esse
562 4062 682 4132 eoeperit
698 4075 794 4132 parere
812 4063 980 4132 stipulationi
998 4062 1108 4118 residuo
1126 4067 1250 4133 tempore
1268 4076 1323 4117 non
1340 4077 1431 4132 posse.

26 4145 64 4206 25
137 4151 256 4206 Patruus
278 4149 347 4206 libro
369 4150 491 4208 secundo
514 4152 715 4221 quaestionum.
758 4151 826 4206 Cum
850 4151 1013 4222 stipulamur
1037 4151 1176 4222 ‘quidquid
1199 4156 1227 4206 te
1251 4151 1317 4206 dare
1341 4149 1458 4236 [aaut
1465 4147 1515 4234 ta}
1532 4157 1560 4210 P

82 4236 183 4294 'iacere
200 4240 326 4310 oporiet,
350 4239 415 4295 nihil
433 4239 507 4295 ahud
525 4241 553 4296 iu
572 4241 774 4310 stipulationem
792 4239 938 4296 deducitur
959 4255 1041 4311 quam
1065 4239 1139 4311 quod
1161 4241 1300 4311 praesenti
1323 4239 1368 4296 die
1386 4240 1514 4296 debetur:

83 4327 138 4383 boc
156 4329 227 4384 enim
246 4330 335 4386 solum
352 4328 422 4386 haee
439 4329 579 4401 stipulatio
597 4329 774 4386 demonstrat.
1533 4337 1562 4379 ιι

83 4425 277 4496 ΗΠΜΟΟ)
1580 4419 1585 4438 ’

85 4555 93 4586 ¹
104 4549 187 4606 homo
195 4549 306 4607 Stichus
315 4551 413 4620 (aridii
439 4551 527 4608 ‘idem
537 4552 633 4608 Graeci
641 4553 690 4620 (sai
701 4551 749 4614 roi
759 4551 924 4623 κιιιιροιιὸιιογ
935 4556 1005 4619 conl:
1015 4551 1172 4608 heredeue?
1194 4551 1244 4607 ⁸et
1253 4560 1299 4607 lna.
1309 4553 1369 4620 (eon
1378 4551 1515 4620 deWuter)

82 4681 269 4738 3nomin'a'e
294 4685 332 4736 F’
356 4685 361 4747 Ι
384 4683 541 4754 spopondit]
569 4683 710 4756 respoudit
737 4687 772 4738 5¹
827 4689 865 4741 Ρ
900 4687 936 4742 30
954 4689 1036 4741 conta
1053 4687 1093 4754 Fi
1108 4685 1181 4756 post]
1198 4700 1249 4756 pos
1267 4685 1295 4739 F
1335 4686 1371 4741 33
1388 4687 1521 4741 relictoF

80 4755 102 4808 4
129 4753 297 4810 olandiu‘s’m
328 4753 366 4808 F‘
392 4758 397 4823 Ι
425 4755 536 4811 stichi'a'
561 4758 706 4812 oonuenire
736 4757 774 4810 F*
826 4759 861 4814 33
874 4758 1020 4814 eommissa
1033 4758 1066 4810 Ρ
1119 4757 1155 4812 35
1168 4765 1233 4813 trusa
1245 4761 1260 4811 l.
1274 4757 1425 4813 12201123
1437 4765 1514 4814 tmer-

82 4826 100 4880 i
126 4824 369 4895 prenestini!
389 4827 504 4882 tuditem
524 4828 772 4901 ispemlnelpiti'l
824 4838 899 4900 ponit
921 4830 1051 4884 rubricam
1074 4827 1109 4884 de
1132 4827 1277 4884 uerborum
1304 4827 1516 4898 obligationibus

81 4895 177 4953 tantu
200 4897 239 4950 F’
314 4899 348 4953 15
373 4898 563 4954 ement'e'aut
588 4899 710 4955 nendent
736 4900 774 4952 Ρ
827 4903 918 4966 (coluit
935 4919 992 4966 ros
1009 4919 1057 4964 τογ
1075 4899 1111 4955 de
1128 4899 1274 4956 uerborum
1292 4898 1515 4970 obligationibus)

81 4967 121 5023 22
138 4968 279 5038 maiorem]
298 4969 425 5024 meterem
440 4970 477 5024 F¹
524 4971 560 5026 24
577 4969 774 5026 amuletum
827 4972 872 5036 F1,
891 4973 937 5028 del.
950 4972 1003 5025 pr,
1022 4973 1081 5026 uida
1099 4973 1135 5026 ad
1150 4991 1176 5043 p.
1189 4973 1250 5037 657,
1263 4973 1298 5024 21
1439 4993 1444 5002 ·

81 5039 121 5095 25
137 5040 308 5111 prouocauit]
322 5041 486 5098 conuocauit
497 5043 532 5096 F¹
580 5043 614 5098 37
627 5047 774 5112 nlmiquam⁴
