3600 5460
65 283 187 330 aenou
209 263 371 330 ooururo‘
736 257 820 338 491
1206 263 1342 332 xxxxi
1365 267 1500 330 1o-1o

65 423 175 490 ignorat
193 421 265 476 enim
274 425 292 490 ¹,
310 421 377 491 quid
395 435 489 476 eornm
508 420 625 490 quisque
643 424 808 490 excepturus
827 421 877 491 sit,
901 425 930 476 et
952 426 1045 476 tamen
1069 422 1135 491 qula
1151 421 1211 476 uult
1228 420 1303 490 quod
1321 420 1436 490 quisque
1455 435 1501 476 cx·

40 510 171 579 eoeperit
188 510 248 564 eius
266 525 342 580 esse,
360 511 453 566 statim
472 515 536 565 enni
554 509 694 566 dominum
713 507 824 564 efficit²
851 509 915 565 Alia
933 526 1018 566 carisa
1036 515 1079 566 est
1096 525 1189 565 eurum
1208 525 1307 579 rernm,
1325 505 1500 592 ῇοῖοεῖιῑ)

66 613 137 668 qnae
156 599 185 654 in
202 603 368 669 tempestate
386 598 469 653 maris
487 598 622 654 leuandae
640 598 720 652 nauis
738 599 981 655 oausaeiciuntur:
999 599 1052 655 hae
1064 600 1135 655 euim
1149 599 1320 654 dominorum
1332 584 1500 668 peffisneut,

66 687 132 757 quia
149 703 204 742 non
222 703 257 743 eo
275 687 366 742 animo
384 687 532 756 eiciuntur,
557 686 630 756 quod
649 688 711 756 quis
734 701 781 742 eas
805 686 906 743 babere
924 703 979 743 non
997 689 1071 758 uult,
1094 689 1143 742 sed
1165 703 1220 758 quo
1243 689 1332 758 magis
1355 701 1416 742 cum
1440 686 1502 756 ipsa

66 791 137 832 naue
154 777 305 846 periculum
325 785 406 830 marta
424 775 546 845 effugiat.
575 791 631 844 qus
649 775 787 831 decausa
804 777 828 831 si
846 777 908 846 quis
926 791 974 832 eas
996 775 1125 832 fluctibus
1148 777 1277 846 expulsas
1299 775 1344 831 uel
1366 775 1449 830 etiam
1473 775 1501 829 in
1519 787 1533 829 ο

66 866 127 935 ipso
145 866 214 920 mari
232 869 349 920 nanctus
367 863 490 919 lucrandi
508 859 600 919 abimo
618 863 771 933 abstulerit,
789 862 890 920 lbrtrmr
910 866 1064 920 committit.

26 951 51 1009 ,0
118 954 198 1008 lusu
224 951 292 1009 libro
319 953 441 1008 secundo
466 953 677 1010 institutionum.
723 952 929 1022 Adquirnntur⁸
954 952 1034 1010 nobis
1062 952 1243 1037 [Qu-l.
1254 968 1276 1019 ο,
1287 965 1344 1026 epr.
1366 963 1441 1018 uto,
1454 962 1500 1032 1‚-9
1519 957 1555 1013 S*

65 1057 121 1098 non
139 1041 228 1098 solum
247 1056 298 1112 per
313 1045 421 1097 uosmet
437 1042 527 1112 ipsos,
550 1041 600 1097 sed
622 1042 705 1097 etlam
728 1057 777 1112 per
801 1057 849 1097 eos
872 1057 942 1112 quos
959 1042 987 1097 iu
1004 1045 1160 1113 potestate⁴
1177 1042 1325 1110 babemus,
1347 1042 1413 1096 item
1436 1041 1500 1110 peri

66 1145 173 1200 seruos,
190 1131 218 1186 in
236 1129 336 1200 quibus
353 1145 434 1185 usum
452 1127 572 1186 fructum
590 1129 732 1199 habemus,
750 1131 816 1186 item
834 1145 884 1201 per
901 1129 1025 1187 homines
1041 1119 1141 1188 libertis
1154 1136 1289 1187 aceruos
1301 1131 1413 1198 alienos,
1432 1141 1502 1198 quos

34 1225 45 1269 1
65 1218 140 1275 bona
157 1217 212 1275 fide
224 1217 411 1290 possidemus:
430 1219 466 1274 de
478 1217 578 1289 quibus
589 1218 705 1288 singulis
718 1219 894 1290 diligentius·
906 1220 1093 1290 dispiciamus.
1119 1221 1223 1290 lgitnr⁷
1241 1212 1501 1303 [ᾗῇοἶο-ῑῑζο
1521 1229 1549 1271 ιο

66 1307 143 1377 quod
165 1307 239 1364 serni
262 1307 366 1362 nostri⁸
383 1321 420 1362 en
436 1307 582 1363 traditione
600 1309 795 1363 nanciscuntur
817 1308 876 1364 sine
900 1308 966 1378 qnid
984 1309 1149 1379 stipulentur
1171 1309 1216 1364 nel
1240 1323 1275 1364 ex
1293 1306 1415 1378 qualibet
1432 1305 1502 1360 alia⁹

66 1411 154 1452 cauas
170 1395 326 1466 adquirunt,
343 1395 372 1451 id
390 1394 470 1452 nobie
488 1395 655 1467 adquiritur:
672 1396 733 1465 ipse
751 1397 832 1466 euim,
851 1399 897 1467 qui
915 1399 943 1454 ln
961 1403 1099 1468 possete
1116 1397 1228 1454 alterius
1236 1399 1258 1434 ¹⁰
1269 1401 1319 1466 est,
1337 1394 1406 1450 nibil
1421 1409 1502 1449 sunm

66 1484 170 1541 babere
186 1487 288 1556 potest.
315 1484 460 1554 ideoque¹¹
484 1484 509 1539 si
530 1484 610 1540 heres
627 1485 770 1540 institutus
788 1486 838 1556 sit,
861 1485 915 1542 nisi
932 1491 1027 1542 nostro
1045 1487 1122 1542 iussu
1144 1485 1325 1542 hereditatem
1349 1483 1425 1538 adire
1446 1496 1503 1538 nou

65 1578 173 1645 potest,
195 1579 225 1629 et
241 1575 266 1630 si
282 1571 440 1629 iubentibus
457 1571 538 1628 nobis
556 1573 668 1644 adierit,
692 1573 830 1630 hereditas
852 1574 932 1631 nobis
954 1575 1120 1645 adquiritur,
1143 1573 1287 1643 perinde¹²
1305 1577 1388 1642 amne
1411 1571 1503 1626 sinos

65 1663 119 1733 ipsi
136 1661 252 1718 heredes
269 1661 388 1717 instituti
405 1676 538 1717 ememus.
566 1666 595 1717 et
612 1661 683 1718 bis¹³
701 1664 896 1718 conuenienter
919 1665 1024 1720 scilicet
1047 1665 1169 1733 legatum
1193 1661 1272 1718 uobis
1290 1677 1339 1731 per
1356 1658 1503 1716 eundem¹⁴
1522 1671 1550 1714 ss
1630 1673 1632 1678 ¹

31 1758 47 1802 a
66 1751 257 1821 adquiriturff.
293 1751 355 1807 llon
372 1751 460 1806 solum
479 1755 570 1806 autern
589 1751 742 1821 proprietas
760 1766 810 1821 per
827 1767 888 1821 eos,
912 1767 982 1822 quos
999 1754 1027 1808 in
1045 1756 1182 1823 potestate
1205 1750 1347 1819 habemns,
1366 1745 1503 1832 [οῇζορ

66 1839 222 1910 adquiritur
238 1839 327 1910 nobie,
345 1839 395 1895 sed
413 1839 496 1894 etiam
514 1841 668 1908 possessio:
687 1840 913 1910 cuiuscumque¹⁸
925 1842 996 1896 enim
1010 1842 1048 1896 rei
1060 1840 1263 1910 possessionem
1282 1838 1376 1908 adepti
1393 1837 1503 1907 suerint,

66 1928 96 1984 ld
114 1944 166 1984 uos
183 1928 325 1998 possidere
347 1927 482 1983 uidemur.
510 1927 584 1983 uude
606 1929 689 1983 etiarn
712 1943 762 1998 per
785 1943 879 1985 eoruru
901 1931 1012 2000 longam
1035 1929 1237 2000 possessionem
1255 1927 1406 1983 dominium
1424 1925 1503 1982 nobis

32 2022 47 2067 s
67 2017 259 2087 adquiriturll.
296 2017 339 2072 De
357 2015 399 2071 bis
417 2021 510 2072 auteur
528 2017 630 2086 seruis,
652 2018 680 2072 in
698 2016 798 2086 quibua
815 2022 923 2074 tanmm
941 2034 1021 2074 usum
1039 2017 1158 2092 fructum
1176 2017 1222 2072 ha·
1240 2011 1504 2099 Q

66 2105 180 2176 umus,
198 2105 239 2161 ita
255 2105 372 2176 placuit,
390 2109 423 2160 ut
439 2104 573 2174 quidquid
591 2120 626 2160 ex
644 2119 674 2161 rs
692 2110 787 2161 nosne
804 2106 849 2161 uel
868 2121 903 2161 ex
920 2107 1012 2176 operis
1030 2109 1088 2163 suis
1105 2107 1288 2176 adquirantffi,
1312 2105 1341 2160 id
1359 2105 1438 2160 nobie
1456 2104 1503 2160 ad-
1522 2117 1551 2158 so

66 2195 200 2265 quiratur,
218 2195 242 2250 si
260 2193 355 2264 quid¹⁹
367 2209 434 2250 uero
451 2197 532 2250 extra
549 2209 597 2250 eas
614 2209 713 2250 cansa
731 2195 869 2264 persecuti
887 2195 979 2265 siat¹⁰‚
997 2195 1027 2251 id
1044 2195 1081 2251 ad
1098 2195 1239 2251 dominum
1251 2193 1426 2264 proprietatis
1442 2207 1504 2264 per·

66 2285 174 2339 unctu.
201 2284 295 2352 itaque
313 2284 336 2337 si
354 2283 409 2338 is*
426 2297 524 2338 seruus
541 2281 621 2339 heres
639 2283 781 2338 institutos
805 2283 842 2337 ait
863 2284 1022 2353 legatumne
1039 2285 1106 2354 quid
1124 2283 1215 2339 autel
1233 2281 1395 2338 donatunr¹⁸
1412 2279 1503 2352 fuerit,

32 2377 122 2428 snon
141 2371 220 2442 mibi,
245 2371 295 2427 sed
313 2371 424 2427 domino
441 2371 616 2443 proprietatis
639 2371 798 2441 adquiritur.
834 2370 911 2427 idem
929 2373 1020 2443 placet
1041 2373 1076 2428 de
1100 2387 1148 2442 eo,
1172 2372 1249 2442 qui²⁴
1267 2369 1346 2427 nobie
1364 2357 1504 2454 [ffb-{²

66 2461 142 2518 bona
158 2459 214 2516 lide
230 2460 394 2530 possidetur,
413 2461 473 2516 siue
490 2459 559 2516 liber
577 2460 614 2515 sit
631 2460 690 2515 siue
708 2461 814 2516 alienus
826 2473 938 2516 serum:
956 2461 1031 2532 quod
1046 2462 1117 2517 enirn
1130 2460 1234 2532 placuit
1246 2460 1281 2516 de
1293 2457 1504 2529 mubuctuario,

67 2549 142 2606 idem
160 2548 293 2621 probatur
309 2549 393 2604 etiam
417 2547 452 2604 dc
474 2547 564 2604 bonae
581 2545 645 2603 fidei
663 2563 831 2618 possessore.
858 2550 951 2620 itsque
974 2549 1047 2620 quod
1069 2555 1148 2606 extre
1172 2549 1269 2604 duas²⁵
1288 2563 1387 2604 causas
1408 2547 1504 2618 adqui·
1523 2557 1552 2599 se
1633 2533 1638 2552 “

67 2639 151 2708 ritnr,
174 2638 204 2694 id
227 2639 272 2694 uel
296 2639 444 2709 adipsum
468 2639 601 2708 pertinet,
625 2638 649 2692 si
671 2636 740 2693 liber
762 2642 818 2707 cst,
842 2639 887 2694 nel
911 2638 947 2694 ud
970 2638 1111 2694 dominnm
1134 2638 1231 2708 sinuit
1255 2638 1279 2693 si
1304 2653 1401 2693 wreus
1423 2638 1504 2693 est¹¹.

36 2733 50 2780 ο
69 2725 125 2783 Sed
143 2726 233 2783 bonae
250 2725 315 2782 fidei
332 2741 477 2798 possessor
494 2741 556 2782 cunr
574 2727 732 2796 usuceperit
749 2741 869 2796 sernum,
887 2728 953 2797 qnia
971 2741 1004 2783 eo
1016 2727 1099 2784 modo
1110 2727 1237 2783 dominus
1255 2724 1294 2796 lit,
1313 2741 1348 2782 ex
1366 2722 1505 2810 Q

68 2814 198 2872 omuibus
215 2815 335 2872 causis²⁸
352 2830 401 2886 per
418 2830 482 2872 eum
501 2814 554 2872 sibi
572 2815 716 2885 adquirere
726 2819 840 2885 potest:
864 2813 1082 2872 mnlructuarius
1106 2831 1172 2872 nero
1195 2829 1348 2885 usucapere
1365 2816 1505 2871 seruum²⁹

68 2919 124 2960 non
142 2909 243 2975 potest,
260 2905 377 2975 primurn
396 2905 533 2974 quianon
552 2904 689 2974 possidet,
715 2904 765 2960 sed
782 2903 868 2959 habet
885 2905 928 2960 ius
946 2904 1073 2962 utendi¹⁰
1091 2903 1211 2976 fruendi,
1229 2904 1329 2960 deinde
1348 2904 1504 2974 quoniam¹¹

69 2995 123 3049 soit
140 3009 252 3050 sernum
270 2995 388 3050 ebenum
394 2994 419 3029 ³¹
437 3007 508 3048 esse.
1525 2999 1554 3041 so

68 3081 263 3151 MYMOG)

71 3209 80 3242 ²
99 3205 174 3260 enim
192 3205 240 3261 del.
259 3205 345 3272 (lust.)
421 3205 433 3240 ²
451 3203 511 3271 Qua
528 3205 635 3260 ratione
652 3205 745 3260 uerius
769 3217 830 3260 esse
854 3205 963 3260 uidetur
981 3205 1051 3260 etsi
1069 3220 1126 3260 rem
1145 3220 1195 3276 pro
1213 3205 1343 3260 derelicto
1361 3220 1379 3260 e
1396 3204 1506 3260 domino

70 3275 192 3332 habitam
212 3277 388 3346 occupauerit
404 3276 479 3346 quis,
498 3277 591 3331 statim
610 3291 673 3330 eum
692 3275 830 3331 dominnm
850 3275 935 3332 ellici:
957 3291 1007 3348 pro
1025 3276 1155 3331 derelicto
1174 3281 1265 3348 auteur
1284 3273 1413 3346 habetur,
1432 3275 1507 3345 quod

71 3348 201 3403 domiuus
217 3363 253 3403 ea
269 3353 361 3404 mente
380 3347 519 3416 abiecerit,
537 3353 570 3402 ut
586 3347 614 3402 id
632 3361 722 3402 rerum
741 3361 852 3402 suarrun
871 3361 934 3403 csse
952 3349 1044 3418 nollet,
1062 3347 1180 3417 ideoque
1194 3348 1288 3402 statim
1300 3347 1427 3402 dominus
1445 3361 1507 3402 esse

71 3417 173 3474 desiuit
191 3420 314 3476 lmlnet.
367 3418 653 3488 ’adquiriturantem
669 3417 760 3483 Galae,
779 3419 931 3488 adquiritur
949 3419 1012 3474 [nrt.
1070 3420 1183 3474 ‘mauu
1198 3417 1370 3490 mancipiouo
1383 3427 1430 3472 tur.
1445 3417 1506 3472 Gai.

72 3491 150 3546 ‘eos
170 3498 216 3544 ine.
231 3489 293 3546 Gai.
357 3491 369 3525 ⁶
377 3493 491 3561 fierunt
510 3490 580 3555 luat,
598 3487 742 3558 diligenter
761 3489 822 3544 Gai.
841 3491 924 3557 (Uer.)
985 3490 996 3524 ⁷
1015 3489 1089 3559 quod
1107 3487 1192 3560 (quod
1211 3509 1259 3544 om.
1272 3491 1327 3544 cod.
1344 3489 1412 3555 Uer.)
1429 3487 1507 3543 liberi

73 3561 158 3616 nocui
175 3575 247 3629 quos
264 3561 293 3615 in
305 3563 442 3630 potestate
459 3559 602 3630 habemus,
620 3560 686 3614 item
705 3567 753 3614 ins.
767 3560 842 3614 Gau.-
860 3567 957 3614 mulotu
976 3561 1038 3615 llaec
1054 3569 1201 3633 proponunt
1220 3561 1280 3615 lust.
1342 3562 1353 3595 ⁸
1371 3559 1507 3628 mancipio

73 3631 212 3701 accipiunt
229 3632 275 3686 uel
293 3639 340 3686 ins.
356 3631 417 3686 Get.
475 3633 488 3667 ⁹
497 3635 610 3701 fimavit
622 3631 692 3694 inat,
710 3645 745 3685 ex
764 3630 922 3700 aliqualibet
936 3631 1088 3698 Gauerr.)
1146 3635 1170 3668 1⁰
1188 3629 1307 3699 alterius]
1313 3633 1426 3703 fierunt
1437 3631 1508 3695 lest,

73 3709 168 3759 nosne
181 3703 242 3758 Gai.
255 3701 339 3768 (Uer.)
399 3705 421 3738 ²¹
440 3707 469 3756 ct
485 3702 548 3758 ideo
568 3702 629 3756 Gai.
684 3702 708 3736 ¹²
724 3701 839 3770 proinde
859 3704 919 3758 Get.
983 3701 1282 3757 ¹¹bisom.Gai.1mt.
1346 3702 1368 3738 ¹⁴
1386 3701 1507 3770 legatum

107 3791 122 3828 r
140 3787 189 3830 eos
207 3772 287 3828 nobis
307 3773 381 3839 Get,
402 3771 482 3828 nubis
503 3773 625 3842 legatum
648 3787 698 3841 per
715 3787 764 3828 eos
781 3774 844 3828 lust.
916 3775 938 3810 ¹⁶
956 3771 1022 3828 dum
1039 3777 1132 3828 tamen
1150 3773 1282 3842 sciamus,
1306 3773 1330 3827 si
1348 3771 1461 3827 elteriru
1478 3771 1508 3826 iu

110 3845 153 3899 nis
165 3845 202 3899 sit
213 3859 319 3914 seruus,
337 3844 449 3899 alterius
467 3859 502 3898 ex
519 3845 578 3898 iure
592 3843 744 3913 Quiritium,
763 3859 799 3899 ex
816 3841 943 3900 omnibus
956 3843 1047 3900 causis
1059 3844 1085 3898 ei
1097 3843 1148 3899 soli
1159 3859 1209 3914 per
1220 3858 1283 3899 eum
1296 3842 1411 3912 adquiri,
1429 3841 1508 3898 cuius

73 3915 100 3971 in
113 3915 250 3972 bouisest
263 3915 383 3970 lm.Gal.
438 3915 461 3952 ¹⁸
537 3914 756 3978 aut'lnst.,euius
771 3914 924 3982 Gatlller.)
979 3914 1377 4000 ¹²pereorum...sdquiritur
1398 3928 1508 3984 pereas

74 3986 207 4058 usucapio
223 3985 349 4056 procedit
362 3985 446 4042 Gaius
473 4000 524 4056 per
541 3999 589 4040 eos
608 3987 739 4054 usucapio
757 3986 803 4041 uel
819 3986 897 4055 longi
913 3985 1043 4056 temporis
1061 3986 1200 4056 possessio
1214 3985 1293 4041 uobis
1305 3999 1371 4040 acce
1391 3985 1413 4040 it
1425 3985 1508 4054 luat),

74 4059 117 4113 etr·
134 4065 273 4130 οοριιοηοον
290 4058 368 4112 laec:
386 4071 435 4126 per
453 4072 501 4112 eas
519 4071 585 4112 uero
602 4070 747 4142 personas,
769 4072 839 4126 quos
856 4058 883 4111 in
901 4073 984 4112 menn
1002 4057 1174 4126 mancipioue
1191 4056 1338 4126 babemus,
1355 4056 1508 4127 proprietas

74 4128 185 4199 quidem
204 4128 356 4197 adquiritur
374 4127 453 4183 nobis
470 4143 506 4182 ex
524 4127 651 4182 omuibus
669 4143 769 4195 causus,
786 4128 858 4183 sicut
874 4142 924 4197 per
942 4143 998 4197 eos,
1016 4129 1064 4198 qui
1076 4129 1104 4183 in
1116 4133 1254 4198 potestate
1265 4133 1360 4184 nostra
1377 4133 1453 4183 sunt:
1472 4143 1508 4182 en

74 4204 167 4254 satem
180 4199 318 4270 possessio
331 4197 498 4269 adquiratur,
516 4199 610 4268 quaeri
623 4199 700 4266 solet,
713 4199 778 4268 quia
789 4199 864 4269 ipsas
876 4213 930 4254 non
942 4199 1115 4268 possidemus
1170 4202 1192 4235 ¹⁸
1201 4203 1314 4270 fimavit
1325 4199 1395 4263 lust,
1412 4197 1508 4266 adqui-

73 4275 137 4326 runt
158 4271 219 4324 Gal.
235 4270 319 4336 (Uer.)
399 4272 422 4306 ¹⁹
440 4270 464 4324 si
482 4269 557 4339 quid]
583 4269 657 4338 quod
683 4271 743 4324 Gau.
756 4271 819 4324 Iret.
898 4271 922 4306 ²⁰
939 4271 1076 4340 persecuti
1097 4274 1161 4326 snut
1179 4271 1255 4334 inst,
1277 4288 1326 4324 om.
1345 4268 1406 4325 Gai.
1424 4269 1509 4336 (Uer.)

73 4343 95 4378 ²¹
113 4341 253 4412 pertineat
266 4341 326 4396 Gal.
397 4341 421 4376 ¹¹
429 4344 543 4426 ¹firment
560 4340 631 4404 Iret,
649 4341 701 4395 iste
721 4341 781 4395 Gal.
793 4339 878 4407 (Uer.)
949 4341 972 4378 ²⁸
989 4341 1055 4412 quid
1073 4347 1122 4396 aut
1135 4342 1160 4397 ei
1172 4341 1313 4410 donatum]
1332 4341 1442 4411 quidsi
1460 4343 1509 4397 aut

74 4412 206 4468 donatum
225 4412 301 4476 luat,
318 4409 392 4480 quod
410 4427 436 4466 οι
454 4410 548 4466 datum
570 4410 631 4466 Gai.
648 4412 732 4477 (Uer.)
808 4411 833 4446 ¹⁴
850 4427 867 4466 a
886 4420 933 4466 ius.
954 4413 1014 4467 Gai.
1030 4411 1092 4467 Isset.
1173 4413 1196 4448 ²⁵
1214 4412 1282 4467 istas
1301 4420 1348 4466 ius.
1367 4411 1428 4467 Gal.
1446 4411 1508 4468 lust.

74 4484 98 4520 ¹⁸
115 4485 175 4538 eius
192 4502 242 4538 om.
256 4483 316 4536 Gai.
387 4482 410 4517 ’ἵ
419 4486 533 4553 fimunt
550 4483 621 4547 Inst,
639 4483 676 4538 sit
694 4482 755 4537 Gai.
767 4481 851 4550 (Uer.)
922 4483 946 4519 ²⁸
963 4492 1001 4538 sic
1019 4491 1095 4538 ctiam
1115 4484 1185 4546 Inst,
1203 4497 1238 4538 ex
1256 4483 1331 4538 omni
1348 4498 1433 4538 cause
1448 4482 1509 4538 Gai.

74 4555 97 4590 ¹⁹
115 4569 227 4610 seruum
245 4572 295 4607 om.
309 4553 369 4608 Gai.
383 4553 445 4608 lust.
503 4553 528 4589 ⁸⁰
544 4561 583 4608 cic
600 4561 676 4608 etiam
695 4553 766 4618 inu..
784 4557 813 4608 et
831 4562 877 4608 ina.
893 4551 954 4608 Gai.
968 4553 1052 4622 (Uer.)
1108 4554 1130 4590 ⁸¹
1150 4554 1215 4624 quia
1235 4554 1296 4610 Gai.
1310 4554 1371 4609 Iual.
1428 4553 1453 4589 ⁸²
1470 4563 1508 4610 sic

73 4633 149 4681 mam
169 4625 240 4690 lust,
258 4624 376 4679 alienum
395 4638 504 4679 seruum
525 4623 585 4679 Gal.
599 4623 682 4691 (Uer.)

74 4739 222 4796 tleuandi
239 4740 275 4793 F·
326 4739 418 4796 4sed
441 4737 530 4808 quo‘d’
543 4737 579 4791 F*
637 4737 764 4808 bunaria]
819 4738 970 4794 odardus.
1011 4740 1046 4795 21
1059 4738 1219 4794 datumst
1235 4737 1241 4805 Ι
1256 4737 1509 4810 propri‘a’etatisF2

78 4809 471 4875 momentaneum
484 4809 608 4878 nauso
646 4809 767 4864 11serui
819 4809 854 4866 23
871 4808 1062 4866 οοᾱοίοοιίοο
1079 4807 1286 4880 propri‘a'etatis
1303 4811 1342 4865 Ρ
1393 4811 1428 4866 25
1445 4825 1509 4881 ροο-

75 4881 170 4951 nostri]
184 4881 269 4936 sernil
282 4881 335 4936 Gai·
350 4883 430 4936 00&ae
477 4881 511 4936 1³
524 4880 583 4936 nesi
595 4881 632 4933 F·
673 4879 765 4936 14110-
818 4887 944 4938 sessore*
964 4881 999 4933 Ρ
1052 4882 1088 4936 26
1104 4881 1224 4950 pertinet
1243 4882 1341 4936 ew
1394 4883 1429 4938 27
1447 4881 1507 4951 sed]

74 4953 187 5024 reditas]
199 4951 351 5008 hereditate
365 4951 509 5007 osseca
562 4952 596 5007 16
612 4949 766 5021 propri‘a’e·
818 4950 869 5008 sed
887 4952 910 5008 si
930 4951 984 5007 Gal
995 4953 1074 5008 codor
1089 4951 1094 5020 l
1109 4965 1253 5022 possessor
1270 4971 1319 5008 oni.
1333 4952 1367 5006 Ρ

76 5023 155 5080 ts'ti's
172 5024 212 5079 Ρ
269 5024 303 5078 li
327 5023 542 5092 cuiuscumque
565 5020 601 5076 F*
619 5042 676 5079 cam
695 5022 765 5088 lust,
