<?xml version="1.0" encoding="UTF-8"?>
<!DOCTYPE html PUBLIC "-//W3C//DTD XHTML 1.0 Transitional//EN"
    "http://www.w3.org/TR/xhtml1/DTD/xhtml1-transitional.dtd">
<html xmlns="http://www.w3.org/1999/xhtml" xml:lang="en" lang="en">
 <head>
  <title>
</title>
<meta http-equiv="Content-Type" content="text/html;charset=utf-8" />
  <meta name='ocr-system' content='tesseract 3.04.00' />
  <meta name='ocr-capabilities' content='ocr_page ocr_carea ocr_par ocr_line ocrx_word'/>
</head>
<body>
  <div class='ocr_page' id='page_1' title='image "./digestaiustinia00kruegoog_1000.png"; bbox 0 0 4350 5438; ppageno 0'>
   <div class='ocr_carea' id='block_1_1' title="bbox 261 199 1700 280">
    <p class='ocr_par' dir='ltr' id='par_1_1' title="bbox 261 199 1700 280">
     <span class='ocr_line' id='line_1_1' title="bbox 261 199 1700 280; baseline -0.001 -12"><span class='ocrx_word' id='word_1_1' title='bbox 261 221 540 271; x_wconf 78' lang='lat' dir='ltr'><strong>srourrronrrone</strong></span> <span class='ocrx_word' id='word_1_2' title='bbox 935 199 1021 280; x_wconf 84' lang='lat'><strong>943</strong></span> <span class='ocrx_word' id='word_1_3' title='bbox 1437 205 1463 271; x_wconf 85' lang='lat' dir='ltr'>L</span> <span class='ocrx_word' id='word_1_4' title='bbox 1488 208 1528 272; x_wconf 85' lang='lat'><strong>16</strong></span> <span class='ocrx_word' id='word_1_5' title='bbox 1550 213 1700 268; x_wconf 81' lang='lat'>113-123</span> 
     </span>
    </p>
   </div>
   <div class='ocr_carea' id='block_1_2' title="bbox 202 345 1793 4064">
    <p class='ocr_par' dir='ltr' id='par_1_2' title="bbox 207 345 1747 518">
     <span class='ocr_line' id='line_1_2' title="bbox 207 345 1747 445; baseline 0.006 -32"><span class='ocrx_word' id='word_1_6' title='bbox 207 361 246 420; x_wconf 88' lang='lat'><strong>13</strong></span> <span class='ocrx_word' id='word_1_7' title='bbox 317 360 395 414; x_wconf 81' lang='lat' dir='ltr'><strong>lusu</strong></span> <span class='ocrx_word' id='word_1_8' title='bbox 413 359 481 416; x_wconf 91' lang='lat' dir='ltr'><strong>libro</strong></span> <span class='ocrx_word' id='word_1_9' title='bbox 500 364 597 429; x_wconf 85' lang='lat' dir='ltr'><strong>quarto</strong></span> <span class='ocrx_word' id='word_1_10' title='bbox 616 359 723 416; x_wconf 88' lang='lat' dir='ltr'><strong>deoimo</strong></span> <span class='ocrx_word' id='word_1_11' title='bbox 738 375 773 415; x_wconf 86' lang='lat' dir='ltr'><strong>ex</strong></span> <span class='ocrx_word' id='word_1_12' title='bbox 784 359 889 416; x_wconf 84' lang='lat' dir='ltr'><strong>Cassio.</strong></span> <span class='ocrx_word' id='word_1_13' title='bbox 915 359 1034 416; x_wconf 81' lang='lat' dir='ltr'><strong>‘Morbus</strong></span> <span class='ocrx_word' id='word_1_14' title='bbox 1047 360 1177 418; x_wconf 77' lang='lat' dir='ltr'><strong>sonticus&#39;</strong></span> <span class='ocrx_word' id='word_1_15' title='bbox 1190 365 1241 432; x_wconf 88' lang='lat' dir='ltr'><strong>est,</strong></span> <span class='ocrx_word' id='word_1_16' title='bbox 1261 345 1747 445; x_wconf 48' lang='lat' dir='ltr'><strong>&amp;mii</strong></span> 
     </span>
     <span class='ocr_line' id='line_1_3' title="bbox 263 449 594 518; baseline 0.003 -16"><span class='ocrx_word' id='word_1_17' title='bbox 263 449 312 518; x_wconf 90' lang='lat' dir='ltr'><strong>qui</strong></span> <span class='ocrx_word' id='word_1_18' title='bbox 329 449 428 518; x_wconf 83' lang='lat' dir='ltr'><strong>unique</strong></span> <span class='ocrx_word' id='word_1_19' title='bbox 446 449 485 503; x_wconf 91' lang='lat' dir='ltr'><strong>rei</strong></span> <span class='ocrx_word' id='word_1_20' title='bbox 504 452 594 504; x_wconf 80' lang='lat' dir='ltr'><strong>nocet</strong></span> 
     </span>
    </p>

    <p class='ocr_par' dir='ltr' id='par_1_3' title="bbox 206 535 1747 696">
     <span class='ocr_line' id='line_1_4' title="bbox 206 535 1747 622; baseline 0.005 -33"><span class='ocrx_word' id='word_1_21' title='bbox 206 539 246 597; x_wconf 83' lang='lat'><strong>14</strong></span> <span class='ocrx_word' id='word_1_22' title='bbox 317 537 396 590; x_wconf 84' lang='lat' dir='ltr'><strong>Innu</strong></span> <span class='ocrx_word' id='word_1_23' title='bbox 414 537 482 592; x_wconf 89' lang='lat' dir='ltr'><strong>libro</strong></span> <span class='ocrx_word' id='word_1_24' title='bbox 501 537 597 606; x_wconf 83' lang='lat' dir='ltr'><strong>quinto</strong></span> <span class='ocrx_word' id='word_1_25' title='bbox 616 536 722 592; x_wconf 89' lang='lat' dir='ltr'><strong>deoimo</strong></span> <span class='ocrx_word' id='word_1_26' title='bbox 740 551 775 592; x_wconf 82' lang='lat' dir='ltr'><strong>ex</strong></span> <span class='ocrx_word' id='word_1_27' title='bbox 793 537 898 594; x_wconf 80' lang='lat' dir='ltr'><strong>(laesio.</strong></span> <span class='ocrx_word' id='word_1_28' title='bbox 935 536 1073 594; x_wconf 87' lang='lat' dir='ltr'><strong>Soluendo</strong></span> <span class='ocrx_word' id='word_1_29' title='bbox 1091 553 1152 594; x_wconf 90' lang='lat' dir='ltr'><strong>esse</strong></span> <span class='ocrx_word' id='word_1_30' title='bbox 1170 555 1248 594; x_wconf 84' lang='lat' dir='ltr'><strong>nemo</strong></span> <span class='ocrx_word' id='word_1_31' title='bbox 1267 539 1447 610; x_wconf 86' lang='lat' dir='ltr'><strong>intellegitur,</strong></span> <span class='ocrx_word' id='word_1_32' title='bbox 1471 539 1524 594; x_wconf 91' lang='lat' dir='ltr'><strong>nisi</strong></span> <span class='ocrx_word' id='word_1_33' title='bbox 1542 535 1700 622; x_wconf 43' lang='lat' dir='ltr'><strong>[ili-,fiii</strong></span> <span class='ocrx_word' id='word_1_34' title='bbox 1719 543 1747 597; x_wconf 86' lang='grc' dir='ltr'><em>Ε</em></span> 
     </span>
     <span class='ocr_line' id='line_1_5' title="bbox 263 625 1734 696; baseline 0.003 -17"><span class='ocrx_word' id='word_1_35' title='bbox 263 626 311 696; x_wconf 84' lang='lat' dir='ltr'><strong>qui</strong></span> <span class='ocrx_word' id='word_1_36' title='bbox 329 625 445 680; x_wconf 86' lang='lat' dir='ltr'><strong>solidum</strong></span> <span class='ocrx_word' id='word_1_37' title='bbox 464 629 556 695; x_wconf 87' lang='lat' dir='ltr'><strong>potest</strong></span> <span class='ocrx_word' id='word_1_38' title='bbox 574 626 690 680; x_wconf 88' lang='lat' dir='ltr'><strong>soluere.</strong></span> <span class='ocrx_word' id='word_1_39' title='bbox 1720 638 1734 676; x_wconf 78' lang='grc'><strong>4</strong></span> 
     </span>
    </p>

    <p class='ocr_par' dir='ltr' id='par_1_4' title="bbox 206 713 1793 1301">
     <span class='ocr_line' id='line_1_6' title="bbox 206 713 1747 799; baseline 0.004 -30"><span class='ocrx_word' id='word_1_40' title='bbox 206 717 245 774; x_wconf 83' lang='grc'><strong>15</strong></span> <span class='ocrx_word' id='word_1_41' title='bbox 317 714 394 770; x_wconf 84' lang='lat' dir='ltr'><strong>lusu</strong></span> <span class='ocrx_word' id='word_1_42' title='bbox 412 713 482 768; x_wconf 88' lang='lat' dir='ltr'><strong>libro</strong></span> <span class='ocrx_word' id='word_1_43' title='bbox 500 719 598 782; x_wconf 87' lang='lat' dir='ltr'><strong>quarto</strong></span> <span class='ocrx_word' id='word_1_44' title='bbox 617 714 805 784; x_wconf 77' lang='lat' dir='ltr'><strong>epistularum.</strong></span> <span class='ocrx_word' id='word_1_45' title='bbox 833 714 963 780; x_wconf 78' lang='lat' dir='ltr'><strong>Quaestio</strong></span> <span class='ocrx_word' id='word_1_46' title='bbox 982 720 1033 784; x_wconf 91' lang='lat' dir='ltr'><strong>est,</strong></span> <span class='ocrx_word' id='word_1_47' title='bbox 1052 713 1154 770; x_wconf 85' lang='lat' dir='ltr'><strong>fundus</strong></span> <span class='ocrx_word' id='word_1_48' title='bbox 1173 731 1190 770; x_wconf 89' lang='lat' dir='ltr'><strong>a</strong></span> <span class='ocrx_word' id='word_1_49' title='bbox 1207 716 1382 786; x_wconf 76' lang='lat' dir='ltr'>possessione</span> <span class='ocrx_word' id='word_1_50' title='bbox 1400 717 1444 772; x_wconf 92' lang='lat' dir='ltr'><strong>uel</strong></span> <span class='ocrx_word' id='word_1_51' title='bbox 1456 731 1524 786; x_wconf 86' lang='lat' dir='ltr'><strong>agro</strong></span> <span class='ocrx_word' id='word_1_52' title='bbox 1543 713 1646 799; x_wconf 57' lang='lat' dir='ltr'><strong>[ffl</strong></span> <span class='ocrx_word' id='word_1_53' title='bbox 1654 715 1700 774; x_wconf 77' lang='lat' dir='ltr'><strong>irs</strong></span> <span class='ocrx_word' id='word_1_54' title='bbox 1718 721 1747 774; x_wconf 83' lang='grc' dir='ltr'><em>Ε</em></span> 
     </span>
     <span class='ocr_line' id='line_1_7' title="bbox 264 799 1700 874; baseline 0.002 -17"><span class='ocrx_word' id='word_1_55' title='bbox 264 803 309 858; x_wconf 90' lang='lat' dir='ltr'><strong>nel</strong></span> <span class='ocrx_word' id='word_1_56' title='bbox 331 802 443 872; x_wconf 88' lang='lat' dir='ltr'><strong>praedio</strong></span> <span class='ocrx_word' id='word_1_57' title='bbox 466 801 533 871; x_wconf 87' lang='lat' dir='ltr'><strong>quid</strong></span> <span class='ocrx_word' id='word_1_58' title='bbox 557 801 650 858; x_wconf 89' lang='lat' dir='ltr'><strong>distet.</strong></span> <span class='ocrx_word' id='word_1_59' title='bbox 678 799 794 874; x_wconf 81' lang='lat' dir='ltr'><strong>‘fundus&#39;</strong></span> <span class='ocrx_word' id='word_1_60' title='bbox 813 809 856 858; x_wconf 86' lang='lat' dir='ltr'><strong>est</strong></span> <span class='ocrx_word' id='word_1_61' title='bbox 879 819 974 872; x_wconf 88' lang='lat' dir='ltr'><strong>omne,</strong></span> <span class='ocrx_word' id='word_1_62' title='bbox 999 804 1132 873; x_wconf 90' lang='lat' dir='ltr'><strong>quidquid</strong></span> <span class='ocrx_word' id='word_1_63' title='bbox 1151 807 1209 860; x_wconf 92' lang='lat' dir='ltr'><strong>solo</strong></span> <span class='ocrx_word' id='word_1_64' title='bbox 1228 811 1345 860; x_wconf 88' lang='lat' dir='ltr'><strong>tenetur.</strong></span> <span class='ocrx_word' id='word_1_65' title='bbox 1372 804 1452 874; x_wconf 83' lang='lat' dir='ltr'><strong>&#39;ager&#39;</strong></span> <span class='ocrx_word' id='word_1_66' title='bbox 1471 811 1527 874; x_wconf 89' lang='lat' dir='ltr'><strong>est,</strong></span> <span class='ocrx_word' id='word_1_67' title='bbox 1551 806 1574 860; x_wconf 93' lang='lat' dir='ltr'><strong>si</strong></span> <span class='ocrx_word' id='word_1_68' title='bbox 1593 808 1700 874; x_wconf 86' lang='lat' dir='ltr'><strong>speeies</strong></span> 
     </span>
     <span class='ocr_line' id='line_1_8' title="bbox 263 889 1700 964; baseline 0.002 -18"><span class='ocrx_word' id='word_1_69' title='bbox 263 889 358 946; x_wconf 74' lang='grc' dir='ltr'><strong>ῐιιοιίἰι</strong></span> <span class='ocrx_word' id='word_1_70' title='bbox 378 891 412 946; x_wconf 92' lang='lat' dir='ltr'><strong>ad</strong></span> <span class='ocrx_word' id='word_1_71' title='bbox 431 907 511 946; x_wconf 89' lang='lat' dir='ltr'><strong>usum</strong></span> <span class='ocrx_word' id='word_1_72' title='bbox 530 891 646 946; x_wconf 90' lang='lat' dir='ltr'><strong>hominis</strong></span> <span class='ocrx_word' id='word_1_73' title='bbox 665 897 846 962; x_wconf 87' lang='lat' dir='ltr'><strong>eomparatur.</strong></span> <span class='ocrx_word' id='word_1_74' title='bbox 874 890 1027 962; x_wconf 81' lang='lat' dir='ltr'><strong>&#39;possessio&#39;</strong></span> <span class='ocrx_word' id='word_1_75' title='bbox 1046 892 1081 948; x_wconf 90' lang='lat' dir='ltr'><strong>ab</strong></span> <span class='ocrx_word' id='word_1_76' title='bbox 1100 909 1166 962; x_wconf 85' lang='lat' dir='ltr'><strong>agro</strong></span> <span class='ocrx_word' id='word_1_77' title='bbox 1185 895 1252 948; x_wconf 90' lang='lat' dir='ltr'><strong>iuris</strong></span> <span class='ocrx_word' id='word_1_78' title='bbox 1270 895 1436 964; x_wconf 80' lang='lat' dir='ltr'><strong>proprietate</strong></span> <span class='ocrx_word' id='word_1_79' title='bbox 1451 894 1549 949; x_wconf 86' lang='lat' dir='ltr'><strong>distat:</strong></span> <span class='ocrx_word' id='word_1_80' title='bbox 1567 894 1700 964; x_wconf 86' lang='lat' dir='ltr'><strong>quidquid</strong></span> 
     </span>
     <span class='ocr_line' id='line_1_9' title="bbox 264 979 1701 1053; baseline 0.003 -19"><span class='ocrx_word' id='word_1_81' title='bbox 264 980 337 1034; x_wconf 88' lang='lat' dir='ltr'><strong>enirn</strong></span> <span class='ocrx_word' id='word_1_82' title='bbox 361 979 605 1050; x_wconf 78' lang='lat' dir='ltr'><strong>adprehendimus,</strong></span> <span class='ocrx_word' id='word_1_83' title='bbox 629 981 707 1036; x_wconf 90' lang='lat' dir='ltr'><strong>euius</strong></span> <span class='ocrx_word' id='word_1_84' title='bbox 725 981 878 1050; x_wconf 79' lang='lat' dir='ltr'><strong>proprietas</strong></span> <span class='ocrx_word' id='word_1_85' title='bbox 895 980 931 1036; x_wconf 91' lang='lat' dir='ltr'><strong>ad</strong></span> <span class='ocrx_word' id='word_1_86' title='bbox 950 995 1001 1036; x_wconf 90' lang='lat' dir='ltr'><strong>nos</strong></span> <span class='ocrx_word' id='word_1_87' title='bbox 1019 996 1074 1036; x_wconf 94' lang='lat' dir='ltr'><strong>non</strong></span> <span class='ocrx_word' id='word_1_88' title='bbox 1091 983 1211 1051; x_wconf 88' lang='lat' dir='ltr'><strong>pertinet</strong></span> <span class='ocrx_word' id='word_1_89' title='bbox 1229 989 1278 1038; x_wconf 87' lang='lat' dir='ltr'><strong>aut</strong></span> <span class='ocrx_word' id='word_1_90' title='bbox 1296 999 1347 1038; x_wconf 89' lang='lat' dir='ltr'><strong>neo</strong></span> <span class='ocrx_word' id='word_1_91' title='bbox 1364 989 1457 1053; x_wconf 91' lang='lat' dir='ltr'><strong>potest</strong></span> <span class='ocrx_word' id='word_1_92' title='bbox 1474 983 1625 1052; x_wconf 87' lang='lat' dir='ltr'><strong>pertinere,</strong></span> <span class='ocrx_word' id='word_1_93' title='bbox 1649 983 1701 1038; x_wconf 85' lang='lat' dir='ltr'><strong>hoo</strong></span> 
     </span>
     <span class='ocr_line' id='line_1_10' title="bbox 263 1069 1793 1142; baseline 0.005 -21"><span class='ocrx_word' id='word_1_94' title='bbox 263 1069 466 1138; x_wconf 88' lang='lat' dir='ltr'><strong>possessionem</strong></span> <span class='ocrx_word' id='word_1_95' title='bbox 478 1071 660 1140; x_wconf 86' lang='lat' dir='ltr'><strong>appellamus:</strong></span> <span class='ocrx_word' id='word_1_96' title='bbox 674 1069 685 1139; x_wconf 78' lang='lat' dir='ltr'><strong>ll</strong></span> <span class='ocrx_word' id='word_1_97' title='bbox 696 1069 834 1138; x_wconf 83' lang='lat' dir='ltr'><strong>possessio</strong></span> <span class='ocrx_word' id='word_1_98' title='bbox 847 1084 913 1140; x_wconf 88' lang='lat' dir='ltr'><strong>ergo</strong></span> <span class='ocrx_word' id='word_1_99' title='bbox 926 1085 1001 1138; x_wconf 90' lang='lat' dir='ltr'><strong>usus,</strong></span> <span class='ocrx_word' id='word_1_100' title='bbox 1014 1085 1080 1138; x_wconf 86' lang='lat' dir='ltr'><strong>ager</strong></span> <span class='ocrx_word' id='word_1_101' title='bbox 1091 1073 1244 1142; x_wconf 77' lang='lat' dir='ltr'><strong>proprietas</strong></span> <span class='ocrx_word' id='word_1_102' title='bbox 1256 1073 1308 1128; x_wconf 86' lang='lat' dir='ltr'><strong>looi</strong></span> <span class='ocrx_word' id='word_1_103' title='bbox 1321 1077 1372 1128; x_wconf 91' lang='lat' dir='ltr'><strong>est.</strong></span> <span class='ocrx_word' id='word_1_104' title='bbox 1391 1071 1548 1142; x_wconf 88' lang='lat' dir='ltr'><strong>&#39;praedium&#39;</strong></span> <span class='ocrx_word' id='word_1_105' title='bbox 1558 1072 1700 1141; x_wconf 85' lang='lat' dir='ltr'><strong>utriusque</strong></span> <span class='ocrx_word' id='word_1_106' title='bbox 1718 1077 1735 1124; x_wconf 84' lang='lat' dir='ltr'><strong>l.</strong></span> <span class='ocrx_word' id='word_1_107' title='bbox 1746 1080 1793 1128; x_wconf 78' lang='lat'><strong>4⁵4</strong></span> 
     </span>
     <span class='ocr_line' id='line_1_11' title="bbox 263 1159 1750 1231; baseline -0.005 -15"><span class='ocrx_word' id='word_1_108' title='bbox 263 1173 348 1227; x_wconf 81' lang='lat' dir='ltr'><strong>supra</strong></span> <span class='ocrx_word' id='word_1_109' title='bbox 372 1159 508 1230; x_wconf 85' lang='lat' dir='ltr'><strong>seriptae²</strong></span> <span class='ocrx_word' id='word_1_110' title='bbox 530 1159 659 1229; x_wconf 84' lang='lat' dir='ltr'><strong>generale</strong></span> <span class='ocrx_word' id='word_1_111' title='bbox 683 1173 783 1214; x_wconf 90' lang='lat' dir='ltr'><strong>nomen</strong></span> <span class='ocrx_word' id='word_1_112' title='bbox 808 1164 861 1214; x_wconf 87' lang='lat' dir='ltr'><strong>est:</strong></span> <span class='ocrx_word' id='word_1_113' title='bbox 886 1175 949 1213; x_wconf 89' lang='lat' dir='ltr'><strong>nam</strong></span> <span class='ocrx_word' id='word_1_114' title='bbox 975 1163 1004 1213; x_wconf 85' lang='lat' dir='ltr'><strong>et</strong></span> <span class='ocrx_word' id='word_1_115' title='bbox 1027 1175 1094 1228; x_wconf 83' lang='lat' dir='ltr'><strong>ager</strong></span> <span class='ocrx_word' id='word_1_116' title='bbox 1114 1166 1143 1216; x_wconf 86' lang='lat' dir='ltr'><strong>et</strong></span> <span class='ocrx_word' id='word_1_117' title='bbox 1163 1161 1302 1231; x_wconf 89' lang='lat' dir='ltr'><strong>possessio</strong></span> <span class='ocrx_word' id='word_1_118' title='bbox 1324 1160 1405 1216; x_wconf 90' lang='lat' dir='ltr'><strong>buius</strong></span> <span class='ocrx_word' id='word_1_119' title='bbox 1424 1160 1617 1230; x_wconf 73' lang='lat' dir='ltr'><strong>appellationis</strong></span> <span class='ocrx_word' id='word_1_120' title='bbox 1639 1176 1700 1230; x_wconf 88' lang='lat' dir='ltr'><strong>spe·</strong></span> <span class='ocrx_word' id='word_1_121' title='bbox 1722 1173 1750 1210; x_wconf 98' lang='grc' dir='ltr'><strong>ιο</strong></span> 
     </span>
     <span class='ocr_line' id='line_1_12' title="bbox 263 1246 412 1301; baseline 0 -1"><span class='ocrx_word' id='word_1_122' title='bbox 263 1246 321 1301; x_wconf 85' lang='lat' dir='ltr'><strong>aies</strong></span> <span class='ocrx_word' id='word_1_123' title='bbox 339 1251 412 1301; x_wconf 88' lang='lat' dir='ltr'><strong>sunt.</strong></span> 
     </span>
    </p>

    <p class='ocr_par' dir='ltr' id='par_1_5' title="bbox 206 1329 1751 1656">
     <span class='ocr_line' id='line_1_13' title="bbox 206 1329 1747 1419; baseline 0.003 -30"><span class='ocrx_word' id='word_1_124' title='bbox 206 1329 245 1388; x_wconf 87' lang='grc'><strong>16</strong></span> <span class='ocrx_word' id='word_1_125' title='bbox 318 1335 396 1390; x_wconf 80' lang='lat' dir='ltr'><strong>loun</strong></span> <span class='ocrx_word' id='word_1_126' title='bbox 413 1334 482 1390; x_wconf 91' lang='lat' dir='ltr'><strong>libro</strong></span> <span class='ocrx_word' id='word_1_127' title='bbox 500 1335 617 1406; x_wconf 85' lang='lat' dir='ltr'><strong>septimo</strong></span> <span class='ocrx_word' id='word_1_128' title='bbox 636 1335 822 1406; x_wconf 87' lang='lat' dir='ltr'><strong>epistularum.</strong></span> <span class='ocrx_word' id='word_1_129' title='bbox 851 1335 988 1406; x_wconf 84' lang='lat' dir='ltr'><strong>&#39;Quisquis</strong></span> <span class='ocrx_word' id='word_1_130' title='bbox 1006 1336 1071 1392; x_wconf 90' lang='lat' dir='ltr'><strong>mihi</strong></span> <span class='ocrx_word' id='word_1_131' title='bbox 1089 1337 1159 1392; x_wconf 90' lang='lat' dir='ltr'><strong>alius</strong></span> <span class='ocrx_word' id='word_1_132' title='bbox 1177 1335 1226 1392; x_wconf 90' lang='lat' dir='ltr'><strong>filii</strong></span> <span class='ocrx_word' id='word_1_133' title='bbox 1243 1335 1350 1392; x_wconf 89' lang='lat' dir='ltr'><strong>tiliusue</strong></span> <span class='ocrx_word' id='word_1_134' title='bbox 1369 1336 1449 1392; x_wconf 88' lang='lat' dir='ltr'><strong>heres</strong></span> <span class='ocrx_word' id='word_1_135' title='bbox 1467 1335 1525 1392; x_wconf 85' lang='lat' dir='ltr'><strong>sit&#39;:</strong></span> <span class='ocrx_word' id='word_1_136' title='bbox 1544 1332 1701 1419; x_wconf 62' lang='lat' dir='ltr'><strong>[ffl</strong></span> <span class='ocrx_word' id='word_1_137' title='bbox 1719 1341 1747 1396; x_wconf 81' lang='lat' dir='ltr'><em>E</em></span> 
     </span>
     <span class='ocr_line' id='line_1_14' title="bbox 264 1415 1700 1495; baseline 0.002 -17"><span class='ocrx_word' id='word_1_138' title='bbox 264 1422 358 1478; x_wconf 88' lang='lat' dir='ltr'><strong>Labeo</strong></span> <span class='ocrx_word' id='word_1_139' title='bbox 382 1439 437 1478; x_wconf 92' lang='lat' dir='ltr'><strong>non</strong></span> <span class='ocrx_word' id='word_1_140' title='bbox 459 1423 547 1478; x_wconf 90' lang='lat' dir='ltr'><strong>uideri</strong></span> <span class='ocrx_word' id='word_1_141' title='bbox 570 1421 653 1478; x_wconf 87' lang='lat' dir='ltr'><strong>liliam</strong></span> <span class='ocrx_word' id='word_1_142' title='bbox 677 1424 833 1492; x_wconf 82' lang='lat' dir='ltr'><strong>contineri,¹</strong></span> <span class='ocrx_word' id='word_1_143' title='bbox 847 1423 978 1480; x_wconf 85' lang='lat' dir='ltr'><strong>Proculus</strong></span> <span class='ocrx_word' id='word_1_144' title='bbox 1001 1430 1105 1481; x_wconf 89' lang='lat' dir='ltr'><strong>eontra.</strong></span> <span class='ocrx_word' id='word_1_145' title='bbox 1139 1425 1205 1481; x_wconf 90' lang='lat' dir='ltr'><strong>mibi</strong></span> <span class='ocrx_word' id='word_1_146' title='bbox 1222 1425 1316 1481; x_wconf 86' lang='lat' dir='ltr'><strong>Labeo</strong></span> <span class='ocrx_word' id='word_1_147' title='bbox 1340 1426 1450 1481; x_wconf 91' lang='lat' dir='ltr'><strong>uidetur</strong></span> <span class='ocrx_word' id='word_1_148' title='bbox 1468 1425 1613 1480; x_wconf 90' lang='lat' dir='ltr'><strong>uerborum</strong></span> <span class='ocrx_word' id='word_1_149' title='bbox 1632 1415 1700 1495; x_wconf 66' lang='lat' dir='ltr'><strong>fig&#39;riss</strong></span> 
     </span>
     <span class='ocr_line' id='line_1_15' title="bbox 264 1512 1702 1584; baseline 0.002 -17"><span class='ocrx_word' id='word_1_150' title='bbox 264 1527 323 1567; x_wconf 89' lang='lat' dir='ltr'><strong>ram</strong></span> <span class='ocrx_word' id='word_1_151' title='bbox 346 1513 437 1582; x_wconf 90' lang='lat' dir='ltr'><strong>sequi,</strong></span> <span class='ocrx_word' id='word_1_152' title='bbox 461 1512 592 1568; x_wconf 75' lang='lat' dir='ltr'><strong>Proomus</strong></span> <span class='ocrx_word' id='word_1_153' title='bbox 616 1517 736 1568; x_wconf 87' lang='lat' dir='ltr'><strong>mentem</strong></span> <span class='ocrx_word' id='word_1_154' title='bbox 759 1513 896 1568; x_wconf 85' lang='lat' dir='ltr'><strong>testantis.</strong></span> <span class='ocrx_word' id='word_1_155' title='bbox 929 1514 1086 1584; x_wconf 88' lang='lat' dir='ltr'><strong>respondit:</strong></span> <span class='ocrx_word' id='word_1_156' title='bbox 1109 1529 1165 1570; x_wconf 89' lang='lat' dir='ltr'><strong>non</strong></span> <span class='ocrx_word' id='word_1_157' title='bbox 1189 1513 1299 1584; x_wconf 89' lang='lat' dir='ltr'><strong>dubito,</strong></span> <span class='ocrx_word' id='word_1_158' title='bbox 1324 1514 1390 1584; x_wconf 88' lang='lat' dir='ltr'><strong>quin</strong></span> <span class='ocrx_word' id='word_1_159' title='bbox 1410 1514 1546 1570; x_wconf 81' lang='lat' dir='ltr'><strong>Labeonis</strong></span> <span class='ocrx_word' id='word_1_160' title='bbox 1565 1516 1702 1570; x_wconf 90' lang='lat' dir='ltr'><strong>sententia</strong></span> 
     </span>
     <span class='ocr_line' id='line_1_16' title="bbox 264 1601 1751 1656; baseline 0 0"><span class='ocrx_word' id='word_1_161' title='bbox 264 1615 331 1656; x_wconf 89' lang='lat' dir='ltr'><strong>uera</strong></span> <span class='ocrx_word' id='word_1_162' title='bbox 348 1615 404 1656; x_wconf 89' lang='lat' dir='ltr'><strong>non</strong></span> <span class='ocrx_word' id='word_1_163' title='bbox 421 1601 466 1656; x_wconf 88' lang='lat' dir='ltr'><strong>sit.</strong></span> <span class='ocrx_word' id='word_1_164' title='bbox 1722 1615 1751 1656; x_wconf 81' lang='lat' dir='ltr'><strong>us</strong></span> 
     </span>
    </p>

    <p class='ocr_par' dir='ltr' id='par_1_6' title="bbox 208 1685 1748 1848">
     <span class='ocr_line' id='line_1_17' title="bbox 208 1685 1748 1774; baseline 0.003 -32"><span class='ocrx_word' id='word_1_165' title='bbox 208 1685 245 1742; x_wconf 88' lang='grc'><strong>17</strong></span> <span class='ocrx_word' id='word_1_166' title='bbox 317 1689 395 1744; x_wconf 84' lang='lat' dir='ltr'><strong>lusu</strong></span> <span class='ocrx_word' id='word_1_167' title='bbox 412 1689 481 1746; x_wconf 93' lang='lat' dir='ltr'><strong>libro</strong></span> <span class='ocrx_word' id='word_1_168' title='bbox 500 1704 571 1744; x_wconf 90' lang='lat' dir='ltr'><strong>nono</strong></span> <span class='ocrx_word' id='word_1_169' title='bbox 590 1689 776 1759; x_wconf 87' lang='lat' dir='ltr'><strong>epistularum.</strong></span> <span class='ocrx_word' id='word_1_170' title='bbox 804 1689 865 1744; x_wconf 86' lang='lat' dir='ltr'><strong>Non</strong></span> <span class='ocrx_word' id='word_1_171' title='bbox 882 1693 975 1760; x_wconf 88' lang='lat' dir='ltr'><strong>potest</strong></span> <span class='ocrx_word' id='word_1_172' title='bbox 992 1690 1081 1748; x_wconf 91' lang='lat' dir='ltr'><strong>uideri</strong></span> <span class='ocrx_word' id='word_1_173' title='bbox 1099 1690 1196 1746; x_wconf 88' lang='lat' dir='ltr'><strong>‘minus</strong></span> <span class='ocrx_word' id='word_1_174' title='bbox 1215 1689 1338 1746; x_wconf 86' lang='lat' dir='ltr'><strong>soluisse&#39;</strong></span> <span class='ocrx_word' id='word_1_175' title='bbox 1353 1691 1386 1760; x_wconf 93' lang='lat' dir='ltr'><strong>is,</strong></span> <span class='ocrx_word' id='word_1_176' title='bbox 1405 1691 1432 1746; x_wconf 93' lang='lat' dir='ltr'><strong>in</strong></span> <span class='ocrx_word' id='word_1_177' title='bbox 1444 1705 1526 1760; x_wconf 88' lang='lat' dir='ltr'><strong>quem</strong></span> <span class='ocrx_word' id='word_1_178' title='bbox 1545 1686 1702 1774; x_wconf 51' lang='grc' dir='ltr'><strong>[ΒῖΒῖιέ</strong></span> <span class='ocrx_word' id='word_1_179' title='bbox 1721 1700 1748 1753; x_wconf 81' lang='grc' dir='ltr'><em>Ε</em></span> 
     </span>
     <span class='ocr_line' id='line_1_18' title="bbox 265 1773 1700 1848; baseline 0 -16"><span class='ocrx_word' id='word_1_180' title='bbox 265 1777 403 1848; x_wconf 84' lang='lat' dir='ltr'><strong>amplioris</strong></span> <span class='ocrx_word' id='word_1_181' title='bbox 421 1793 545 1832; x_wconf 87' lang='lat' dir='ltr'><strong>summae</strong></span> <span class='ocrx_word' id='word_1_182' title='bbox 563 1779 636 1833; x_wconf 84' lang='lat' dir='ltr'><strong>aetio</strong></span> <span class='ocrx_word' id='word_1_183' title='bbox 655 1792 709 1834; x_wconf 91' lang='lat' dir='ltr'><strong>non</strong></span> <span class='ocrx_word' id='word_1_184' title='bbox 727 1778 866 1847; x_wconf 80' lang='lat' dir='ltr'><strong>competit</strong></span> <span class='ocrx_word' id='word_1_185' title='bbox 1572 1773 1574 1778; x_wconf 79' lang='grc'><strong>’</strong></span> <span class='ocrx_word' id='word_1_186' title='bbox 1696 1785 1700 1798; x_wconf 81' lang='grc'><strong>“</strong></span> 
     </span>
    </p>

    <p class='ocr_par' dir='ltr' id='par_1_7' title="bbox 207 1859 1749 2026">
     <span class='ocr_line' id='line_1_19' title="bbox 207 1859 1748 1952; baseline 0.008 -34"><span class='ocrx_word' id='word_1_187' title='bbox 207 1859 245 1919; x_wconf 85' lang='grc'><strong>18</strong></span> <span class='ocrx_word' id='word_1_188' title='bbox 318 1867 489 1922; x_wconf 75' lang='lat' dir='ltr'><strong>Ponaomns</strong></span> <span class='ocrx_word' id='word_1_189' title='bbox 509 1865 577 1920; x_wconf 92' lang='lat' dir='ltr'><strong>libro</strong></span> <span class='ocrx_word' id='word_1_190' title='bbox 596 1865 717 1921; x_wconf 88' lang='lat' dir='ltr'><strong>seeundo</strong></span> <span class='ocrx_word' id='word_1_191' title='bbox 735 1865 771 1920; x_wconf 91' lang='lat' dir='ltr'><strong>ad</strong></span> <span class='ocrx_word' id='word_1_192' title='bbox 790 1865 918 1932; x_wconf 81' lang='lat' dir='ltr'><strong>Quintum</strong></span> <span class='ocrx_word' id='word_1_193' title='bbox 938 1867 1066 1922; x_wconf 84' lang='lat' dir='ltr'><strong>lineium.</strong></span> <span class='ocrx_word' id='word_1_194' title='bbox 1099 1867 1214 1924; x_wconf 86' lang='lat' dir='ltr'><strong>&#39;Hostes&#39;</strong></span> <span class='ocrx_word' id='word_1_195' title='bbox 1233 1869 1261 1923; x_wconf 88' lang='lat' dir='ltr'><strong>bi</strong></span> <span class='ocrx_word' id='word_1_196' title='bbox 1280 1871 1358 1938; x_wconf 90' lang='lat' dir='ltr'><strong>sunt,</strong></span> <span class='ocrx_word' id='word_1_197' title='bbox 1381 1869 1428 1939; x_wconf 90' lang='lat' dir='ltr'><strong>qui</strong></span> <span class='ocrx_word' id='word_1_198' title='bbox 1446 1868 1526 1924; x_wconf 89' lang='lat' dir='ltr'><strong>nobis</strong></span> <span class='ocrx_word' id='word_1_199' title='bbox 1544 1863 1700 1952; x_wconf 56' lang='lat' dir='ltr'><strong>[unffi</strong></span> <span class='ocrx_word' id='word_1_200' title='bbox 1720 1877 1748 1930; x_wconf 83' lang='lat' dir='ltr'><em>E</em></span> 
     </span>
     <span class='ocr_line' id='line_1_20' title="bbox 265 1953 1749 2026; baseline 0 -16"><span class='ocrx_word' id='word_1_201' title='bbox 265 1959 314 2010; x_wconf 84' lang='lat' dir='ltr'><strong>sut</strong></span> <span class='ocrx_word' id='word_1_202' title='bbox 331 1954 431 2024; x_wconf 88' lang='lat' dir='ltr'><strong>quibus</strong></span> <span class='ocrx_word' id='word_1_203' title='bbox 449 1970 500 2010; x_wconf 91' lang='lat' dir='ltr'><strong>nos</strong></span> <span class='ocrx_word' id='word_1_204' title='bbox 518 1953 626 2024; x_wconf 86' lang='lat' dir='ltr'><strong>publice</strong></span> <span class='ocrx_word' id='word_1_205' title='bbox 645 1953 745 2008; x_wconf 90' lang='lat' dir='ltr'><strong>bellum</strong></span> <span class='ocrx_word' id='word_1_206' title='bbox 764 1954 950 2010; x_wconf 87' lang='lat' dir='ltr'><strong>deoreuimus:</strong></span> <span class='ocrx_word' id='word_1_207' title='bbox 969 1957 1053 2010; x_wconf 91' lang='lat' dir='ltr'><strong>oeteri</strong></span> <span class='ocrx_word' id='word_1_208' title='bbox 1072 1955 1205 2012; x_wconf 87' lang='lat' dir='ltr'><strong>&#39;latrones&#39;</strong></span> <span class='ocrx_word' id='word_1_209' title='bbox 1224 1963 1272 2012; x_wconf 87' lang='lat' dir='ltr'><strong>aut</strong></span> <span class='ocrx_word' id='word_1_210' title='bbox 1289 1956 1458 2026; x_wconf 84' lang='lat' dir='ltr'><strong>‘praedones’</strong></span> <span class='ocrx_word' id='word_1_211' title='bbox 1476 1963 1549 2014; x_wconf 88' lang='lat' dir='ltr'><strong>sunt.</strong></span> <span class='ocrx_word' id='word_1_212' title='bbox 1721 1970 1749 2010; x_wconf 88' lang='lat' dir='ltr'><strong>rs</strong></span> 
     </span>
    </p>

    <p class='ocr_par' dir='ltr' id='par_1_8' title="bbox 207 2037 1747 2204">
     <span class='ocr_line' id='line_1_21' title="bbox 207 2037 1747 2128; baseline 0.003 -32"><span class='ocrx_word' id='word_1_213' title='bbox 207 2037 245 2096; x_wconf 85' lang='grc'><strong>19</strong></span> <span class='ocrx_word' id='word_1_214' title='bbox 318 2045 396 2098; x_wconf 86' lang='lat' dir='ltr'><strong>lonu</strong></span> <span class='ocrx_word' id='word_1_215' title='bbox 418 2041 488 2098; x_wconf 92' lang='lat' dir='ltr'><strong>libro</strong></span> <span class='ocrx_word' id='word_1_216' title='bbox 511 2043 593 2098; x_wconf 88' lang='lat' dir='ltr'><strong>tertio</strong></span> <span class='ocrx_word' id='word_1_217' title='bbox 617 2041 653 2097; x_wconf 84' lang='lat' dir='ltr'><strong>sd</strong></span> <span class='ocrx_word' id='word_1_218' title='bbox 671 2043 801 2109; x_wconf 79' lang='lat' dir='ltr'><strong>Quintum</strong></span> <span class='ocrx_word' id='word_1_219' title='bbox 820 2044 948 2100; x_wconf 84' lang='lat' dir='ltr'><strong>lineium.</strong></span> <span class='ocrx_word' id='word_1_220' title='bbox 985 2043 1168 2100; x_wconf 86' lang='lat' dir='ltr'><strong>‘Hereditatis’</strong></span> <span class='ocrx_word' id='word_1_221' title='bbox 1187 2047 1334 2116; x_wconf 83' lang='lat' dir='ltr'><strong>appellatio</strong></span> <span class='ocrx_word' id='word_1_222' title='bbox 1358 2046 1417 2100; x_wconf 90' lang='lat' dir='ltr'><strong>sine</strong></span> <span class='ocrx_word' id='word_1_223' title='bbox 1436 2045 1520 2101; x_wconf 90' lang='lat' dir='ltr'><strong>dnbio</strong></span> <span class='ocrx_word' id='word_1_224' title='bbox 1544 2040 1701 2128; x_wconf 47' lang='lat' dir='ltr'><strong>[Bw-23¹}</strong></span> <span class='ocrx_word' id='word_1_225' title='bbox 1719 2054 1747 2108; x_wconf 77' lang='grc' dir='ltr'><strong>Ε</strong></span> 
     </span>
     <span class='ocr_line' id='line_1_22' title="bbox 265 2131 1648 2204; baseline 0.001 -17"><span class='ocrx_word' id='word_1_226' title='bbox 265 2133 387 2188; x_wconf 83' lang='lat' dir='ltr'><strong>eontinet</strong></span> <span class='ocrx_word' id='word_1_227' title='bbox 404 2133 486 2186; x_wconf 87' lang='lat' dir='ltr'><strong>etiarn</strong></span> <span class='ocrx_word' id='word_1_228' title='bbox 506 2131 665 2186; x_wconf 77' lang='lat' dir='ltr'><strong>damnosam</strong></span> <span class='ocrx_word' id='word_1_229' title='bbox 684 2131 877 2188; x_wconf 88' lang='lat' dir='ltr'><strong>hereditatem:</strong></span> <span class='ocrx_word' id='word_1_230' title='bbox 897 2133 963 2188; x_wconf 88' lang='lat' dir='ltr'><strong>iuris</strong></span> <span class='ocrx_word' id='word_1_231' title='bbox 981 2133 1053 2188; x_wconf 89' lang='lat' dir='ltr'><strong>enim</strong></span> <span class='ocrx_word' id='word_1_232' title='bbox 1072 2148 1172 2189; x_wconf 89' lang='lat' dir='ltr'><strong>nomen</strong></span> <span class='ocrx_word' id='word_1_233' title='bbox 1190 2140 1234 2189; x_wconf 89' lang='lat' dir='ltr'><strong>est</strong></span> <span class='ocrx_word' id='word_1_234' title='bbox 1251 2135 1332 2190; x_wconf 88' lang='lat' dir='ltr'><strong>siouti</strong></span> <span class='ocrx_word' id='word_1_235' title='bbox 1349 2133 1481 2190; x_wconf 88' lang='lat' dir='ltr'><strong>bonorum</strong></span> <span class='ocrx_word' id='word_1_236' title='bbox 1501 2135 1648 2204; x_wconf 89' lang='lat' dir='ltr'><strong>possessio.</strong></span> 
     </span>
    </p>

    <p class='ocr_par' dir='ltr' id='par_1_9' title="bbox 205 2215 1750 2555">
     <span class='ocr_line' id='line_1_23' title="bbox 205 2215 1747 2291; baseline 0.001 -17"><span class='ocrx_word' id='word_1_237' title='bbox 205 2215 248 2274; x_wconf 74' lang='lat'><strong>20</strong></span> <span class='ocrx_word' id='word_1_238' title='bbox 318 2221 396 2276; x_wconf 81' lang='grc' dir='ltr'>Ιιοιοιι</span> <span class='ocrx_word' id='word_1_239' title='bbox 419 2219 488 2275; x_wconf 91' lang='lat' dir='ltr'><strong>libro</strong></span> <span class='ocrx_word' id='word_1_240' title='bbox 513 2220 609 2288; x_wconf 86' lang='lat' dir='ltr'><strong>quinto</strong></span> <span class='ocrx_word' id='word_1_241' title='bbox 628 2220 663 2276; x_wconf 89' lang='lat' dir='ltr'><strong>ad</strong></span> <span class='ocrx_word' id='word_1_242' title='bbox 683 2221 812 2286; x_wconf 83' lang='lat' dir='ltr'><strong>Quintum</strong></span> <span class='ocrx_word' id='word_1_243' title='bbox 830 2223 958 2276; x_wconf 82' lang='lat' dir='ltr'><strong>Munium.</strong></span> <span class='ocrx_word' id='word_1_244' title='bbox 996 2221 1094 2278; x_wconf 86' lang='lat' dir='ltr'><strong>Uerbis</strong></span> <span class='ocrx_word' id='word_1_245' title='bbox 1113 2223 1182 2291; x_wconf 85' lang='lat' dir='ltr'><strong>legis</strong></span> <span class='ocrx_word' id='word_1_246' title='bbox 1200 2223 1345 2278; x_wconf 89' lang='lat' dir='ltr'><strong>dnodeoim</strong></span> <span class='ocrx_word' id='word_1_247' title='bbox 1363 2221 1518 2278; x_wconf 88' lang='lat' dir='ltr'><strong>tabularum</strong></span> <span class='ocrx_word' id='word_1_248' title='bbox 1538 2222 1580 2277; x_wconf 91' lang='lat' dir='ltr'><strong>bis</strong></span> <span class='ocrx_word' id='word_1_249' title='bbox 1598 2223 1646 2278; x_wconf 87' lang='lat' dir='ltr'><strong>&#39;uti</strong></span> <span class='ocrx_word' id='word_1_250' title='bbox 1663 2223 1700 2277; x_wconf 88' lang='lat' dir='ltr'><strong>le·</strong></span> <span class='ocrx_word' id='word_1_251' title='bbox 1719 2221 1747 2276; x_wconf 84' lang='lat' dir='ltr'><em>E</em></span> 
     </span>
     <span class='ocr_line' id='line_1_24' title="bbox 266 2309 1702 2382; baseline 0.001 -18"><span class='ocrx_word' id='word_1_252' title='bbox 266 2309 362 2379; x_wconf 77' lang='lat' dir='ltr'><strong>‘gessit</strong></span> <span class='ocrx_word' id='word_1_253' title='bbox 383 2323 450 2364; x_wconf 89' lang='lat' dir='ltr'><strong>suae</strong></span> <span class='ocrx_word' id='word_1_254' title='bbox 475 2309 527 2378; x_wconf 91' lang='lat' dir='ltr'><strong>rei,</strong></span> <span class='ocrx_word' id='word_1_255' title='bbox 551 2309 591 2363; x_wconf 91' lang='lat' dir='ltr'><strong>ita</strong></span> <span class='ocrx_word' id='word_1_256' title='bbox 613 2309 657 2364; x_wconf 92' lang='lat' dir='ltr'><strong>ius</strong></span> <span class='ocrx_word' id='word_1_257' title='bbox 680 2309 747 2366; x_wconf 87' lang='lat' dir='ltr'><strong>esto&#39;</strong></span> <span class='ocrx_word' id='word_1_258' title='bbox 765 2311 901 2366; x_wconf 86' lang='lat' dir='ltr'><strong>latissima</strong></span> <span class='ocrx_word' id='word_1_259' title='bbox 923 2316 1048 2382; x_wconf 89' lang='lat' dir='ltr'><strong>potestas</strong></span> <span class='ocrx_word' id='word_1_260' title='bbox 1071 2309 1175 2366; x_wconf 91' lang='lat' dir='ltr'><strong>tributa</strong></span> <span class='ocrx_word' id='word_1_261' title='bbox 1196 2311 1305 2368; x_wconf 90' lang='lat' dir='ltr'><strong>uidetur</strong></span> <span class='ocrx_word' id='word_1_262' title='bbox 1323 2315 1351 2366; x_wconf 91' lang='lat' dir='ltr'><strong>et</strong></span> <span class='ocrx_word' id='word_1_263' title='bbox 1369 2311 1478 2367; x_wconf 90' lang='lat' dir='ltr'><strong>heredis</strong></span> <span class='ocrx_word' id='word_1_264' title='bbox 1495 2311 1655 2366; x_wconf 88' lang='lat' dir='ltr'><strong>instituendi</strong></span> <span class='ocrx_word' id='word_1_265' title='bbox 1674 2316 1702 2366; x_wconf 88' lang='lat' dir='ltr'><strong>et</strong></span> 
     </span>
     <span class='ocr_line' id='line_1_25' title="bbox 265 2397 1700 2470; baseline 0.001 -18"><span class='ocrx_word' id='word_1_266' title='bbox 265 2398 359 2467; x_wconf 82' lang='lat' dir='ltr'><strong>legata</strong></span> <span class='ocrx_word' id='word_1_267' title='bbox 376 2403 404 2452; x_wconf 89' lang='lat' dir='ltr'><strong>et</strong></span> <span class='ocrx_word' id='word_1_268' title='bbox 421 2397 562 2452; x_wconf 83' lang='lat' dir='ltr'><strong>libertates</strong></span> <span class='ocrx_word' id='word_1_269' title='bbox 580 2397 673 2467; x_wconf 88' lang='lat' dir='ltr'><strong>dandi,</strong></span> <span class='ocrx_word' id='word_1_270' title='bbox 692 2399 792 2453; x_wconf 86' lang='lat' dir='ltr'><strong>tutelas</strong></span> <span class='ocrx_word' id='word_1_271' title='bbox 810 2415 919 2470; x_wconf 84' lang='lat' dir='ltr'><strong>quoque</strong></span> <span class='ocrx_word' id='word_1_272' title='bbox 931 2400 1124 2456; x_wconf 80' lang='lat' dir='ltr'><strong>constituendi.</strong></span> <span class='ocrx_word' id='word_1_273' title='bbox 1151 2400 1201 2456; x_wconf 92' lang='lat' dir='ltr'><strong>sed</strong></span> <span class='ocrx_word' id='word_1_274' title='bbox 1214 2400 1241 2456; x_wconf 91' lang='lat' dir='ltr'><strong>id</strong></span> <span class='ocrx_word' id='word_1_275' title='bbox 1254 2401 1478 2470; x_wconf 81' lang='lat' dir='ltr'><strong>interpretatione</strong></span> <span class='ocrx_word' id='word_1_276' title='bbox 1490 2405 1700 2470; x_wconf 83' lang='lat' dir='ltr'><strong>coangustatum</strong></span> 
     </span>
     <span class='ocr_line' id='line_1_26' title="bbox 266 2486 1750 2555; baseline -0.001 -13"><span class='ocrx_word' id='word_1_277' title='bbox 266 2491 309 2542; x_wconf 88' lang='lat' dir='ltr'><strong>est</strong></span> <span class='ocrx_word' id='word_1_278' title='bbox 332 2487 376 2542; x_wconf 91' lang='lat' dir='ltr'><strong>nel</strong></span> <span class='ocrx_word' id='word_1_279' title='bbox 394 2487 486 2555; x_wconf 77' lang='lat' dir='ltr'><strong>legum</strong></span> <span class='ocrx_word' id='word_1_280' title='bbox 505 2486 549 2540; x_wconf 90' lang='lat' dir='ltr'><strong>uel</strong></span> <span class='ocrx_word' id='word_1_281' title='bbox 568 2487 732 2542; x_wconf 78' lang='lat' dir='ltr'><strong>auctoritate</strong></span> <span class='ocrx_word' id='word_1_282' title='bbox 750 2487 811 2542; x_wconf 91' lang='lat' dir='ltr'><strong>iura</strong></span> <span class='ocrx_word' id='word_1_283' title='bbox 829 2488 1063 2544; x_wconf 88' lang='lat' dir='ltr'><strong>eonstituentium.</strong></span> <span class='ocrx_word' id='word_1_284' title='bbox 1721 2499 1750 2540; x_wconf 84' lang='lat' dir='ltr'><strong>ss</strong></span> 
     </span>
    </p>

    <p class='ocr_par' dir='ltr' id='par_1_10' title="bbox 206 2569 1749 2820">
     <span class='ocr_line' id='line_1_27' title="bbox 206 2569 1749 2659; baseline 0.005 -31"><span class='ocrx_word' id='word_1_285' title='bbox 206 2569 245 2628; x_wconf 76' lang='lat'><strong>21</strong></span> <span class='ocrx_word' id='word_1_286' title='bbox 320 2575 398 2629; x_wconf 81' lang='lat' dir='ltr'><strong>lusu</strong></span> <span class='ocrx_word' id='word_1_287' title='bbox 414 2574 483 2630; x_wconf 91' lang='lat' dir='ltr'><strong>libro</strong></span> <span class='ocrx_word' id='word_1_288' title='bbox 502 2579 581 2630; x_wconf 83' lang='lat' dir='ltr'><strong>sexto</strong></span> <span class='ocrx_word' id='word_1_289' title='bbox 600 2574 636 2630; x_wconf 89' lang='lat' dir='ltr'><strong>ad</strong></span> <span class='ocrx_word' id='word_1_290' title='bbox 655 2575 784 2641; x_wconf 83' lang='lat' dir='ltr'><strong>Quintum</strong></span> <span class='ocrx_word' id='word_1_291' title='bbox 803 2577 932 2632; x_wconf 81' lang='lat' dir='ltr'><strong>lineium.</strong></span> <span class='ocrx_word' id='word_1_292' title='bbox 968 2577 1059 2632; x_wconf 89' lang='lat' dir='ltr'><strong>Usura</strong></span> <span class='ocrx_word' id='word_1_293' title='bbox 1081 2579 1229 2648; x_wconf 80' lang='lat' dir='ltr'><strong>pecuniae,</strong></span> <span class='ocrx_word' id='word_1_294' title='bbox 1249 2593 1331 2648; x_wconf 88' lang='lat' dir='ltr'><strong>qnam</strong></span> <span class='ocrx_word' id='word_1_295' title='bbox 1353 2577 1527 2648; x_wconf 76' lang='lat' dir='ltr'><strong>percipimus,</strong></span> <span class='ocrx_word' id='word_1_296' title='bbox 1546 2571 1702 2659; x_wconf 59' lang='lat' dir='ltr'><strong>[Q</strong></span> <span class='ocrx_word' id='word_1_297' title='bbox 1722 2583 1749 2636; x_wconf 83' lang='grc' dir='ltr'><em>Ε</em></span> 
     </span>
     <span class='ocr_line' id='line_1_28' title="bbox 263 2661 1703 2737; baseline 0.001 -20"><span class='ocrx_word' id='word_1_298' title='bbox 263 2663 294 2718; x_wconf 91' lang='lat' dir='ltr'><strong>in</strong></span> <span class='ocrx_word' id='word_1_299' title='bbox 321 2661 412 2718; x_wconf 84' lang='lat' dir='ltr'><strong>imola</strong></span> <span class='ocrx_word' id='word_1_300' title='bbox 439 2677 494 2718; x_wconf 93' lang='lat' dir='ltr'><strong>non</strong></span> <span class='ocrx_word' id='word_1_301' title='bbox 521 2668 577 2731; x_wconf 89' lang='lat' dir='ltr'><strong>est,</strong></span> <span class='ocrx_word' id='word_1_302' title='bbox 607 2664 673 2734; x_wconf 86' lang='lat' dir='ltr'><strong>quia</strong></span> <span class='ocrx_word' id='word_1_303' title='bbox 699 2679 754 2720; x_wconf 92' lang='lat' dir='ltr'><strong>non</strong></span> <span class='ocrx_word' id='word_1_304' title='bbox 781 2680 815 2720; x_wconf 90' lang='lat' dir='ltr'><strong>ex</strong></span> <span class='ocrx_word' id='word_1_305' title='bbox 842 2666 903 2736; x_wconf 91' lang='lat' dir='ltr'><strong>ipso</strong></span> <span class='ocrx_word' id='word_1_306' title='bbox 930 2681 1057 2737; x_wconf 88' lang='lat' dir='ltr'><strong>eorpore,</strong></span> <span class='ocrx_word' id='word_1_307' title='bbox 1087 2666 1137 2722; x_wconf 89' lang='lat' dir='ltr'><strong>sed</strong></span> <span class='ocrx_word' id='word_1_308' title='bbox 1164 2682 1199 2722; x_wconf 80' lang='lat' dir='ltr'><strong>ex</strong></span> <span class='ocrx_word' id='word_1_309' title='bbox 1226 2667 1280 2722; x_wconf 86' lang='lat' dir='ltr'><strong>alia</strong></span> <span class='ocrx_word' id='word_1_310' title='bbox 1306 2682 1391 2722; x_wconf 86' lang='lat' dir='ltr'><strong>eausa</strong></span> <span class='ocrx_word' id='word_1_311' title='bbox 1418 2671 1473 2736; x_wconf 89' lang='lat' dir='ltr'><strong>est,</strong></span> <span class='ocrx_word' id='word_1_312' title='bbox 1501 2665 1529 2720; x_wconf 92' lang='lat' dir='ltr'><strong>id</strong></span> <span class='ocrx_word' id='word_1_313' title='bbox 1559 2669 1603 2720; x_wconf 90' lang='lat' dir='ltr'><strong>est</strong></span> <span class='ocrx_word' id='word_1_314' title='bbox 1629 2681 1703 2720; x_wconf 88' lang='lat' dir='ltr'><strong>noua</strong></span> 
     </span>
     <span class='ocr_line' id='line_1_29' title="bbox 266 2750 443 2820; baseline -0.011 -14"><span class='ocrx_word' id='word_1_315' title='bbox 266 2750 443 2820; x_wconf 80' lang='lat' dir='ltr'><strong>obligatione.</strong></span> 
     </span>
    </p>

    <p class='ocr_par' dir='ltr' id='par_1_11' title="bbox 202 2836 1753 3353">
     <span class='ocr_line' id='line_1_30' title="bbox 202 2836 1749 2926; baseline 0.003 -34"><span class='ocrx_word' id='word_1_316' title='bbox 202 2836 247 2895; x_wconf 79' lang='grc'><strong>22</strong></span> <span class='ocrx_word' id='word_1_317' title='bbox 319 2840 398 2894; x_wconf 80' lang='lat' dir='ltr'><strong>loun</strong></span> <span class='ocrx_word' id='word_1_318' title='bbox 419 2838 488 2894; x_wconf 91' lang='lat' dir='ltr'><strong>libro</strong></span> <span class='ocrx_word' id='word_1_319' title='bbox 511 2844 611 2895; x_wconf 88' lang='lat' dir='ltr'><strong>ootauo</strong></span> <span class='ocrx_word' id='word_1_320' title='bbox 635 2841 670 2894; x_wconf 93' lang='lat' dir='ltr'><strong>ad</strong></span> <span class='ocrx_word' id='word_1_321' title='bbox 689 2841 819 2908; x_wconf 83' lang='lat' dir='ltr'><strong>Quintum</strong></span> <span class='ocrx_word' id='word_1_322' title='bbox 837 2844 966 2900; x_wconf 88' lang='lat' dir='ltr'><strong>lineium.</strong></span> <span class='ocrx_word' id='word_1_323' title='bbox 1003 2841 1116 2898; x_wconf 87' lang='lat' dir='ltr'><strong>Seruius</strong></span> <span class='ocrx_word' id='word_1_324' title='bbox 1140 2843 1192 2912; x_wconf 83' lang='lat' dir='ltr'><strong>ait,</strong></span> <span class='ocrx_word' id='word_1_325' title='bbox 1216 2844 1239 2898; x_wconf 91' lang='lat' dir='ltr'><strong>si</strong></span> <span class='ocrx_word' id='word_1_326' title='bbox 1264 2844 1303 2898; x_wconf 86' lang='lat' dir='ltr'><strong>ita</strong></span> <span class='ocrx_word' id='word_1_327' title='bbox 1327 2838 1749 2926; x_wconf 52' lang='lat' dir='ltr'><strong>seriptumsit:[1{a*,&#39;a]issll</strong></span> 
     </span>
     <span class='ocr_line' id='line_1_31' title="bbox 267 2926 1751 3002; baseline 0.001 -19"><span class='ocrx_word' id='word_1_328' title='bbox 267 2927 329 2984; x_wconf 89' lang='lat' dir='ltr'><strong>&#39;filio</strong></span> <span class='ocrx_word' id='word_1_329' title='bbox 348 2926 465 2997; x_wconf 85' lang='lat' dir='ltr'><strong>filiisque</strong></span> <span class='ocrx_word' id='word_1_330' title='bbox 484 2929 552 2984; x_wconf 89' lang='lat' dir='ltr'><strong>meis</strong></span> <span class='ocrx_word' id='word_1_331' title='bbox 570 2928 654 2984; x_wconf 90' lang='lat' dir='ltr'><strong>hosoe</strong></span> <span class='ocrx_word' id='word_1_332' title='bbox 672 2935 776 2986; x_wconf 90' lang='lat' dir='ltr'><strong>tutores</strong></span> <span class='ocrx_word' id='word_1_333' title='bbox 795 2931 848 3002; x_wconf 90' lang='lat' dir='ltr'><strong>do&#39;,</strong></span> <span class='ocrx_word' id='word_1_334' title='bbox 866 2933 995 2988; x_wconf 69' lang='lat' dir='ltr'><strong>mmoulis</strong></span> <span class='ocrx_word' id='word_1_335' title='bbox 1013 2933 1158 2988; x_wconf 85' lang='lat' dir='ltr'><strong>dumtaxat</strong></span> <span class='ocrx_word' id='word_1_336' title='bbox 1175 2937 1280 2988; x_wconf 90' lang='lat' dir='ltr'><strong>tutores</strong></span> <span class='ocrx_word' id='word_1_337' title='bbox 1293 2931 1381 3000; x_wconf 79' lang='lat' dir='ltr'><strong>datos,</strong></span> <span class='ocrx_word' id='word_1_338' title='bbox 1400 2932 1529 3000; x_wconf 88' lang='lat' dir='ltr'><strong>qnoniam</strong></span> <span class='ocrx_word' id='word_1_339' title='bbox 1543 2951 1560 2984; x_wconf 81' lang='lat' dir='ltr'><strong>a</strong></span> <span class='ocrx_word' id='word_1_340' title='bbox 1572 2932 1703 3000; x_wconf 80' lang='lat' dir='ltr'><strong>singulari</strong></span> <span class='ocrx_word' id='word_1_341' title='bbox 1722 2944 1751 2984; x_wconf 91' lang='lat' dir='ltr'><strong>eo</strong></span> 
     </span>
     <span class='ocr_line' id='line_1_32' title="bbox 266 3015 1703 3090; baseline 0.003 -18"><span class='ocrx_word' id='word_1_342' title='bbox 266 3033 333 3072; x_wconf 86' lang='lat' dir='ltr'><strong>oasu</strong></span> <span class='ocrx_word' id='word_1_343' title='bbox 351 3015 404 3072; x_wconf 92' lang='lat' dir='ltr'><strong>boo</strong></span> <span class='ocrx_word' id='word_1_344' title='bbox 422 3015 492 3072; x_wconf 83' lang='lat' dir='ltr'><strong>‘filio&#39;</strong></span> <span class='ocrx_word' id='word_1_345' title='bbox 510 3016 546 3072; x_wconf 89' lang='lat' dir='ltr'><strong>ad</strong></span> <span class='ocrx_word' id='word_1_346' title='bbox 564 3019 696 3088; x_wconf 85' lang='lat' dir='ltr'><strong>pluralem</strong></span> <span class='ocrx_word' id='word_1_347' title='bbox 715 3019 824 3074; x_wconf 91' lang='lat' dir='ltr'><strong>uidetur</strong></span> <span class='ocrx_word' id='word_1_348' title='bbox 841 3021 973 3076; x_wconf 83' lang='lat' dir='ltr'><strong>transisse</strong></span> <span class='ocrx_word' id='word_1_349' title='bbox 991 3023 1175 3077; x_wconf 82' lang='lat' dir='ltr'><strong>continentem</strong></span> <span class='ocrx_word' id='word_1_350' title='bbox 1194 3020 1310 3076; x_wconf 90' lang='lat' dir='ltr'><strong>eundern</strong></span> <span class='ocrx_word' id='word_1_351' title='bbox 1329 3035 1435 3089; x_wconf 83' lang='lat' dir='ltr'><strong>sexum,</strong></span> <span class='ocrx_word' id='word_1_352' title='bbox 1456 3035 1537 3090; x_wconf 88' lang='lat' dir='ltr'><strong>quem</strong></span> <span class='ocrx_word' id='word_1_353' title='bbox 1557 3021 1703 3090; x_wconf 86' lang='lat' dir='ltr'><strong>singularis</strong></span> 
     </span>
     <span class='ocr_line' id='line_1_33' title="bbox 265 3105 1704 3178; baseline 0.003 -19"><span class='ocrx_word' id='word_1_354' title='bbox 265 3107 340 3176; x_wconf 92' lang='lat' dir='ltr'><strong>prior</strong></span> <span class='ocrx_word' id='word_1_355' title='bbox 357 3105 463 3176; x_wconf 91' lang='lat' dir='ltr'><strong>positus</strong></span> <span class='ocrx_word' id='word_1_356' title='bbox 481 3105 631 3162; x_wconf 88' lang='lat' dir='ltr'><strong>habuisset.</strong></span> <span class='ocrx_word' id='word_1_357' title='bbox 664 3107 714 3162; x_wconf 89' lang='lat' dir='ltr'><strong>sed</strong></span> <span class='ocrx_word' id='word_1_358' title='bbox 732 3107 784 3163; x_wconf 91' lang='lat' dir='ltr'><strong>hoo</strong></span> <span class='ocrx_word' id='word_1_359' title='bbox 802 3107 882 3176; x_wconf 83' lang='lat' dir='ltr'><strong>laeti,</strong></span> <span class='ocrx_word' id='word_1_360' title='bbox 900 3127 955 3165; x_wconf 87' lang='lat' dir='ltr'><strong>non</strong></span> <span class='ocrx_word' id='word_1_361' title='bbox 973 3111 1039 3164; x_wconf 91' lang='lat' dir='ltr'><strong>iuris</strong></span> <span class='ocrx_word' id='word_1_362' title='bbox 1058 3108 1141 3165; x_wconf 89' lang='lat' dir='ltr'><strong>babet</strong></span> <span class='ocrx_word' id='word_1_363' title='bbox 1159 3109 1362 3178; x_wconf 85' lang='lat' dir='ltr'><strong>quaestionem:</strong></span> <span class='ocrx_word' id='word_1_364' title='bbox 1381 3114 1474 3178; x_wconf 87' lang='lat' dir='ltr'><strong>potest</strong></span> <span class='ocrx_word' id='word_1_365' title='bbox 1491 3109 1564 3163; x_wconf 90' lang='lat' dir='ltr'><strong>enim</strong></span> <span class='ocrx_word' id='word_1_366' title='bbox 1582 3108 1653 3176; x_wconf 89' lang='lat' dir='ltr'><strong>fieri,</strong></span> <span class='ocrx_word' id='word_1_367' title='bbox 1673 3112 1704 3163; x_wconf 84' lang='lat' dir='ltr'><strong>ut</strong></span> 
     </span>
     <span class='ocr_line' id='line_1_34' title="bbox 266 3193 1703 3268; baseline 0.001 -18"><span class='ocrx_word' id='word_1_368' title='bbox 266 3193 398 3263; x_wconf 85' lang='lat' dir='ltr'><strong>singulari</strong></span> <span class='ocrx_word' id='word_1_369' title='bbox 416 3210 482 3249; x_wconf 90' lang='lat' dir='ltr'><strong>oasu</strong></span> <span class='ocrx_word' id='word_1_370' title='bbox 501 3194 535 3248; x_wconf 91' lang='lat' dir='ltr'><strong>de</strong></span> <span class='ocrx_word' id='word_1_371' title='bbox 553 3193 609 3250; x_wconf 88' lang='lat' dir='ltr'><strong>filio</strong></span> <span class='ocrx_word' id='word_1_372' title='bbox 627 3197 751 3267; x_wconf 88' lang='lat' dir='ltr'><strong>senserit,</strong></span> <span class='ocrx_word' id='word_1_373' title='bbox 770 3197 869 3252; x_wconf 89' lang='lat' dir='ltr'><strong>deinde</strong></span> <span class='ocrx_word' id='word_1_374' title='bbox 887 3199 994 3268; x_wconf 90' lang='lat' dir='ltr'><strong>plenius</strong></span> <span class='ocrx_word' id='word_1_375' title='bbox 1012 3197 1138 3254; x_wconf 88' lang='lat' dir='ltr'><strong>omnibns</strong></span> <span class='ocrx_word' id='word_1_376' title='bbox 1156 3197 1249 3254; x_wconf 90' lang='lat' dir='ltr'><strong>liberis</strong></span> <span class='ocrx_word' id='word_1_377' title='bbox 1267 3199 1442 3268; x_wconf 84' lang='lat' dir='ltr'><strong>prospexisse</strong></span> <span class='ocrx_word' id='word_1_378' title='bbox 1460 3198 1488 3253; x_wconf 89' lang='lat' dir='ltr'><strong>in</strong></span> <span class='ocrx_word' id='word_1_379' title='bbox 1505 3200 1596 3252; x_wconf 86' lang='lat' dir='ltr'><strong>tutore</strong></span> <span class='ocrx_word' id='word_1_380' title='bbox 1611 3197 1703 3254; x_wconf 88' lang='lat' dir='ltr'><strong>dando</strong></span> 
     </span>
     <span class='ocr_line' id='line_1_35' title="bbox 266 3283 1753 3353; baseline -0.001 -13"><span class='ocrx_word' id='word_1_381' title='bbox 266 3284 392 3340; x_wconf 90' lang='lat' dir='ltr'><strong>uoluerit.</strong></span> <span class='ocrx_word' id='word_1_382' title='bbox 420 3283 494 3353; x_wconf 90' lang='lat' dir='ltr'><strong>quod</strong></span> <span class='ocrx_word' id='word_1_383' title='bbox 513 3284 602 3352; x_wconf 84' lang='lat' dir='ltr'><strong>magis</strong></span> <span class='ocrx_word' id='word_1_384' title='bbox 621 3285 781 3340; x_wconf 87' lang='lat' dir='ltr'><strong>rationabile</strong></span> <span class='ocrx_word' id='word_1_385' title='bbox 800 3300 862 3340; x_wconf 89' lang='lat' dir='ltr'><strong>esse</strong></span> <span class='ocrx_word' id='word_1_386' title='bbox 880 3287 998 3343; x_wconf 89' lang='lat' dir='ltr'><strong>uidetur.</strong></span> <span class='ocrx_word' id='word_1_387' title='bbox 1573 3337 1576 3342; x_wconf 87' lang='grc'><strong>,</strong></span> <span class='ocrx_word' id='word_1_388' title='bbox 1722 3299 1753 3340; x_wconf 82' lang='grc' dir='ltr'><strong>οι</strong></span> 
     </span>
    </p>

    <p class='ocr_par' dir='ltr' id='par_1_12' title="bbox 206 3369 1751 4064">
     <span class='ocr_line' id='line_1_36' title="bbox 206 3369 1749 3444; baseline 0.005 -16"><span class='ocrx_word' id='word_1_389' title='bbox 206 3369 248 3428; x_wconf 82' lang='grc'><strong>23</strong></span> <span class='ocrx_word' id='word_1_390' title='bbox 319 3372 398 3426; x_wconf 84' lang='lat' dir='ltr'><strong>Iosrr</strong></span> <span class='ocrx_word' id='word_1_391' title='bbox 415 3372 484 3428; x_wconf 91' lang='lat' dir='ltr'><strong>libro</strong></span> <span class='ocrx_word' id='word_1_392' title='bbox 502 3373 653 3428; x_wconf 78' lang='lat' dir='ltr'><strong>uicensimo</strong></span> <span class='ocrx_word' id='word_1_393' title='bbox 670 3378 749 3428; x_wconf 87' lang='lat' dir='ltr'><strong>sexto</strong></span> <span class='ocrx_word' id='word_1_394' title='bbox 766 3373 802 3428; x_wconf 90' lang='lat' dir='ltr'><strong>ad</strong></span> <span class='ocrx_word' id='word_1_395' title='bbox 814 3373 944 3439; x_wconf 81' lang='lat' dir='ltr'><strong>Quintum</strong></span> <span class='ocrx_word' id='word_1_396' title='bbox 956 3376 1084 3431; x_wconf 89' lang='lat' dir='ltr'><strong>lduoium.</strong></span> <span class='ocrx_word' id='word_1_397' title='bbox 1118 3385 1146 3431; x_wconf 80' lang='lat' dir='ltr'><strong>ot.</strong></span> <span class='ocrx_word' id='word_1_398' title='bbox 1157 3385 1268 3432; x_wconf 78' lang='lat' dir='ltr'><strong>Scaeuola</strong></span> <span class='ocrx_word' id='word_1_399' title='bbox 1284 3385 1344 3444; x_wconf 79' lang='lat' dir='ltr'><strong>apud</strong></span> <span class='ocrx_word' id='word_1_400' title='bbox 1362 3385 1417 3432; x_wconf 70' lang='lat' dir='ltr'><strong>Gall.</strong></span> <span class='ocrx_word' id='word_1_401' title='bbox 1428 3387 1466 3440; x_wconf 82' lang='lat'><strong>1⁷,</strong></span> <span class='ocrx_word' id='word_1_402' title='bbox 1475 3386 1497 3438; x_wconf 82' lang='grc'><strong>7,</strong></span> <span class='ocrx_word' id='word_1_403' title='bbox 1509 3387 1531 3430; x_wconf 84' lang='lat' dir='ltr'><strong>a.</strong></span> <span class='ocrx_word' id='word_1_404' title='bbox 1552 3384 1577 3430; x_wconf 79' lang='lat' dir='ltr'><strong>B.</strong></span> <span class='ocrx_word' id='word_1_405' title='bbox 1589 3388 1610 3440; x_wconf 81' lang='lat' dir='ltr'><strong>a,</strong></span> <span class='ocrx_word' id='word_1_406' title='bbox 1623 3387 1645 3440; x_wconf 79' lang='lat' dir='ltr'><strong>t,</strong></span> <span class='ocrx_word' id='word_1_407' title='bbox 1658 3386 1702 3434; x_wconf 77' lang='lat'><strong>119</strong></span> <span class='ocrx_word' id='word_1_408' title='bbox 1722 3381 1749 3435; x_wconf 88' lang='grc' dir='ltr'><em>Ε</em></span> 
     </span>
     <span class='ocr_line' id='line_1_37' title="bbox 267 3449 1704 3532; baseline 0.001 -16"><span class='ocrx_word' id='word_1_409' title='bbox 267 3459 389 3516; x_wconf 86' lang='lat' dir='ltr'><strong>Uerbum</strong></span> <span class='ocrx_word' id='word_1_410' title='bbox 408 3459 474 3516; x_wconf 84' lang='lat' dir='ltr'><strong>&#39;erit&#39;</strong></span> <span class='ocrx_word' id='word_1_411' title='bbox 492 3460 628 3516; x_wconf 83' lang='lat' dir='ltr'><strong>interdum</strong></span> <span class='ocrx_word' id='word_1_412' title='bbox 648 3463 730 3516; x_wconf 90' lang='lat' dir='ltr'><strong>etiam</strong></span> <span class='ocrx_word' id='word_1_413' title='bbox 749 3465 925 3532; x_wconf 88' lang='lat' dir='ltr'><strong>praeteritum</strong></span> <span class='ocrx_word' id='word_1_414' title='bbox 945 3479 996 3520; x_wconf 88' lang='lat' dir='ltr'><strong>neo</strong></span> <span class='ocrx_word' id='word_1_415' title='bbox 1012 3466 1100 3519; x_wconf 89' lang='lat' dir='ltr'><strong>solum</strong></span> <span class='ocrx_word' id='word_1_416' title='bbox 1112 3449 1704 3532; x_wconf 54' lang='lat' dir='ltr'><strong>frffimffipiifilemonstrasfflodest</strong></span> 
     </span>
     <span class='ocr_line' id='line_1_38' title="bbox 266 3548 1703 3619; baseline 0 -15"><span class='ocrx_word' id='word_1_417' title='bbox 266 3549 347 3605; x_wconf 91' lang='lat' dir='ltr'><strong>nobis</strong></span> <span class='ocrx_word' id='word_1_418' title='bbox 370 3549 554 3605; x_wconf 83' lang='lat' dir='ltr'><strong>necessarium</strong></span> <span class='ocrx_word' id='word_1_419' title='bbox 579 3551 649 3604; x_wconf 89' lang='lat' dir='ltr'><strong>seire</strong></span> <span class='ocrx_word' id='word_1_420' title='bbox 673 3555 701 3604; x_wconf 88' lang='lat' dir='ltr'><strong>et</strong></span> <span class='ocrx_word' id='word_1_421' title='bbox 724 3566 785 3604; x_wconf 89' lang='lat' dir='ltr'><strong>oum</strong></span> <span class='ocrx_word' id='word_1_422' title='bbox 805 3551 922 3606; x_wconf 91' lang='lat' dir='ltr'><strong>oodioilli</strong></span> <span class='ocrx_word' id='word_1_423' title='bbox 939 3552 979 3606; x_wconf 90' lang='lat' dir='ltr'><strong>ita</strong></span> <span class='ocrx_word' id='word_1_424' title='bbox 996 3551 1149 3606; x_wconf 86' lang='lat' dir='ltr'><strong>nonlirmati</strong></span> <span class='ocrx_word' id='word_1_425' title='bbox 1166 3555 1333 3606; x_wconf 86' lang='lat' dir='ltr'><strong>testamento</strong></span> <span class='ocrx_word' id='word_1_426' title='bbox 1351 3548 1464 3605; x_wconf 86' lang='lat' dir='ltr'><strong>luerint:</strong></span> <span class='ocrx_word' id='word_1_427' title='bbox 1485 3549 1566 3619; x_wconf 83' lang='lat' dir='ltr'><strong>‘quod</strong></span> <span class='ocrx_word' id='word_1_428' title='bbox 1583 3550 1611 3604; x_wconf 92' lang='lat' dir='ltr'><strong>in</strong></span> <span class='ocrx_word' id='word_1_429' title='bbox 1629 3549 1703 3605; x_wconf 86' lang='lat' dir='ltr'><strong>eodi-</strong></span> 
     </span>
     <span class='ocr_line' id='line_1_39' title="bbox 268 3637 1704 3710; baseline 0.001 -18"><span class='ocrx_word' id='word_1_430' title='bbox 268 3637 344 3693; x_wconf 88' lang='lat' dir='ltr'><strong>‘eillis</strong></span> <span class='ocrx_word' id='word_1_431' title='bbox 363 3639 493 3708; x_wconf 88' lang='lat' dir='ltr'><strong>seriptum</strong></span> <span class='ocrx_word' id='word_1_432' title='bbox 512 3638 580 3710; x_wconf 90' lang='lat' dir='ltr'><strong>erit‘,</strong></span> <span class='ocrx_word' id='word_1_433' title='bbox 599 3643 725 3695; x_wconf 84' lang='lat' dir='ltr'><strong>utrumne</strong></span> <span class='ocrx_word' id='word_1_434' title='bbox 744 3637 828 3696; x_wconf 81' lang='lat' dir='ltr'><strong>futuri</strong></span> <span class='ocrx_word' id='word_1_435' title='bbox 846 3641 979 3710; x_wconf 86' lang='lat' dir='ltr'><strong>temporis</strong></span> <span class='ocrx_word' id='word_1_436' title='bbox 996 3639 1193 3696; x_wconf 89' lang='lat' dir='ltr'><strong>demonstratio</strong></span> <span class='ocrx_word' id='word_1_437' title='bbox 1211 3637 1260 3694; x_wconf 89' lang='lat' dir='ltr'><strong>fiat</strong></span> <span class='ocrx_word' id='word_1_438' title='bbox 1278 3655 1313 3694; x_wconf 90' lang='lat' dir='ltr'><strong>an</strong></span> <span class='ocrx_word' id='word_1_439' title='bbox 1331 3640 1414 3694; x_wconf 90' lang='lat' dir='ltr'><strong>etiarn</strong></span> <span class='ocrx_word' id='word_1_440' title='bbox 1431 3639 1580 3708; x_wconf 89' lang='lat' dir='ltr'><strong>praeteriti,</strong></span> <span class='ocrx_word' id='word_1_441' title='bbox 1599 3639 1622 3693; x_wconf 91' lang='lat' dir='ltr'><strong>si</strong></span> <span class='ocrx_word' id='word_1_442' title='bbox 1640 3643 1704 3694; x_wconf 87' lang='lat' dir='ltr'><strong>ante</strong></span> 
     </span>
     <span class='ocr_line' id='line_1_40' title="bbox 267 3727 1703 3799; baseline -0.001 -17"><span class='ocrx_word' id='word_1_443' title='bbox 267 3727 386 3798; x_wconf 80' lang='lat' dir='ltr'><strong>scriptos</strong></span> <span class='ocrx_word' id='word_1_444' title='bbox 404 3727 543 3782; x_wconf 87' lang='lat' dir='ltr'><strong>eodieillos</strong></span> <span class='ocrx_word' id='word_1_445' title='bbox 560 3729 622 3798; x_wconf 81' lang='lat' dir='ltr'><strong>quis</strong></span> <span class='ocrx_word' id='word_1_446' title='bbox 640 3729 783 3798; x_wconf 87' lang='lat' dir='ltr'><strong>relinquat.</strong></span> <span class='ocrx_word' id='word_1_447' title='bbox 811 3729 886 3799; x_wconf 87' lang='lat' dir='ltr'><strong>qnod</strong></span> <span class='ocrx_word' id='word_1_448' title='bbox 904 3727 1013 3798; x_wconf 82' lang='lat' dir='ltr'><strong>quidem</strong></span> <span class='ocrx_word' id='word_1_449' title='bbox 1033 3743 1068 3782; x_wconf 83' lang='lat' dir='ltr'><strong>ex</strong></span> <span class='ocrx_word' id='word_1_450' title='bbox 1085 3729 1227 3783; x_wconf 87' lang='lat' dir='ltr'><strong>uoluntate</strong></span> <span class='ocrx_word' id='word_1_451' title='bbox 1245 3728 1389 3783; x_wconf 80' lang='lat' dir='ltr'><strong>scribentis</strong></span> <span class='ocrx_word' id='word_1_452' title='bbox 1404 3727 1638 3797; x_wconf 86' lang='lat' dir='ltr'><strong>interpretandum</strong></span> <span class='ocrx_word' id='word_1_453' title='bbox 1652 3733 1703 3783; x_wconf 87' lang='lat' dir='ltr'><strong>est.</strong></span> 
     </span>
     <span class='ocr_line' id='line_1_41' title="bbox 267 3814 1751 3887; baseline 0.001 -18"><span class='ocrx_word' id='word_1_454' title='bbox 267 3814 500 3885; x_wconf 86' lang='lat' dir='ltr'><strong>quemadmodum</strong></span> <span class='ocrx_word' id='word_1_455' title='bbox 524 3822 615 3872; x_wconf 88' lang='lat' dir='ltr'><strong>antem</strong></span> <span class='ocrx_word' id='word_1_456' title='bbox 639 3816 691 3872; x_wconf 88' lang='lat' dir='ltr'><strong>boo</strong></span> <span class='ocrx_word' id='word_1_457' title='bbox 713 3816 828 3874; x_wconf 86' lang='lat' dir='ltr'><strong>uerbum</strong></span> <span class='ocrx_word' id='word_1_458' title='bbox 848 3815 905 3872; x_wconf 86' lang='lat' dir='ltr'><strong>‘est’</strong></span> <span class='ocrx_word' id='word_1_459' title='bbox 923 3831 977 3871; x_wconf 89' lang='lat' dir='ltr'><strong>non</strong></span> <span class='ocrx_word' id='word_1_460' title='bbox 1001 3817 1089 3872; x_wconf 91' lang='lat' dir='ltr'><strong>solurn</strong></span> <span class='ocrx_word' id='word_1_461' title='bbox 1111 3831 1257 3887; x_wconf 87' lang='lat' dir='ltr'><strong>praesens,</strong></span> <span class='ocrx_word' id='word_1_462' title='bbox 1280 3816 1330 3872; x_wconf 89' lang='lat' dir='ltr'><strong>sed</strong></span> <span class='ocrx_word' id='word_1_463' title='bbox 1353 3821 1382 3870; x_wconf 90' lang='lat' dir='ltr'><strong>et</strong></span> <span class='ocrx_word' id='word_1_464' title='bbox 1399 3817 1576 3886; x_wconf 88' lang='lat' dir='ltr'><strong>praeteritum</strong></span> <span class='ocrx_word' id='word_1_465' title='bbox 1594 3821 1704 3886; x_wconf 88' lang='lat' dir='ltr'><strong>tempus</strong></span> <span class='ocrx_word' id='word_1_466' title='bbox 1723 3828 1751 3870; x_wconf 81' lang='lat' dir='ltr'><strong>to</strong></span> 
     </span>
     <span class='ocr_line' id='line_1_42' title="bbox 267 3893 1704 3976; baseline 0.001 -17"><span class='ocrx_word' id='word_1_467' title='bbox 267 3901 413 3973; x_wconf 84' lang='lat' dir='ltr'><strong>signifieat,</strong></span> <span class='ocrx_word' id='word_1_468' title='bbox 431 3905 470 3959; x_wconf 90' lang='lat' dir='ltr'><strong>ita</strong></span> <span class='ocrx_word' id='word_1_469' title='bbox 488 3910 517 3960; x_wconf 87' lang='lat' dir='ltr'><strong>et</strong></span> <span class='ocrx_word' id='word_1_470' title='bbox 534 3893 718 3961; x_wconf 87' lang='lat' dir='ltr'><strong>hoeuerbnm</strong></span> <span class='ocrx_word' id='word_1_471' title='bbox 737 3905 803 3961; x_wconf 82' lang='lat' dir='ltr'><strong>‘erit&#39;</strong></span> <span class='ocrx_word' id='word_1_472' title='bbox 820 3921 873 3960; x_wconf 91' lang='lat' dir='ltr'><strong>non</strong></span> <span class='ocrx_word' id='word_1_473' title='bbox 891 3906 978 3961; x_wconf 90' lang='lat' dir='ltr'><strong>solnm</strong></span> <span class='ocrx_word' id='word_1_474' title='bbox 991 3905 1122 3976; x_wconf 87' lang='lat' dir='ltr'><strong>futurum,</strong></span> <span class='ocrx_word' id='word_1_475' title='bbox 1141 3905 1191 3960; x_wconf 91' lang='lat' dir='ltr'><strong>sed</strong></span> <span class='ocrx_word' id='word_1_476' title='bbox 1203 3904 1338 3960; x_wconf 88' lang='lat' dir='ltr'><strong>interdum</strong></span> <span class='ocrx_word' id='word_1_477' title='bbox 1352 3905 1433 3959; x_wconf 89' lang='lat' dir='ltr'><strong>etiarn</strong></span> <span class='ocrx_word' id='word_1_478' title='bbox 1446 3905 1623 3975; x_wconf 88' lang='lat' dir='ltr'><strong>praeteritum</strong></span> <span class='ocrx_word' id='word_1_479' title='bbox 1636 3910 1704 3960; x_wconf 89' lang='lat' dir='ltr'><strong>tem-</strong></span> 
     </span>
     <span class='ocr_line' id='line_1_43' title="bbox 266 3990 1704 4064; baseline 0.001 -17"><span class='ocrx_word' id='word_1_480' title='bbox 266 4008 321 4064; x_wconf 90' lang='lat' dir='ltr'><strong>pus</strong></span> <span class='ocrx_word' id='word_1_481' title='bbox 339 3993 533 4048; x_wconf 80' lang='lat' dir='ltr'><strong>demonstrat⁸.</strong></span> <span class='ocrx_word' id='word_1_482' title='bbox 560 3990 624 4050; x_wconf 82' lang='lat' dir='ltr'><strong>nam</strong></span> <span class='ocrx_word' id='word_1_483' title='bbox 643 4011 704 4051; x_wconf 87' lang='lat' dir='ltr'><strong>oum</strong></span> <span class='ocrx_word' id='word_1_484' title='bbox 723 3994 841 4050; x_wconf 89' lang='lat' dir='ltr'><strong>dioimns</strong></span> <span class='ocrx_word' id='word_1_485' title='bbox 859 3995 968 4050; x_wconf 88' lang='lat' dir='ltr'><strong>&#39;Luoins</strong></span> <span class='ocrx_word' id='word_1_486' title='bbox 980 3995 1070 4050; x_wconf 88' lang='lat' dir='ltr'><strong>Titius</strong></span> <span class='ocrx_word' id='word_1_487' title='bbox 1088 3993 1194 4050; x_wconf 85' lang='lat' dir='ltr'><strong>solutus</strong></span> <span class='ocrx_word' id='word_1_488' title='bbox 1212 3999 1255 4049; x_wconf 88' lang='lat' dir='ltr'><strong>est</strong></span> <span class='ocrx_word' id='word_1_489' title='bbox 1273 3993 1308 4049; x_wconf 90' lang='lat' dir='ltr'><strong>ab</strong></span> <span class='ocrx_word' id='word_1_490' title='bbox 1326 3991 1510 4064; x_wconf 73' lang='lat' dir='ltr'><strong>obligatione,</strong></span> <span class='ocrx_word' id='word_1_491' title='bbox 1528 3999 1557 4048; x_wconf 90' lang='lat' dir='ltr'><strong>et</strong></span> <span class='ocrx_word' id='word_1_492' title='bbox 1574 3993 1704 4064; x_wconf 88' lang='lat' dir='ltr'><strong>praeteri·</strong></span> 
     </span>
    </p>
   </div>
   <div class='ocr_carea' id='block_1_3' title="bbox 267 4097 463 4166">
    <p class='ocr_par' dir='ltr' id='par_1_13' title="bbox 267 4097 463 4166">
     <span class='ocr_line' id='line_1_44' title="bbox 267 4097 463 4166; baseline 0.01 -13"><span class='ocrx_word' id='word_1_493' title='bbox 267 4097 463 4166; x_wconf 60' lang='lat' dir='ltr'><strong>mxumo)</strong></span> 
     </span>
    </p>
   </div>
   <div class='ocr_carea' id='block_1_4' title="bbox 252 4248 1705 4390">
    <p class='ocr_par' dir='ltr' id='par_1_14' title="bbox 252 4248 1705 4390">
     <span class='ocr_line' id='line_1_45' title="bbox 252 4248 1704 4320; baseline 0 -18"><span class='ocrx_word' id='word_1_494' title='bbox 252 4251 278 4302; x_wconf 86' lang='lat'><strong>.²</strong></span> <span class='ocrx_word' id='word_1_495' title='bbox 299 4264 366 4318; x_wconf 88' lang='lat' dir='ltr'><strong>ager</strong></span> <span class='ocrx_word' id='word_1_496' title='bbox 383 4254 426 4304; x_wconf 87' lang='lat' dir='ltr'><strong>eal</strong></span> <span class='ocrx_word' id='word_1_497' title='bbox 443 4249 550 4320; x_wconf 87' lang='lat' dir='ltr'><strong>speeies</strong></span> <span class='ocrx_word' id='word_1_498' title='bbox 568 4248 658 4305; x_wconf 81' lang='lat' dir='ltr'><strong>tundi:</strong></span> <span class='ocrx_word' id='word_1_499' title='bbox 678 4249 702 4304; x_wconf 90' lang='lat' dir='ltr'><strong>si</strong></span> <span class='ocrx_word' id='word_1_500' title='bbox 719 4249 847 4316; x_wconf 74' lang='lat' dir='ltr'><strong>(similiter</strong></span> <span class='ocrx_word' id='word_1_501' title='bbox 865 4250 957 4316; x_wconf 61' lang='lat' dir='ltr'><strong>Hali?</strong></span> <span class='ocrx_word' id='word_1_502' title='bbox 1028 4250 1097 4304; x_wconf 74' lang='lat' dir='ltr'><strong>²rei</strong></span> <span class='ocrx_word' id='word_1_503' title='bbox 1116 4258 1163 4304; x_wconf 72' lang='lat' dir='ltr'><strong>ivn.</strong></span> <span class='ocrx_word' id='word_1_504' title='bbox 1182 4251 1260 4316; x_wconf 87' lang='lat' dir='ltr'><strong>(edd.)</strong></span> <span class='ocrx_word' id='word_1_505' title='bbox 1332 4248 1592 4318; x_wconf 67' lang='lat' dir='ltr'><strong>’quemadmodum</strong></span> <span class='ocrx_word' id='word_1_506' title='bbox 1612 4254 1704 4303; x_wconf 89' lang='lat' dir='ltr'><strong>autern</strong></span> 
     </span>
     <span class='ocr_line' id='line_1_46' title="bbox 267 4319 1705 4390; baseline -0.001 -14"><span class='ocrx_word' id='word_1_507' title='bbox 267 4319 321 4376; x_wconf 89' lang='lat' dir='ltr'><strong>hoo</strong></span> <span class='ocrx_word' id='word_1_508' title='bbox 346 4320 460 4375; x_wconf 87' lang='lat' dir='ltr'><strong>uerbum</strong></span> <span class='ocrx_word' id='word_1_509' title='bbox 483 4319 550 4375; x_wconf 86' lang='lat' dir='ltr'><strong>&#39;erit&#39;</strong></span> <span class='ocrx_word' id='word_1_510' title='bbox 572 4337 627 4376; x_wconf 93' lang='lat' dir='ltr'><strong>non</strong></span> <span class='ocrx_word' id='word_1_511' title='bbox 649 4321 736 4376; x_wconf 85' lang='lat' dir='ltr'><strong>solum</strong></span> <span class='ocrx_word' id='word_1_512' title='bbox 757 4319 893 4390; x_wconf 80' lang='lat' dir='ltr'><strong>futurum,</strong></span> <span class='ocrx_word' id='word_1_513' title='bbox 917 4320 967 4376; x_wconf 92' lang='lat' dir='ltr'><strong>sed</strong></span> <span class='ocrx_word' id='word_1_514' title='bbox 989 4321 1125 4376; x_wconf 81' lang='lat' dir='ltr'><strong>interdum</strong></span> <span class='ocrx_word' id='word_1_515' title='bbox 1150 4320 1232 4374; x_wconf 87' lang='lat' dir='ltr'><strong>etiam</strong></span> <span class='ocrx_word' id='word_1_516' title='bbox 1257 4321 1435 4389; x_wconf 87' lang='lat' dir='ltr'><strong>praeteritum</strong></span> <span class='ocrx_word' id='word_1_517' title='bbox 1459 4324 1569 4389; x_wconf 90' lang='lat' dir='ltr'><strong>tempus</strong></span> <span class='ocrx_word' id='word_1_518' title='bbox 1593 4319 1705 4374; x_wconf 89' lang='lat' dir='ltr'><strong>demon-</strong></span> 
     </span>
    </p>
   </div>
   <div class='ocr_carea' id='block_1_5' title="bbox 268 4389 1706 4534">
    <p class='ocr_par' dir='ltr' id='par_1_15' title="bbox 268 4389 1706 4534">
     <span class='ocr_line' id='line_1_47' title="bbox 268 4389 1706 4530; baseline 0 -84"><span class='ocrx_word' id='word_1_519' title='bbox 268 4393 462 4530; x_wconf 53' lang='lat' dir='ltr'><strong>igiibimtit</strong></span> <span class='ocrx_word' id='word_1_520' title='bbox 479 4391 532 4448; x_wconf 88' lang='lat' dir='ltr'><strong>boo</strong></span> <span class='ocrx_word' id='word_1_521' title='bbox 552 4392 667 4448; x_wconf 87' lang='lat' dir='ltr'><strong>uerbum</strong></span> <span class='ocrx_word' id='word_1_522' title='bbox 687 4391 744 4447; x_wconf 88' lang='lat' dir='ltr'><strong>&#39;est&#39;</strong></span> <span class='ocrx_word' id='word_1_523' title='bbox 763 4407 818 4448; x_wconf 88' lang='lat' dir='ltr'><strong>uon</strong></span> <span class='ocrx_word' id='word_1_524' title='bbox 839 4393 927 4448; x_wconf 89' lang='lat' dir='ltr'><strong>solum</strong></span> <span class='ocrx_word' id='word_1_525' title='bbox 949 4407 1092 4462; x_wconf 89' lang='lat' dir='ltr'><strong>praesens,</strong></span> <span class='ocrx_word' id='word_1_526' title='bbox 1116 4391 1166 4446; x_wconf 88' lang='lat' dir='ltr'><strong>sed</strong></span> <span class='ocrx_word' id='word_1_527' title='bbox 1188 4397 1217 4446; x_wconf 91' lang='lat' dir='ltr'><strong>et</strong></span> <span class='ocrx_word' id='word_1_528' title='bbox 1236 4391 1414 4460; x_wconf 85' lang='lat' dir='ltr'><strong>praeteritum</strong></span> <span class='ocrx_word' id='word_1_529' title='bbox 1436 4397 1546 4462; x_wconf 85' lang='lat' dir='ltr'><strong>ternpus</strong></span> <span class='ocrx_word' id='word_1_530' title='bbox 1567 4389 1706 4460; x_wconf 80' lang='lat' dir='ltr'><strong>signifieat</strong></span> 
     </span>
     <span class='ocr_line' id='line_1_48' title="bbox 302 4483 414 4534; baseline -0.018 -17"><span class='ocrx_word' id='word_1_531' title='bbox 302 4483 315 4517; x_wconf 82' lang='lat' dir='ltr'><strong>o</strong></span> <span class='ocrx_word' id='word_1_532' title='bbox 372 4483 414 4534; x_wconf 76' lang='lat' dir='ltr'><strong>sup</strong></span> 
     </span>
    </p>
   </div>
   <div class='ocr_carea' id='block_1_6' title="bbox 228 4611 1707 5039">
    <p class='ocr_par' dir='ltr' id='par_1_16' title="bbox 228 4611 1707 5039">
     <span class='ocr_line' id='line_1_49' title="bbox 268 4611 1706 4684; baseline -0.002 -16"><span class='ocrx_word' id='word_1_533' title='bbox 268 4611 353 4682; x_wconf 78' lang='lat' dir='ltr'><strong>2qni</strong></span> <span class='ocrx_word' id='word_1_534' title='bbox 376 4612 474 4681; x_wconf 85' lang='lat' dir='ltr'><strong>suique</strong></span> <span class='ocrx_word' id='word_1_535' title='bbox 498 4613 538 4667; x_wconf 91' lang='lat' dir='ltr'><strong>rei</strong></span> <span class='ocrx_word' id='word_1_536' title='bbox 560 4611 651 4680; x_wconf 81' lang='lat' dir='ltr'><strong>nocet]</strong></span> <span class='ocrx_word' id='word_1_537' title='bbox 677 4612 691 4665; x_wconf 76' lang='lat' dir='ltr'><strong>ir</strong></span> <span class='ocrx_word' id='word_1_538' title='bbox 715 4612 815 4680; x_wconf 74' lang='lat' dir='ltr'><strong>iniero</strong></span> <span class='ocrx_word' id='word_1_539' title='bbox 837 4612 959 4684; x_wconf 73' lang='lat' dir='ltr'><strong>npiruau</strong></span> <span class='ocrx_word' id='word_1_540' title='bbox 1016 4611 1329 4682; x_wconf 56' lang='lat' dir='ltr'><strong>retransmisissem</strong></span> <span class='ocrx_word' id='word_1_541' title='bbox 1369 4613 1404 4667; x_wconf 74' lang='lat'><strong>22</strong></span> <span class='ocrx_word' id='word_1_542' title='bbox 1416 4612 1538 4680; x_wconf 84' lang='lat' dir='ltr'><strong>legasset</strong></span> <span class='ocrx_word' id='word_1_543' title='bbox 1547 4611 1585 4665; x_wconf 58' lang='grc' dir='ltr'><strong>Γ)</strong></span> <span class='ocrx_word' id='word_1_544' title='bbox 1620 4611 1706 4666; x_wconf 79' lang='lat' dir='ltr'><strong>23rei</strong></span> 
     </span>
     <span class='ocr_line' id='line_1_50' title="bbox 268 4683 1705 4754; baseline -0.002 -16"><span class='ocrx_word' id='word_1_545' title='bbox 268 4685 445 4746; x_wconf 68' lang='lat' dir='ltr'><strong>uanaraonina</strong></span> <span class='ocrx_word' id='word_1_546' title='bbox 467 4685 492 4736; x_wconf 85' lang='lat' dir='ltr'><em>B</em></span> <span class='ocrx_word' id='word_1_547' title='bbox 554 4685 671 4738; x_wconf 89' lang='lat' dir='ltr'><strong>3nomo</strong></span> <span class='ocrx_word' id='word_1_548' title='bbox 690 4685 715 4736; x_wconf 85' lang='lat' dir='ltr'><em>F</em></span> <span class='ocrx_word' id='word_1_549' title='bbox 772 4685 875 4739; x_wconf 83' lang='lat' dir='ltr'><strong>iiuris</strong></span> <span class='ocrx_word' id='word_1_550' title='bbox 898 4699 961 4754; x_wconf 93' lang='lat' dir='ltr'><strong>pro·</strong></span> <span class='ocrx_word' id='word_1_551' title='bbox 1014 4684 1062 4752; x_wconf 86' lang='lat' dir='ltr'><strong>ita]</strong></span> <span class='ocrx_word' id='word_1_552' title='bbox 1076 4685 1162 4738; x_wconf 89' lang='lat' dir='ltr'><strong>relata</strong></span> <span class='ocrx_word' id='word_1_553' title='bbox 1177 4685 1218 4748; x_wconf 61' lang='grc' dir='ltr'><strong>Ρ,</strong></span> <span class='ocrx_word' id='word_1_554' title='bbox 1238 4685 1276 4738; x_wconf 91' lang='lat' dir='ltr'><strong>rei</strong></span> <span class='ocrx_word' id='word_1_555' title='bbox 1288 4684 1346 4738; x_wconf 89' lang='lat' dir='ltr'><strong>iata</strong></span> <span class='ocrx_word' id='word_1_556' title='bbox 1358 4685 1417 4748; x_wconf 77' lang='lat' dir='ltr'><strong>(stc)</strong></span> <span class='ocrx_word' id='word_1_557' title='bbox 1429 4684 1482 4737; x_wconf 82' lang='lat' dir='ltr'><strong>F’:</strong></span> <span class='ocrx_word' id='word_1_558' title='bbox 1501 4683 1536 4736; x_wconf 92' lang='lat' dir='ltr'><strong>de</strong></span> <span class='ocrx_word' id='word_1_559' title='bbox 1552 4698 1581 4736; x_wconf 90' lang='lat' dir='ltr'><strong>re</strong></span> <span class='ocrx_word' id='word_1_560' title='bbox 1594 4698 1646 4736; x_wconf 90' lang='lat' dir='ltr'><strong>sua</strong></span> <span class='ocrx_word' id='word_1_561' title='bbox 1656 4701 1705 4752; x_wconf 82' lang='lat' dir='ltr'><strong>pro</strong></span> 
     </span>
     <span class='ocr_line' id='line_1_51' title="bbox 267 4753 1706 4826; baseline -0.003 -17"><span class='ocrx_word' id='word_1_562' title='bbox 267 4754 397 4824; x_wconf 81' lang='lat' dir='ltr'><strong>prietate]</strong></span> <span class='ocrx_word' id='word_1_563' title='bbox 416 4761 491 4826; x_wconf 76' lang='lat' dir='ltr'><strong>presai</strong></span> <span class='ocrx_word' id='word_1_564' title='bbox 508 4761 571 4808; x_wconf 77' lang='lat' dir='ltr'><strong>asset</strong></span> <span class='ocrx_word' id='word_1_565' title='bbox 589 4755 648 4808; x_wconf 79' lang='lat' dir='ltr'><strong>iure</strong></span> <span class='ocrx_word' id='word_1_566' title='bbox 659 4755 842 4825; x_wconf 79' lang='lat' dir='ltr'><strong>proprietatis,</strong></span> <span class='ocrx_word' id='word_1_567' title='bbox 861 4763 962 4810; x_wconf 78' lang='lat' dir='ltr'><strong>uertant</strong></span> <span class='ocrx_word' id='word_1_568' title='bbox 1014 4770 1081 4810; x_wconf 82' lang='lat' dir='ltr'><strong>suae</strong></span> <span class='ocrx_word' id='word_1_569' title='bbox 1094 4755 1133 4808; x_wconf 83' lang='lat' dir='ltr'><strong>rei</strong></span> <span class='ocrx_word' id='word_1_570' title='bbox 1145 4753 1217 4808; x_wconf 85' lang='lat' dir='ltr'><strong>Nou.</strong></span> <span class='ocrx_word' id='word_1_571' title='bbox 1230 4755 1273 4817; x_wconf 84' lang='lat'><strong>22,</strong></span> <span class='ocrx_word' id='word_1_572' title='bbox 1286 4755 1310 4818; x_wconf 88' lang='lat'><strong>2,</strong></span> <span class='ocrx_word' id='word_1_573' title='bbox 1329 4755 1373 4808; x_wconf 82' lang='lat' dir='ltr'><strong>ubi</strong></span> <span class='ocrx_word' id='word_1_574' title='bbox 1391 4755 1470 4808; x_wconf 83' lang='lat' dir='ltr'><strong>uerbo</strong></span> <span class='ocrx_word' id='word_1_575' title='bbox 1482 4753 1547 4808; x_wconf 86' lang='lat' dir='ltr'><strong>XII</strong></span> <span class='ocrx_word' id='word_1_576' title='bbox 1561 4754 1706 4808; x_wconf 73' lang='lat' dir='ltr'><strong>tabularum</strong></span> 
     </span>
     <span class='ocr_line' id='line_1_52' title="bbox 268 4823 1706 4895; baseline -0.002 -14"><span class='ocrx_word' id='word_1_577' title='bbox 268 4825 312 4881; x_wconf 89' lang='lat' dir='ltr'><strong>B:</strong></span> <span class='ocrx_word' id='word_1_578' title='bbox 330 4826 370 4892; x_wconf 85' lang='grc' dir='ltr'><strong>τῷ</strong></span> <span class='ocrx_word' id='word_1_579' title='bbox 382 4825 430 4878; x_wconf 79' lang='lat' dir='ltr'><strong>rire</strong></span> <span class='ocrx_word' id='word_1_580' title='bbox 442 4825 594 4878; x_wconf 66' lang='lat' dir='ltr'><strong>necassetue</strong></span> <span class='ocrx_word' id='word_1_581' title='bbox 607 4827 736 4892; x_wconf 75' lang='grc' dir='ltr'>ΔικοίῳΒ</span> <span class='ocrx_word' id='word_1_582' title='bbox 789 4825 961 4894; x_wconf 83' lang='lat' dir='ltr'><strong>9utriusque</strong></span> <span class='ocrx_word' id='word_1_583' title='bbox 1013 4825 1054 4881; x_wconf 89' lang='lat' dir='ltr'><strong>uti</strong></span> <span class='ocrx_word' id='word_1_584' title='bbox 1129 4830 1189 4880; x_wconf 84' lang='lat' dir='ltr'><strong>esto</strong></span> <span class='ocrx_word' id='word_1_585' title='bbox 1213 4832 1324 4879; x_wconf 83' lang='lat' dir='ltr'><strong>citantur</strong></span> <span class='ocrx_word' id='word_1_586' title='bbox 1342 4825 1449 4889; x_wconf 80' lang='lat' dir='ltr'><strong>Latine,</strong></span> <span class='ocrx_word' id='word_1_587' title='bbox 1464 4827 1584 4895; x_wconf 81' lang='lat' dir='ltr'><strong>sortasse</strong></span> <span class='ocrx_word' id='word_1_588' title='bbox 1608 4843 1638 4877; x_wconf 77' lang='lat' dir='ltr'><strong>err</strong></span> <span class='ocrx_word' id='word_1_589' title='bbox 1658 4823 1706 4878; x_wconf 78' lang='lat' dir='ltr'><strong>boo</strong></span> 
     </span>
     <span class='ocr_line' id='line_1_53' title="bbox 268 4894 1706 4968; baseline -0.003 -17"><span class='ocrx_word' id='word_1_590' title='bbox 268 4911 354 4964; x_wconf 83' lang='lat' dir='ltr'><strong>supra</strong></span> <span class='ocrx_word' id='word_1_591' title='bbox 372 4895 500 4964; x_wconf 75' lang='lat' dir='ltr'><strong>scriptae]</strong></span> <span class='ocrx_word' id='word_1_592' title='bbox 523 4895 647 4965; x_wconf 69' lang='lat' dir='ltr'><strong>baaripac</strong></span> <span class='ocrx_word' id='word_1_593' title='bbox 669 4897 717 4950; x_wconf 68' lang='grc' dir='ltr'><strong>τοῖς</strong></span> <span class='ocrx_word' id='word_1_594' title='bbox 734 4897 961 4968; x_wconf 73' lang='lat' dir='ltr'><strong>rrporsrpauuiaac</strong></span> <span class='ocrx_word' id='word_1_595' title='bbox 1013 4900 1068 4950; x_wconf 85' lang='lat' dir='ltr'><strong>loco</strong></span> <span class='ocrx_word' id='word_1_596' title='bbox 1084 4900 1089 4962; x_wconf 88' lang='grc' dir='ltr'>Ι</span> <span class='ocrx_word' id='word_1_597' title='bbox 1104 4895 1282 4950; x_wconf 50' lang='lat' dir='ltr'><strong>instituendi</strong></span> <span class='ocrx_word' id='word_1_598' title='bbox 1301 4895 1336 4948; x_wconf 70' lang='lat' dir='ltr'><strong>F‘</strong></span> <span class='ocrx_word' id='word_1_599' title='bbox 1390 4896 1425 4949; x_wconf 83' lang='lat'><strong>30</strong></span> <span class='ocrx_word' id='word_1_600' title='bbox 1443 4911 1460 4948; x_wconf 84' lang='lat' dir='ltr'><strong>a</strong></span> <span class='ocrx_word' id='word_1_601' title='bbox 1478 4915 1525 4947; x_wconf 90' lang='lat' dir='ltr'><strong>om.</strong></span> <span class='ocrx_word' id='word_1_602' title='bbox 1541 4895 1566 4945; x_wconf 86' lang='lat' dir='ltr'><em>F</em></span> <span class='ocrx_word' id='word_1_603' title='bbox 1613 4895 1648 4947; x_wconf 87' lang='grc'><strong>39</strong></span> <span class='ocrx_word' id='word_1_604' title='bbox 1667 4894 1706 4948; x_wconf 86' lang='lat' dir='ltr'><strong>iu·</strong></span> 
     </span>
     <span class='ocr_line' id='line_1_54' title="bbox 228 4961 1707 5039; baseline -0.004 -18"><span class='ocrx_word' id='word_1_605' title='bbox 228 4989 234 5000; x_wconf 92' lang='lat'><strong>·</strong></span> <span class='ocrx_word' id='word_1_606' title='bbox 268 4964 647 5039; x_wconf 61' lang='lat' dir='ltr'><strong>(poaednataoarlelirpdc)</strong></span> <span class='ocrx_word' id='word_1_607' title='bbox 662 4968 687 5020; x_wconf 88' lang='lat' dir='ltr'><em>B</em></span> <span class='ocrx_word' id='word_1_608' title='bbox 735 4969 769 5022; x_wconf 86' lang='lat'><strong>10</strong></span> <span class='ocrx_word' id='word_1_609' title='bbox 781 4973 826 5022; x_wconf 77' lang='lat' dir='ltr'><strong>et·</strong></span> <span class='ocrx_word' id='word_1_610' title='bbox 836 4982 910 5038; x_wconf 90' lang='lat' dir='ltr'><strong>poss.</strong></span> <span class='ocrx_word' id='word_1_611' title='bbox 923 4967 962 5018; x_wconf 78' lang='lat' dir='ltr'><strong>F’</strong></span> <span class='ocrx_word' id='word_1_612' title='bbox 1013 4965 1251 5036; x_wconf 73' lang='lat' dir='ltr'><strong>terpr‘a&#39;etandum</strong></span> <span class='ocrx_word' id='word_1_613' title='bbox 1263 4966 1299 5018; x_wconf 78' lang='lat' dir='ltr'><strong>F’</strong></span> <span class='ocrx_word' id='word_1_614' title='bbox 1338 4961 1657 5020; x_wconf 69' lang='lat' dir='ltr'><strong>didernonstrat‘o&#39;nanr</strong></span> <span class='ocrx_word' id='word_1_615' title='bbox 1672 4963 1707 5014; x_wconf 63' lang='grc' dir='ltr'><em>Ρ</em></span> 
     </span>
    </p>
   </div>
   <div class='ocr_carea' id='block_1_7' title="bbox 0 0 2181 5438">
    <p class='ocr_par' dir='ltr' id='par_1_17' title="bbox 0 0 2181 5438">
     <span class='ocr_line' id='line_1_55' title="bbox 0 0 2181 5438; baseline 0 0"><span class='ocrx_word' id='word_1_616' title='bbox 0 0 2181 5438; x_wconf 95' lang='lat' dir='ltr'><strong> </strong></span> 
     </span>
    </p>
   </div>
  </div>
 </body>
</html>
