3614 5460
95 284 184 336 srecr
767 264 854 348 883
1122 271 1330 338 XXXXVIIII
1352 273 1394 340 14
1414 278 1530 336 tet-*te

24 381 77 484 '44
149 423 269 480 Paunus
286 422 356 480 libro
373 424 462 494 primo
479 426 685 482 ιιιιιιιιιιιιι.
713 427 827 484 Delator
844 442 899 484 non
917 431 969 498 est,
988 429 1035 498 qui
1052 428 1240 499 protegendae
1253 443 1355 486 causae
1374 422 1530 512 [Q
1548 431 1577 486 P

95 527 164 570 auae
181 513 272 582 vatia
289 513 391 584 aliquid
409 514 445 570 ud
463 512 559 572 fiscum
578 516 695 572 nuntiat.

35 601 77 662 45
150 601 227 658 luurt
245 599 314 658 llbro
331 603 427 673 quinto
445 605 652 662 sententiarum.
680 605 712 662 ln
729 601 854 662 fraudem
872 603 932 662 fisci
949 621 1004 662 non
1022 606 1111 662 solum
1126 606 1373 678 perdonationem,
1393 599 1532 689 [Q
1549 610 1577 664 P

96 689 147 746 sed
168 706 342 762 quocumque
365 691 447 750 ruodo
470 708 515 750 res
538 693 673 750 alienatae
696 698 874 764 remeantur,
897 694 1024 766 idemque
1045 695 1112 751 iuris
1136 700 1179 752 eet
1202 700 1231 752 et
1254 695 1278 750 ei
1297 711 1352 752 non
1370 701 1531 764 quaeratur:

62 792 74 837 ι
95 794 185 850 aeque
208 782 280 838 enim
304 782 333 838 in
357 781 485 838 omnibus
507 781 583 840 traua
601 783 721 854 punitur.
757 783 836 840 Bona
853 797 963 852 eorum,
989 784 1037 854 qui
1054 784 1083 839 iu
1101 783 1227 840 custodia
1244 785 1289 840 uel
1307 785 1335 840 in
1352 784 1470 840 uinculis
1489 785 1533 840 uel
1550 793 1564 836 ι

95 869 275 939 compedibus
297 870 488 943 decesserunt,
511 871 659 930 heredibus
676 887 770 930 eorum
789 885 844 928 non
862 869 1035 942 auferuntur,
1060 873 1120 930 eine
1137 876 1240 928 testato
1259 873 1319 928 siue
1337 873 1467 928 intestato
1486 873 1532 930 de·

61 969 77 1016 ι
95 965 246 1016 cesserunt
272 960 340 1016 Eius
357 957 438 1030 bonu,
457 961 504 1030 qui
522 960 574 1018 sibi
593 966 708 1018 mortem
726 961 869 1032 consciuit,
888 977 943 1018 non
961 953 1028 1018 ante'
1044 961 1079 1016 ad
1091 961 1187 1018 fiscum
1200 967 1344 1032 eoguntur,
1362 977 1444 1032 quum
1457 963 1532 1032 prius

95 1049 264 1118 eonstiterit,
287 1050 367 1106 euius
388 1051 509 1106 oriminis
526 1051 616 1122 mdo
633 1067 731 1108 manua
749 1049 802 1106 sibi
820 1051 949 1106 intulerit
981 1050 1041 1106 eius
1059 1049 1144 1120 bona,
1167 1051 1215 1121 qui
1233 1051 1285 1106 sibi
1303 1050 1339 1107 ob
1358 1049 1462 1135 [Paula
1472 1066 1531 1134 123

95 1138 207 1209 aliquod
223 1138 375 1194 admissum
392 1137 526 1210 flagitium
544 1145 660 1196 mortem
678 1140 813 1198 consciuit
830 1145 859 1195 et
876 1155 974 1194 manue
992 1140 1097 1210 intulit,
1121 1138 1188 1196 fisce
1207 1139 1394 1196 uindicantur:
1415 1140 1490 1210 quod
1508 1139 1532 1194 si
1659 1207 1663 1224 ¹

95 1227 125 1282 id
140 1227 233 1284 medio
252 1228 326 1284 uitae
344 1233 393 1284 ant
409 1228 514 1300 pudore
532 1229 604 1285 aeris
622 1229 703 1286 ulieni
722 1229 766 1286 uel
783 1228 950 1284 ualetudinis
968 1229 1083 1286 alieuius
1100 1229 1263 1298 inpatientia
1281 1228 1401 1298 admisit,
1421 1245 1475 1284 non
1492 1228 1532 1284 in·
1552 1239 1580 1280 ιο

61 1325 77 1370 a
95 1315 301 1388 quietabuntur,
321 1318 372 1373 aed
389 1321 474 1374 ιιιιιι
492 1319 659 1376 ιιιιιιιίοιι
677 1319 874 1388 relinquuntur.
904 1317 931 1373 Α
949 1317 1073 1374 debitore
1092 1314 1231 1401 [lt—aelst).
1242 1329 1346 1376 atinde
1357 1330 1405 1376 inre
1416 1329 1467 1376 urci
1480 1328 1493 1385 t
1504 1329 1532 1375 ra
1645 1331 1650 1346 ’

95 1402 154 1462 linei
170 1406 199 1462 in
217 1404 341 1464 fraudem
359 1406 440 1464 dutus
457 1406 597 1464 libertates
615 1405 716 1464 retrahi
734 1407 851 1478 placuit:
870 1421 937 1462 saue
955 1408 1046 1478 ipeom
1064 1408 1104 1462 ita
1121 1408 1157 1464 ab
1175 1409 1229 1464 alio
1248 1423 1339 1464 emere
1358 1409 1533 1478 mancipium,

61 1503 78 1549 ι
95 1499 128 1550 ιιι
144 1496 328 1565 manumittat,
347 1511 401 1552 non
419 1501 462 1552 ιιι
474 1495 655 1567 prohibitum:
674 1512 741 1566 ergo
752 1501 819 1552 tune
830 1501 861 1562 et
871 1495 1025 1552 libertatem
1038 1501 1179 1568 praestare
1191 1497 1308 1568 possita
1336 1497 1379 1552 Ex
1389 1495 1432 1552 bie
1443 1495 1532 1565 bouis,

94 1598 167 1653 quae
190 1584 227 1640 ad
250 1583 347 1640 fiscum
370 1584 464 1640 delata
483 1590 560 1654 runt,
584 1585 765 1642 instrumenta
783 1586 827 1641 uel
840 1575 1041 1656 chirographa,
1064 1591 1128 1641 acta
1145 1587 1227 1642 etiam
1246 1586 1282 1642 ad
1299 1587 1343 1642 ius
1361 1586 1532 1656 priuatorum

61 1681 76 1728 t
94 1673 260 1743 pertinentia
277 1673 385 1730 restitui
401 1674 605 1744 postulantibus
623 1675 761 1730 conuemt
791 1674 887 1745 Neque
905 1676 1086 1732 instrumenta
1103 1689 1193 1746 neque
1211 1679 1275 1730 acta
1292 1691 1310 1730 ι
1327 1691 1465 1746 quoquam
1485 1674 1532 1744 ud-
1551 1684 1580 1728 ιι

61 1771 76 1817 ι
95 1777 194 1818 uereue
211 1761 308 1819 liscum
327 1763 372 1819 edi
389 1769 507 1834 oportet.
536 1764 600 1835 lpse
619 1767 712 1820 autem
729 1762 813 1820 liseur
831 1769 953 1822 actorum
966 1779 1077 1820 suorum
1091 1764 1217 1835 exempla
1228 1763 1280 1818 bec
1291 1764 1453 1820 condicione
1465 1763 1533 1834 edit,

94 1856 128 1908 ut
151 1851 189 1921 is,
212 1853 257 1908 eui
275 1852 448 1910 describendi
466 1851 498 1910 tt
514 1858 652 1924 potestus,
675 1853 809 1910 aduersus
827 1867 858 1908 se
876 1854 921 1910 uel
937 1869 995 1909 rem
1012 1852 1150 1924 publicam
1169 1852 1211 1908 bis
1229 1853 1299 1908 actis
1316 1873 1348 1908 ιιι
1366 1859 1472 1910 utatm:
1497 1851 1532 1908 de

61 1948 76 1995 7
94 1955 150 2010 quo
168 1955 267 1997 mucre
284 1943 463 2014 compellitur,
482 1949 520 2013 ut,
540 1943 564 1998 si
582 1957 649 1999 usus
661 1943 685 1998 is
698 1945 793 1998 contra
805 1942 979 1998 interdictum
992 1941 1082 2012 luerit,
1101 1958 1186 1998 cauea
1197 1942 1286 1998 cudat
1314 1942 1446 2010 Quotiens
1458 1940 1532 2012 apud

93 2027 192 2086 ιιιιιιι
211 2031 316 2101 agitur,
335 2035 458 2088 ueterum
476 2035 601 2103 potestas
618 2029 784 2101 postulanda
802 2036 858 2102 est,
877 2036 909 2086 ut
926 2032 1024 2087 merito
1041 2032 1065 2087 ie
1083 2032 1125 2086 uti
1142 2032 1232 2102 licent,
1251 2045 1339 2100 eaque
1358 2047 1441 2086 manu
1459 2046 1532 2086 conr·

94 2119 285 2176 mentarieusis
304 2119 461 2178 adnotanda
478 2125 551 2176 eunt.
577 2120 653 2190 quod
670 2121 694 2176 sl
712 2136 747 2176 ea
758 2121 836 2176 uliter
847 2119 1029 2191 proferuntur,
1047 2121 1131 2190 isqui
1144 2121 1183 2176 ita
1194 2120 1339 2191 protulerit
1350 2135 1436 2176 eausa
1448 2119 1531 2175 cedit.
1551 2132 1580 2174 ιο

61 2215 76 2263 ι
95 2207 227 2273 Quotiens
244 2209 343 2266 iterum
362 2209 436 2282 apud
453 2208 550 2266 fiscum
568 2209 667 2266 ιιιιιι
684 2225 770 2266 ιιιιι
787 2215 933 2280 necuter,
956 2209 1076 2279 priorum
1096 2213 1235 2279 aetorum,
1257 2224 1372 2280 quonum
1391 2224 1459 2264 oeus
1476 2224 1532 2264 non

61 2303 76 2350 t
94 2293 186 2352 iuerat
201 2298 371 2368 postuletne,
395 2313 430 2354 ex
451 2297 543 2356 cilicio
560 2299 684 2355 recitatio
702 2298 761 2354 iure
778 2305 917 2369 poscetur.
953 2298 1005 2366 Qui
1023 2315 1073 2369 pro
1092 2299 1146 2354 alio
1165 2315 1182 2354 a
1199 2296 1267 2354 lisco
1285 2301 1438 2353 conuentus
1456 2296 1531 2352 debi-

93 2389 154 2440 tum
172 2387 299 2458 exsoluit,
317 2403 371 2444 non
389 2387 481 2458 inique
499 2387 622 2459 postulat
640 2387 858 2457 persecutionem
877 2386 1010 2444 bonorum
1023 2388 1082 2443 eius
1095 2404 1144 2458 pro
1156 2401 1211 2456 quo
1224 2386 1321 2442 soluit:
1340 2387 1368 2442 in
1381 2383 1435 2456 quo
1447 2386 1530 2441 etiam

47 2483 76 2530 ιι
94 2474 221 2530 adiuuuri
242 2491 293 2547 per
313 2474 433 2532 officium
453 2477 532 2534 solet
569 2476 721 2534 Fieoalibus
739 2475 910 2532 debitoribus
930 2461 1531 2562 [Qlfflfflfflfflstffi

92 2563 251 2634 petentibus
269 2564 306 2620 ud
323 2566 535 2636 comperandum
552 2567 697 2637 pecuniam
716 2565 874 2622 ouationem
892 2567 987 2637 negari
1005 2582 1060 2622 non
1077 2566 1189 2636 placuit
1219 2566 1298 2620 euius
1316 2565 1356 2620 rei
1373 2565 1530 2620 aestimatio
1550 2577 1578 2618 ιι

92 2653 134 2710 ιιι
150 2652 264 2711 arbitrie
281 2654 428 2710 iudicantis
446 2655 618 2726 ιιιιιιιίιιιι,
639 2662 671 2712 ut
687 2655 716 2712 iu
734 2654 882 2712 maioribus
900 2655 1014 2712 summis
1033 2669 1087 2712 non
1105 2655 1167 2726 plus
1184 2669 1268 2724 quam
1285 2659 1342 2709 tres
1361 2668 1482 2724 menneo,
1501 2653 1530 2710 in

93 2741 245 2800 minoribus
267 2759 335 2800 uero
357 2759 413 2800 non
434 2745 497 2815 plus
521 2761 603 2816 quam
628 2745 683 2801 duo
703 2751 897 2817 protegentur:
920 2745 1075 2814 prolixioris
1093 2749 1185 2800 autem
1205 2744 1337 2814 temporis
1355 2744 1474 2814 epatium
1493 2742 1529 2798 ab

46 2840 74 2886 11
92 2833 258 2903 imperatore
280 2833 475 2904 postulandum
499 2839 549 2890 eat
586 2833 616 2890 Si
637 2834 795 2904 principalis
819 2834 859 2890 rei
882 2832 955 2890 bona
977 2833 1014 2890 ed
1031 2832 1129 2890 fiscum
1147 2834 1279 2889 deuolute
1303 2819 1529 2917 [ῥ’γῖιᾟι]

93 2921 162 2991 aiot,
186 2920 362 2979 fideiussores
383 2921 546 2980 liberantur:
569 2923 622 2978 nisi
644 2921 715 2980 sorte
737 2923 828 2979 minus
850 2921 942 2978 idonei
965 2923 1022 2978 siut
1044 2923 1091 2978 ιι*
1108 2923 1137 2978 iu
1159 2922 1293 2992 reliquum
1314 2938 1369 2978 non
1387 2924 1529 2978 exsolutae

47 3017 75 3064 lt
93 3011 256 3082 quantitatis
274 3012 450 3068 wceseeriut.
486 3011 516 3068 Si
533 3011 596 3083 plus
613 3016 753 3068 seruatum
772 3017 815 3067 est
832 3026 868 3066 ex
885 3009 965 3068 bonis
983 3010 1114 3066 debitoris
1132 3027 1150 3066 ι
1167 3010 1234 3068 fisco
1252 3011 1400 3081 distructis,
1418 3012 1477 3068 iure
1496 3027 1529 3067 ac
1547 3023 1577 3064 eo

47 3107 75 3154 ιι
94 3101 193 3156 merito
211 3101 319 3156 restitui
337 3101 504 3171 postulaturi
529 3101 687 3158 conductor
704 3116 740 3158 ex
757 3098 843 3156 leudo
860 3099 948 3156 fiscali
965 3098 1031 3154 nibil
1048 3098 1196 3156 bauslerre
1212 3104 1305 3171 potest
1320 3115 1372 3156 nee
1404 3096 1529 3168 Βιιζιῐ.

94 3189 219 3261 cupressi
242 3190 384 3246 maurium
409 3191 530 3248 uendere
552 3192 597 3248 uel
619 3191 709 3248 oliuae
733 3205 789 3246 non
811 3189 969 3246 substitutis
993 3189 1054 3244 aliis
1072 3194 1233 3259 ceterasque
1251 3189 1362 3246 arbores
1380 3177 1529 3260 pomiferae

46 3285 76 3333 ιι
93 3278 223 3334 medere:
245 3284 275 3335 et
297 3277 371 3336 iacta
395 3279 454 3336 eiua
475 3280 514 3336 rei
532 3281 723 3337 aestimatione
740 3280 769 3334 in
786 3278 968 3350 quadruplum
986 3278 1156 3334 conuenitur.
1192 3278 1342 3334 itineribus
1360 3278 1460 3348 uiginti
1476 3275 1528 3362 [ξι]

93 3368 215 3440 quinque
232 3369 312 3426 aunis
330 3385 419 3440 neque
437 3367 539 3426 senune
556 3384 647 3441 neque
664 3369 812 3440 uectigalia
825 3367 942 3424 locanda
953 3371 1026 3438 sunt,
1043 3382 1079 3424 ue
1091 3366 1225 3422 aduersus
1238 3382 1272 3424 ea
1283 3365 1416 3424 beneficio
1428 3369 1528 3424 ιιιιιιι

93 3461 215 3513 utantur.
1548 3469 1577 3511 ιι

36 3541 75 3604 ld
146 3546 406 3604 erumnarum
428 3545 498 3604 libro
520 3551 601 3603 sexto
623 3547 690 3602 iuria
713 3546 904 3616 epitomuum.
941 3541 1074 3600 Auiertur
1097 3544 1123 3600 ci
1145 3545 1225 3615 quasi
1249 3545 1362 3614 indigno
1380 3544 1528 3615 successio,
1546 3545 1574 3600 P

92 3635 148 3706 qui,
167 3650 229 3692 uuor
247 3631 327 3692 beree
344 3637 487 3694 institutus
504 3641 579 3693 esset
596 3641 627 3691 ut
644 3634 724 3704 lilius,
742 3639 806 3704 poet
824 3638 940 3690 mortem
958 3634 1027 3702 eius,
1045 3634 1092 3704 qui
1110 3637 1188 3704 pater
1200 3633 1351 3704 dicebatur,
1369 3634 1529 3704 suppositus

60 3734 73 3779 1
92 3724 249 3782 declaratus
267 3729 318 3782 est.
349 3725 401 3792 Qui
419 3725 521 3796 ailquid
540 3725 630 3782 aciens
648 3725 676 3780 iu
694 3723 818 3780 fraudem
836 3721 896 3778 tisci
914 3723 1045 3794 suscepit,
1063 3737 1118 3778 non
1136 3723 1224 3778 solum
1237 3738 1304 3792 rem,
1322 3722 1351 3778 in
1370 3718 1528 3804 [QJ—e's}

60 3821 149 3884 tqnu
166 3811 270 3870 tmere
288 3814 467 3872 ministerium
486 3815 617 3885 suscepit,
635 3813 685 3870 sed
703 3813 819 3868 alterum
838 3817 945 3868 tuntum
963 3813 1108 3868 restituere
1125 3812 1242 3882 cogitur.
1270 3810 1349 3876 Quod
1367 3827 1385 3866 a
1402 3812 1529 3882 praeside

92 3917 143 3958 eeu
167 3908 343 3972 procuratore
366 3905 412 3959 uel
434 3903 556 3974 quolibet
579 3904 632 3959 ulio
650 3903 679 3958 in
696 3919 730 3958 ea
747 3902 902 3974 prouincia,
926 3901 955 3956 in
972 3915 1028 3970 qua
1046 3900 1232 3970 administrat,
1255 3900 1320 3955 licet
1337 3914 1387 3970 per
1404 3900 1528 3970 supposi-
1547 3912 1577 3952 ιι

92 3997 150 4046 tam
168 4005 312 4061 personam
331 3998 519 4063 comparatum
538 3997 594 4062 est,
616 3989 754 4048 infirmato
772 3997 914 4048 contractu
932 3989 1088 4046 uindicatur
1105 3993 1134 4046 et
1152 3988 1307 4044 aestimatio
1326 3989 1385 4042 eius
1403 3987 1470 4044 liaeo
1489 3989 1529 4044 in-

91 4077 194 4136 sertur:
216 4095 280 4136 num
304 4085 334 4137 ιι
356 4097 455 4138 nauem
477 4082 507 4138 in
529 4081 626 4138 eadem
650 4081 804 4152 prouincia,
828 4081 857 4136 in
878 4077 1012 4150 qusquis
1030 4079 1214 4147 administrat,
1239 4075 1384 4132 aedificare
1401 4077 1527 4146 prohibe-

32 4177 46 4222 ι
60 4177 76 4224 ι
91 4175 146 4225 tur.
173 4169 270 4225 Fiscus
288 4185 397 4242 semper
414 4169 498 4226 babet
515 4171 558 4227 ius
576 4171 708 4242 pignoris.
736 4170 788 4235 Qui
805 4169 1055 4240 compensationem
1076 4166 1086 4238 ΙΙ
1099 4167 1214 4238 opponit
1225 4165 1300 4234 fisce,
1319 4154 1528 4243 [ΨΜ
1544 4165 1617 4214 tlte

60 4257 165 4316 tintra
189 4257 259 4314 duos
282 4273 391 4316 menses
415 4259 539 4317 debitum
562 4259 615 4317 eibi
637 4260 737 4317 dooere
760 4257 852 4316 debet
889 4257 926 4315 Ut
949 4256 1120 4314 debitoribus
1142 4255 1202 4311 liecl
1226 4255 1301 4327 qued
1322 4254 1406 4311 liaeus
1424 4253 1527 4342 Q

39 4407 45 4419 .
90 4355 286 4426 samoe)

91 4502 101 4538 ¹
120 4499 199 4569 suae]
218 4499 371 4556 ordinariae
390 4500 487 4556 Poetae
557 4498 614 4554 ’A
632 4498 756 4555 debitore
773 4497 834 4554 fisci
908 4498 1020 4568 placuit
1048 4511 1115 4554 eune
1133 4497 1222 4565 ipsum
1240 4496 1280 4552 itu
1298 4510 1403 4566 emere,
1422 4501 1454 4551 ut
1470 4513 1528 4552 ma·

91 4571 231 4642 numittet,
249 4577 299 4627 aut
316 4570 554 4626 fideicommissum
571 4570 725 4627 libertatem
738 4576 879 4641 praestare
893 4572 1027 4641 (praestet
1040 4571 1106 4637 eod.)
1125 4583 1180 4624 non
1198 4574 1241 4624 eet
1257 4567 1423 4639 prohibitum
1442 4570 1484 4623 Fr.
1497 4570 1529 4624 de

92 4652 148 4699 twa
156 4647 223 4716 ficei
293 4644 305 4678 ⁸
324 4643 413 4698 minua
431 4641 530 4698 idoneo
549 4643 616 4710 (sint
633 4647 662 4698 ιι
680 4643 759 4710 dell?

90 4773 261 4832 2ιιιιιιΡ
297 4776 434 4846 bponitur
463 4775 485 4828 F
515 4774 738 4846 ecompedirona
747 4775 785 4829 Ρ
837 4774 983 4830 bunturd'
1026 4773 1059 4828 12
1077 4769 1166 4828 lisiF
1212 4774 1245 4828 16
1263 4769 1355 4842 liaeus]
1375 4769 1472 4826 fiscum
1491 4771 1527 4825 Ρ
1631 4781 1635 4790 ’

91 4845 524 4916 ιιιιιιιίιιιιιιιιιιιιιιιιιιιιιίι]
544 4847 784 4914 ιοιιιιι(ιιιιιὶι
839 4848 872 4902 l'l
885 4845 1016 4902 noemi·
1053 4845 1086 4898 19
1096 4844 1392 4900 commentoriensislm
1434 4845 1469 4897 20
1481 4841 1528 4912 qui

90 4917 202 4984 uma)
221 4917 314 4974 intutis
330 4919 408 4976 Pauli
423 4919 479 4974 eod.
492 4917 663 4974 Paneiou
680 4919 784 4976 tectibus
837 4918 897 4972 *itu
914 4917 951 4972 Ρ
998 4917 1034 4970 22
1051 4914 1192 4971 debitum*
1204 4916 1323 4972 exsoluit
1341 4915 1379 4967 Ρ
1427 4914 1462 4968 24
1481 4913 1528 4968 ad·

90 4989 218 5046 Ηιιιιιιι
236 4997 260 5045 et
277 4989 421 5064 limpore,
439 4989 575 5046 conaeiuit
591 4993 650 5057 (ιιι
666 4993 723 5056 ιιι.)
740 5007 783 5044 ιι·
837 4987 964 5044 iubariF
1002 4989 1036 5044 31
1049 4985 1190 5042 manuforti
1201 4989 1240 5041 Ρ
1283 4983 1526 5052 tacuellarum

90 5061 161 5118 dicet
174 5061 296 5116 Poulr'oar'
310 5065 427 5134 plerique
480 5061 515 5116 10
532 5059 570 5130 id]
583 5061 593 5116 i
606 5059 646 5128 ut
661 5059 784 5130 inqueta·
838 5059 917 5116 eiuta
934 5059 973 5114 Ρ
1024 5059 1061 5116 44
1078 5057 1166 5114 s'u'ibi
1184 5057 1219 5112 Ρ

1256 5145 1316 5202 56ι
