3644 5460
290 305 426 373 XXXXI
449 307 465 371 1
490 311 607 368 ιιι-63
963 297 1051 380 500
1111 265 1113 268 Ι
1430 321 1478 368 nn
1501 317 1730 378 snournsuoo

289 463 331 518 tui
355 467 463 518 enatam
489 477 551 518 esse
576 460 709 530 scripsisti
728 461 780 531 ita,
804 463 908 516 utnon
927 459 1074 516 excederet
1090 458 1288 529 longitudinem
1307 457 1365 528 agri
1383 458 1438 528 tui,
1464 458 1487 513 si
1506 457 1731 512 alluuionisl'ios

289 551 374 606 habet
390 555 419 606 et
436 552 526 606 insule
543 551 620 606 initio
639 550 745 622 propior
762 548 848 606 lundo
866 554 914 604 tuo
932 547 985 604 init
1002 564 1084 618 quam
1103 548 1170 617 eius,
1189 548 1237 618 qui
1254 552 1330 602 ιιιιι
1347 546 1449 602 flumen
1461 545 1593 614 habehat,
1612 550 1673 600 tote
1684 547 1732 600 tua

289 637 364 694 fasta
381 643 432 708 eet,
451 645 479 693 et
496 639 570 709 quod
589 642 686 708 postea
703 639 729 693 ei
746 638 852 708 insulae
871 637 1007 692 alluuione
1025 636 1151 705 aoeessit,
1169 635 1198 690 id
1216 640 1294 690 tuum
1313 639 1363 704 est,
1382 635 1490 689 etiamsi
1502 635 1542 688 ita
1554 635 1684 702 ιιιιιιίι,
1702 639 1732 688 nt

289 728 450 796 procederet
467 727 557 782 insula
574 732 671 782 eontra
687 725 791 782 frontes
809 727 961 782 nieinorum
979 725 1126 795 superioris
1145 729 1228 794 atque
1245 723 1388 794 inferioris,
1407 723 1453 779 uel
1470 724 1555 778 etiam
1575 727 1608 778 ιιι
1622 722 1733 794 propior

258 823 270 868 1
290 821 364 872 osset
381 814 467 870 fundo
486 816 554 884 eius,
573 816 619 885 qni
638 820 716 870 trans
734 814 834 870 flumen
852 813 944 870 hahet
981 815 1049 870 Item
1069 828 1179 884 quaero,
1198 813 1230 882 si,
1249 828 1311 867 euro
1329 812 1440 882 propior
1459 812 1535 881 ripae
1554 825 1635 866 meae
1651 813 1732 866 enatr
1749 822 1761 863 ι

290 910 333 959 est
350 905 441 960 insuia
458 908 486 958 et
503 908 707 973 postestatum
726 903 827 958 flumen
844 902 929 960 fluere
948 903 1019 958 inter
1037 917 1081 958 me
1099 907 1128 958 et
1144 901 1261 956 insulam
1279 901 1370 970 eoepit
1387 901 1482 978 relioto
1501 915 1553 956 suo
1569 900 1660 968 alueo,
1679 912 1731 967 qno

290 993 377 1048 rnaior
394 991 482 1048 amnis
499 991 605 1062 fluerat,
625 991 756 1061 numquid
776 991 893 1062 dubites,
912 992 979 1062 quin
997 993 1079 1047 etiam
1097 991 1187 1046 insula
1204 1005 1267 1044 mea
1284 994 1395 1045 maneat
1412 993 1441 1044 ιι
1458 989 1542 1046 nihilo
1562 989 1655 1044 minus
1673 987 1733 1042 eins

290 1081 355 1150 soli,
378 1081 452 1149 quod
470 1079 570 1136 flumen
589 1081 711 1150 reliquit,
735 1096 799 1149 pars
817 1078 867 1135 liat
884 1080 965 1136 mesi
997 1095 1080 1150 rogo,
1102 1079 1169 1148 quid
1187 1079 1291 1134 sentias
1309 1077 1414 1134 sorihas
1433 1078 1507 1134 mihi.
1538 1077 1675 1133 Prooulus
1692 1090 1731 1131 re·

290 1169 414 1239 spondit:
437 1169 475 1238 si,
498 1185 558 1224 eum
583 1169 695 1239 propior
712 1167 798 1225 fundo
817 1173 865 1224 ιιι
883 1169 961 1224 initio
979 1167 1077 1224 luisset
1094 1168 1196 1236 insula,
1216 1166 1317 1222 flumen
1335 1167 1431 1222 relioto
1449 1167 1529 1222 alueo
1548 1166 1668 1234 maiore,
1686 1163 1732 1233 qui

290 1258 361 1312 inter
379 1272 440 1312 eam
459 1258 575 1314 insulam
595 1256 685 1313 iuerat
703 1263 731 1312 et
749 1272 812 1312 eum
831 1255 946 1312 laudum
965 1258 1060 1323 uioini,
1079 1256 1125 1325 qui
1144 1255 1339 1310 transflumen
1358 1259 1430 1326 eret,
1447 1253 1533 1310 fluere
1551 1255 1646 1324 eoepit
1663 1254 1733 1308 inter
1751 1268 1776 1308 ro

290 1362 350 1401 eam
369 1347 486 1401 insulam
504 1351 532 1400 et
550 1344 664 1400 fundum
684 1351 770 1414 tuum,
789 1345 872 1401 nihilo
890 1345 980 1400 minus
993 1346 1082 1400 insule
1093 1349 1142 1398 tua
1154 1349 1255 1400 manet.
1284 1349 1327 1398 set
1339 1345 1443 1413 alueus,
1462 1343 1509 1413 qui
1520 1341 1574 1398 suit
1585 1344 1659 1397 inter
1671 1357 1731 1398 eam

289 1435 406 1490 insulam
424 1439 454 1489 ιι
470 1433 584 1489 fundum
604 1435 695 1504 uieini,
713 1433 821 1490 medius
839 1433 925 1489 diuidi
943 1433 1039 1504 dehet,
1062 1435 1101 1490 ita
1119 1437 1150 1488 ut
1166 1449 1232 1502 pars
1250 1434 1362 1503 propior
1380 1433 1485 1488 insulae
1503 1437 1569 1486 tuae
1587 1435 1650 1499 tua,
1669 1445 1732 1500 pars

290 1526 383 1578 autem
400 1523 512 1593 propior
530 1538 597 1592 agro
615 1523 698 1577 uioini
717 1522 777 1577 eius
795 1537 857 1577 esse
876 1523 1058 1592 intellegetur.
1087 1523 1224 1591 intellego,
1243 1527 1275 1576 ιιι
1292 1522 1338 1576 et²
1356 1537 1418 1576 oum
1437 1535 1472 1576 ιι
1490 1521 1578 1574 altera
1594 1524 1676 1588 parte
1693 1518 1732 1573 in-

290 1611 367 1666 sulse
389 1612 484 1666 alueus
507 1611 627 1666 fluminis
650 1612 800 1680 exaruerit,
825 1611 931 1666 desisse
951 1611 1069 1666 insulam
1087 1625 1163 1680 esse,
1188 1611 1237 1666 sed
1256 1625 1311 1681 qno
1329 1608 1436 1664 facilius
1454 1623 1499 1664 res
1516 1608 1731 1678 intellegeretur,

290 1714 396 1768 ugrum,
415 1700 461 1769 qul
480 1699 568 1754 insula
586 1697 684 1768 iuerat,
702 1700 818 1754 insulem
838 1701 1004 1771 appellant⁸.
1750 1709 1776 1748 ιι

233 1787 272 1848 67
343 1787 462 1842 Psunus
483 1786 552 1843 libro
571 1792 649 1843 serto
667 1787 703 1842 ad
721 1788 867 1844 Plautium.
904 1783 1792 1868 remensum‹torreatun1a[n.so‚1‚ss.perseuerare·¹

291 1875 389 1930 marito
407 1890 458 1930 nee
477 1891 558 1932 exre
576 1876 685 1945 quidem
707 1874 717 1948 ΙΙ
736 1877 804 1946 ιῑιι,
823 1878 867 1932 eui
885 1876 1004 1932 donatus
1022 1881 1074 1944 est,
1092 1875 1199 1946 adquiri
1217 1876 1362 1946 quiequam
1380 1888 1463 1944 posse
1482 1873 1604 1928 Iulianus
1621 1871 1731 1926 soribit:
1748 1881 1792 1929 ιιι

290 1961 342 2018 hoo
361 1964 432 2018 enim
451 1964 478 2018 in
497 1979 590 2020 eonem
610 1979 728 2034 persons
745 1980 906 2020 conoessum
924 1969 975 2034 est,
994 1965 1041 2034 qui
1058 1963 1132 2020 hono
1149 1961 1204 2019 fido
1223 1965 1355 2018 seruiunt

234 2053 272 2113 58
343 2051 514 2108 lsuonnuus
531 2050 600 2112 libro
619 2052 764 2108 undeoimo
783 2068 817 2108 ιι
830 2051 947 2110 οιιιιο.’
964 2053 1159 2122 Quaecumque
1176 2067 1221 2125 res
1239 2067 1274 2107 ex
1293 2060 1362 2108 marr·
1379 2054 1504 2108 ertraeta
1521 2054 1575 2120 est,
1592 2063 1649 2104 non
1669 2051 1732 2104 ante
1749 2047 1792 2118 Β]

290 2139 350 2195 eins
368 2140 464 2210 ineipit
481 2155 543 2196 esse
561 2139 608 2210 qui
627 2142 753 2210 extraxit,
773 2157 855 2211 quam
874 2141 1001 2198 dominos
1019 2156 1079 2196 eam
1098 2155 1148 2212 pro
1166 2141 1296 2196 derelicto
1314 2140 1416 2200 hebere
1434 2139 1534 2210 eoepit
1706 2147 1709 2152 '
1750 2153 1777 2193 ao

234 2230 272 2289 59
344 2227 569 2284 Gannrsresrus
586 2227 656 2284 libro
674 2229 795 2286 seeundo
814 2231 1014 2301 quaestionum.
1045 2229 1100 2286 Res
1119 2245 1153 2284 ιι
1171 2229 1303 2285 mandatu
1318 2244 1380 2285 meo
1392 2231 1487 2298 empta
1498 2241 1553 2282 non
1587 2219 1775 2293 ιῑιῑῐῖιι)

290 2317 366 2386 prius
384 2332 447 2373 mea
464 2315 520 2386 fiet,
539 2333 621 2386 quam
641 2319 665 2373 si
682 2317 749 2373 mihi
767 2318 911 2374 tradiderit
928 2318 975 2388 qui
994 2319 1067 2374 emit.
1395 2334 1397 2342 ·

234 2407 274 2467 60
344 2403 502 2462 Sosuuons
526 2405 594 2461 libro
619 2407 707 2476 primo
732 2422 935 2476 responsorum.
972 2407 1061 2462 Titius
1079 2406 1206 2462 horreum
1225 2405 1430 2462 frumentarium
1450 2419 1553 2458 nouum
1574 2396 1775 2486 [ΜΡ

291 2509 325 2548 ιι
343 2493 445 2549 tubulis
463 2496 561 2564 ligneis
580 2493 682 2550 laetum
701 2495 801 2572 mobile
819 2496 847 2550 in
866 2495 922 2550 Seii
939 2495 1052 2565 praedio
1070 2496 1176 2565 posuit:
1195 2495 1342 2566 quaeritur,
1361 2498 1423 2550 uter
1439 2493 1530 2548 horrei
1547 2491 1733 2546 dominussit.

290 2583 434 2652 respondit
451 2582 601 2638 seeundum
621 2599 692 2652 quae
710 2589 926 2655 proponerentur
944 2599 999 2638 non
1016 2598 1078 2638 esse
1096 2582 1198 2639 laetum
1218 2583 1282 2639 Seii.
1355 2565 1360 2576 ’
1751 2597 1777 2640 ιι

234 2673 271 2732 61
345 2671 605 2756 Ηιιιιιοιιιιιιιιιι
622 2671 691 2728 libro
710 2679 789 2728 sexto
807 2672 873 2726 iuris
892 2672 1082 2742 epitomarum.
1110 2671 1256 2728 Hereditas
1269 2673 1302 2740 in
1320 2671 1413 2726 multis
1429 2667 1556 2740 partibus
1574 2661 1733 2752 Q
1749 2681 1774 2735 p

291 2757 357 2813 inris
380 2773 430 2828 pro
454 2759 565 2815 domino
587 2759 704 2816 habetur
728 2760 852 2830 adeoque
872 2760 1018 2816 hereditati
1035 2775 1144 2830 quoque
1164 2766 1193 2815 ut
1212 2760 1322 2815 domino
1340 2773 1390 2829 per
1407 2773 1518 2813 sernum
1536 2756 1732 2812 hereditarium

292 2846 452 2916 adquiritur.
484 2848 513 2902 in
531 2847 573 2903 his
592 2863 673 2918 sane,
694 2850 722 2904 in
740 2849 840 2920 quibus
858 2847 962 2904 loetum
980 2864 1115 2919 personae
1132 2863 1269 2918 operaeue
1287 2847 1443 2904 substantia
1460 2845 1649 2922 desideretur,
1668 2843 1733 2899 nihii

292 2933 437 2990 hereditati
455 2936 549 3005 quaeri
567 2951 616 3005 per
633 2952 744 2992 seruum
762 2941 863 3007 potest.
892 2953 924 2992 ao
936 2943 1081 3007 propterea
1093 2939 1219 3007 quamuis
1231 2951 1328 2992 seruos
1341 2934 1521 2990 hereditarius
1534 2933 1615 2988 heres
1627 2932 1732 2988 insumi

259 3028 272 3075 1
292 3024 387 3092 possit,
407 3027 500 3078 tamen
517 3025 583 3093 quia
600 3025 676 3080 adire
694 3021 813 3080 iubentis
828 3025 930 3080 domini
943 3040 1061 3095 persona
1073 3026 1252 3096 desideratur,
1270 3025 1349 3080 heres
1362 3021 1565 3093 exspectandus
1577 3025 1632 3076 est
1662 3019 1733 3076 Usus
1751 3035 1777 3076 so

291 3110 406 3180 fruetus,
424 3112 472 3181 qui
490 3112 549 3167 sine
568 3127 685 3182 persona
703 3115 832 3170 constitui
851 3129 906 3170 non
923 3119 1023 3184 potest,
1042 3114 1187 3170 hereditati
1204 3129 1255 3184 per
1272 3128 1382 3168 sernum
1402 3127 1456 3166 non
1474 3109 1638 3180 adquiritur.

236 3195 274 3254 62
346 3201 465 3258 Psunos
488 3200 557 3256 lihro
575 3202 698 3258 seeundo
716 3203 891 3258 manualium.
927 3202 1081 3273 Quaedam,
1105 3218 1177 3274 quae
1197 3217 1251 3258 non
1272 3206 1389 3271 possunt
1410 3201 1469 3256 sola
1490 3199 1555 3253 alie·
1574 3192 1776 3281 [fflp

292 3289 366 3358 nari,
390 3303 439 3358 per
456 3289 664 3346 uniuersitatem
682 3296 836 3360 transeunt,
860 3295 892 3346 ut
914 3289 1015 3346 fundus
1033 3291 1141 3360 dotalis,
1161 3290 1197 3347 ad
1214 3289 1369 3359 heredem‘,
1394 3293 1423 3344 et
1445 3302 1504 3358 res,
1529 3287 1609 3342 ouius
1635 3287 1733 3356 aliquis

293 3378 486 3436 oommereium
508 3392 563 3434 non
587 3378 683 3434 habet:
707 3396 771 3436 nam
794 3381 846 3436 etsi
869 3380 955 3450 legari
975 3381 1001 3434 ei
1022 3395 1077 3436 uon
1098 3379 1199 3450 possit,
1223 3382 1316 3434 ιιιιιιιι
1340 3377 1420 3432 heres
1440 3375 1584 3432 institutus
1605 3373 1735 3432 dominns·

293 3467 353 3522 eins
370 3463 497 3522 eiheitur.
1694 3478 1699 3487 ·
1752 3479 1779 3520 ιι

236 3549 275 3608 63
345 3555 559 3610 anrnouruus
576 3555 645 3612 lihro
664 3556 781 3628 septimo
800 3556 1026 3627 disputationum.
1054 3555 1083 3612 Si
1100 3557 1125 3611 is
1143 3556 1189 3626 qui
1207 3556 1236 3614 in
1254 3555 1344 3611 aliena
1360 3555 1499 3624 potestate
1512 3557 1557 3608 ost
1573 3545 1735 3636 [Q
1751 3563 1790 3636 ps

292 3641 469 3698 thensaurum
488 3643 631 3712 inuenerit,
650 3643 678 3698 in
697 3660 814 3714 persons
831 3645 890 3700 eius
909 3645 953 3700 oui
972 3646 1091 3716 adquirit
1107 3645 1160 3701 hoe
1178 3645 1231 3700 erit
1248 3643 1460 3712 dicendumne,
1479 3642 1503 3695 si
1521 3641 1550 3696 in
1562 3639 1655 3698 alieno
1667 3656 1735 3710 agro

292 3732 440 3802 inuenerit,
458 3737 564 3802 partem
583 3733 609 3786 ei
627 3731 766 3802 adquirat,
786 3734 809 3788 si
827 3748 894 3789 uero
913 3735 940 3788 in
959 3735 1079 3804 parentis
1098 3734 1237 3789 dominiue
1255 3733 1316 3788 loeo
1333 3730 1484 3798 inuenerit,
1502 3729 1575 3784 illius
1594 3735 1673 3784 totns
1691 3730 1735 3798 sit,

260 3825 273 3870 1
292 3820 316 3874 si
334 3825 426 3875 autem
444 3821 472 3875 in
491 3821 587 3889 alieno,
606 3823 697 3890 paral.
724 3821 754 3876 Si
773 3823 925 3878 eommunis
943 3837 1039 3879 seruus
1057 3824 1085 3878 in
1104 3823 1192 3878 alieno
1210 3820 1354 3888 inuenerit,
1372 3822 1463 3873 utrum
1483 3833 1533 3887 pro
1546 3818 1663 3873 dominii
1675 3833 1736 3888 par-

291 3907 367 3962 tibus
386 3924 421 3962 an
439 3923 548 3981 semper
565 3910 660 3978 aequis
678 3909 824 3979 adquiret?
849 3914 878 3966 et
895 3910 982 3966 simile
1000 3915 1044 3967 est
1062 3917 1144 3981 atque
1162 3911 1191 3966 in
1208 3909 1361 3966 hereditate
1379 3906 1424 3961 uel
1441 3907 1534 3976 legato
1552 3907 1598 3962 uel
1612 3906 1688 3977 quod
1700 3905 1736 3962 ah
1754 3926 1781 3965 so

292 3995 352 4051 aliis
370 3996 502 4052 donatum
521 4013 602 4054 seruo
619 3998 744 4068 meditor,
763 3999 828 4068 qnia
845 4003 874 4053 et
892 3998 1056 4055 thensaurus
1074 4000 1176 4056 donum
1194 3997 1321 4054 ιὀιιιιιιι
1339 3995 1467 4061 ereditur,
1486 3995 1593 4049 soilioet
1611 4001 1646 4050 nt
1663 4011 1736 4065 pars,

260 4092 274 4137 ι
292 4100 363 4154 quae
381 4085 518 4141 inuentori
536 4087 622 4156 oedit,
647 4087 682 4142 ed
702 4087 805 4156 sooios,
829 4102 879 4158 pro
897 4103 953 4156 qua
970 4093 1048 4158 parto
1067 4089 1140 4143 serui
1158 4088 1275 4157 quisque
1293 4085 1420 4142 dominus
1438 4089 1495 4152 est,
1518 4083 1670 4152 pertineat
1708 4083 1738 4140 Si

292 4173 443 4228 eommunis
462 4189 559 4230 seruus
576 4176 605 4230 in
623 4175 726 4230 domini
744 4176 825 4231 unius
843 4174 929 4232 fundo
947 4177 1057 4247 proprio
1075 4177 1194 4246 inuenit,
1213 4176 1248 4232 de
1266 4179 1353 4246 parte,
1371 4187 1442 4244 quae
1461 4171 1514 4228 soli
1532 4171 1648 4230 domiuo
1666 4187 1737 4228 som-

293 4277 485 4350 effluo)

293 4419 345 4474 ¹is
364 4428 411 4474 ine.
487 4421 548 4477 ¹ut
566 4422 603 4492 etl
623 4424 718 4492 utique
735 4424 870 4497 (Menpeli
945 4425 1134 4495 ⁸appellaui?
1211 4424 1276 4478 ⁴ud
1294 4419 1423 4478 heredem
1441 4421 1489 4475 aet
1566 4420 1625 4476 ‘si
1642 4423 1737 4476 autem

291 4490 320 4545 in
338 4491 427 4546 alieno
445 4507 509 4560 pars
528 4495 575 4547 del.
594 4494 697 4563 (Helii

292 4628 496 4712 le'arn'natam
512 4633 547 4684 F²
591 4633 887 4704 tinitiopropiorffl,
906 4635 983 4692 initio
1035 4635 1221 4706 prop'r'iorF’
1257 4638 1291 4694 13
1303 4630 1602 4707 propioragrooioinr]
1616 4635 1738 4712 F',pro

291 4702 403 4768 prrorF,
416 4702 532 4758 ininutio
544 4703 618 4772 prior
630 4713 757 4788 tamquam
769 4709 892 4760 Poenam
905 4711 983 4780 affert
1036 4709 1110 4778 prior
1123 4714 1216 4763 autem
1230 4709 1329 4764 uieinis
1342 4709 1377 4761 l*
1394 4701 1529 4777 lpart'a'e
1547 4703 1585 4755 F'
1644 4711 1679 4768 15
1697 4713 1738 4769 in·

292 4789 383 4855 margo
400 4771 446 4836 M,
471 4773 585 4828 uieinior
602 4790 728 4844 proprius
745 4775 809 4841 XO,
832 4776 860 4830 in
882 4777 982 4834 uinioio
1036 4779 1105 4846 sula]
1124 4779 1284 4834 insulamF
1339 4780 1372 4834 19
1391 4793 1466 4832 mare
1485 4779 1511 4831 F
1561 4773 1597 4828 23
1616 4779 1737 4840 hunen-

291 4855 404 4910 proprus
421 4841 462 4906 Y·,
486 4843 514 4898 in
533 4844 615 4900 inioio
632 4845 744 4914 propius
761 4846 804 4910 Yt,
821 4846 902 4902 inieio
921 4863 982 4916 pro·
1035 4849 1167 4904 t'o’arium
1186 4847 1223 4904 Fi
1282 4850 1316 4904 27
1335 4848 1469 4918 adeoque]
1488 4843 1534 4907 1³¹,
1558 4843 1681 4922 ideoque
1698 4855 1739 4910 Ρ

291 4911 389 4996 pinso
426 4913 638 4984 4pro⁴piorF²
678 4917 851 4972 emerrffl
891 4921 982 4974 tiene·
1035 4919 1070 4974 36
1088 4921 1206 4990 septimo
1227 4921 1267 4975 ιιι
1285 4921 1321 4974 pr
1375 4921 1410 4974 38
1429 4913 1566 4976 inuenerit
1577 4913 1695 5006 'partem
1710 4925 1739 4980 ei

290 4987 381 5067 perit
397 4984 466 5069 .F².¹
486 4985 550 5055 quo]
574 4985 648 5055 quod
671 4987 697 5038 F
753 4987 921 5072 9proplor
944 4991 983 5042 ι’)
1035 4991 1163 5059 adquirat
1180 4991 1203 5046 ei
1221 5006 1288 5047 uero
1306 4990 1335 5045 in
1347 4991 1470 5060 parentis
1485 4985 1590 5048 domini
1611 4995 1687 5052 illius
1701 4993 1738 5050 t*

291 5054 325 5106 11
349 5052 579 5122 nihilhominus
604 5057 640 5110 1³³
706 5057 739 5112 12
761 5057 888 5113 *uiei‘ini
913 5059 979 5129 F'i
1034 5061 1069 5116 41
1089 5061 1168 5118 aliis⁴
1182 5062 1220 5116 F’
1271 5062 1307 5118 42
1325 5063 1406 5132 quse]
1425 5062 1473 5132 qni
1494 5061 1527 5114 F1
