<?xml version="1.0" encoding="UTF-8"?>
<!DOCTYPE html PUBLIC "-//W3C//DTD XHTML 1.0 Transitional//EN"
    "http://www.w3.org/TR/xhtml1/DTD/xhtml1-transitional.dtd">
<html xmlns="http://www.w3.org/1999/xhtml" xml:lang="en" lang="en">
 <head>
  <title>
</title>
<meta http-equiv="Content-Type" content="text/html;charset=utf-8" />
  <meta name='ocr-system' content='tesseract 3.04.00' />
  <meta name='ocr-capabilities' content='ocr_page ocr_carea ocr_par ocr_line ocrx_word'/>
</head>
<body>
  <div class='ocr_page' id='page_1' title='image "./digestaiustinia00kruegoog_0324.png"; bbox 0 0 3518 5452; ppageno 0'>
   <div class='ocr_carea' id='block_1_1' title="bbox 47 263 1535 374">
    <p class='ocr_par' dir='ltr' id='par_1_1' title="bbox 47 263 1535 374">
     <span class='ocr_line' id='line_1_1' title="bbox 47 263 1535 374; baseline -0.018 -20"><span class='ocrx_word' id='word_1_1' title='bbox 47 293 187 346; x_wconf 73' lang='lat' dir='ltr'><strong>mmo</strong></span> <span class='ocrx_word' id='word_1_2' title='bbox 721 263 807 345; x_wconf 81' lang='lat'><strong>309</strong></span> <span class='ocrx_word' id='word_1_3' title='bbox 1152 265 1300 335; x_wconf 77' lang='lat' dir='ltr'>XXXVII</span> <span class='ocrx_word' id='word_1_4' title='bbox 1322 268 1363 335; x_wconf 92' lang='lat'><strong>10</strong></span> <span class='ocrx_word' id='word_1_5' title='bbox 1382 273 1479 329; x_wconf 84' lang='lat' dir='ltr'><strong>r-1o</strong></span> <span class='ocrx_word' id='word_1_6' title='bbox 1532 367 1535 374; x_wconf 19' lang='grc' dir='ltr'>Ι</span> 
     </span>
    </p>
   </div>
   <div class='ocr_carea' id='block_1_2' title="bbox 1 423 1620 3394">
    <p class='ocr_par' dir='ltr' id='par_1_2' title="bbox 16 423 1573 680">
     <span class='ocr_line' id='line_1_2' title="bbox 16 423 1573 505; baseline -0.004 -17"><span class='ocrx_word' id='word_1_7' title='bbox 16 435 88 505; x_wconf 72' lang='lat' dir='ltr'><strong>silit</strong></span> <span class='ocrx_word' id='word_1_8' title='bbox 113 431 184 488; x_wconf 72' lang='lat' dir='ltr'><strong>sed</strong></span> <span class='ocrx_word' id='word_1_9' title='bbox 198 430 231 487; x_wconf 91' lang='lat' dir='ltr'><strong>de</strong></span> <span class='ocrx_word' id='word_1_10' title='bbox 248 435 408 487; x_wconf 85' lang='lat' dir='ltr'><strong>testamenti</strong></span> <span class='ocrx_word' id='word_1_11' title='bbox 424 431 483 486; x_wconf 88' lang='lat' dir='ltr'><strong>iure</strong></span> <span class='ocrx_word' id='word_1_12' title='bbox 500 429 650 500; x_wconf 83' lang='lat' dir='ltr'><strong>quaeritur.</strong></span> <span class='ocrx_word' id='word_1_13' title='bbox 686 427 715 485; x_wconf 84' lang='lat' dir='ltr'><strong>Si</strong></span> <span class='ocrx_word' id='word_1_14' title='bbox 733 431 822 484; x_wconf 88' lang='lat' dir='ltr'><strong>mater</strong></span> <span class='ocrx_word' id='word_1_15' title='bbox 838 428 910 498; x_wconf 88' lang='lat' dir='ltr'><strong>eius,</strong></span> <span class='ocrx_word' id='word_1_16' title='bbox 929 427 973 483; x_wconf 87' lang='lat' dir='ltr'><strong>oui</strong></span> <span class='ocrx_word' id='word_1_17' title='bbox 990 430 1019 482; x_wconf 90' lang='lat' dir='ltr'><strong>et</strong></span> <span class='ocrx_word' id='word_1_18' title='bbox 1036 426 1071 483; x_wconf 93' lang='lat' dir='ltr'><strong>de</strong></span> <span class='ocrx_word' id='word_1_19' title='bbox 1087 425 1214 484; x_wconf 86' lang='lat' dir='ltr'><strong>libertato</strong></span> <span class='ocrx_word' id='word_1_20' title='bbox 1231 430 1260 481; x_wconf 90' lang='lat' dir='ltr'><strong>et</strong></span> <span class='ocrx_word' id='word_1_21' title='bbox 1277 426 1312 482; x_wconf 88' lang='lat' dir='ltr'><strong>do</strong></span> <span class='ocrx_word' id='word_1_22' title='bbox 1329 423 1480 482; x_wconf 77' lang='lat' dir='ltr'><strong>bemditate</strong></span> <span class='ocrx_word' id='word_1_23' title='bbox 1571 453 1573 456; x_wconf 31' lang='lat' dir='ltr'>v</span> 
     </span>
     <span class='ocr_line' id='line_1_3' title="bbox 42 501 1480 600; baseline -0.006 -22"><span class='ocrx_word' id='word_1_24' title='bbox 42 529 174 600; x_wconf 70' lang='lat' dir='ltr'><strong>paterna</strong></span> <span class='ocrx_word' id='word_1_25' title='bbox 189 501 372 576; x_wconf 76' lang='lat' dir='ltr'><strong>¹controuersia</strong></span> <span class='ocrx_word' id='word_1_26' title='bbox 388 519 428 589; x_wconf 83' lang='lat' dir='ltr'><strong>fit,</strong></span> <span class='ocrx_word' id='word_1_27' title='bbox 447 520 475 575; x_wconf 89' lang='lat' dir='ltr'><strong>in</strong></span> <span class='ocrx_word' id='word_1_28' title='bbox 493 519 680 590; x_wconf 83' lang='lat' dir='ltr'><strong>quaestionem</strong></span> <span class='ocrx_word' id='word_1_29' title='bbox 697 517 832 574; x_wconf 70' lang='lat' dir='ltr'><strong>libertatis</strong></span> <span class='ocrx_word' id='word_1_30' title='bbox 849 521 977 586; x_wconf 88' lang='lat' dir='ltr'><strong>uoostur,</strong></span> <span class='ocrx_word' id='word_1_31' title='bbox 995 516 1125 572; x_wconf 81' lang='lat' dir='ltr'><strong>iuditium</strong></span> <span class='ocrx_word' id='word_1_32' title='bbox 1144 517 1179 572; x_wconf 90' lang='lat' dir='ltr'><strong>de</strong></span> <span class='ocrx_word' id='word_1_33' title='bbox 1196 521 1283 572; x_wconf 86' lang='lat' dir='ltr'><strong>matre</strong></span> <span class='ocrx_word' id='word_1_34' title='bbox 1300 531 1355 571; x_wconf 92' lang='lat' dir='ltr'><strong>non</strong></span> <span class='ocrx_word' id='word_1_35' title='bbox 1373 529 1480 586; x_wconf 84' lang='lat' dir='ltr'><strong>sempor</strong></span> 
     </span>
     <span class='ocr_line' id='line_1_4' title="bbox 42 604 1481 680; baseline -0.006 -12"><span class='ocrx_word' id='word_1_36' title='bbox 42 619 209 680; x_wconf 82' lang='lat' dir='ltr'><strong>intempus</strong></span> <span class='ocrx_word' id='word_1_37' title='bbox 225 609 378 680; x_wconf 69' lang='lat' dir='ltr'><strong>pubertatis</strong></span> <span class='ocrx_word' id='word_1_38' title='bbox 396 608 575 665; x_wconf 80' lang='lat' dir='ltr'><strong>differendum</strong></span> <span class='ocrx_word' id='word_1_39' title='bbox 594 609 658 664; x_wconf 91' lang='lat' dir='ltr'><strong>erit:</strong></span> <span class='ocrx_word' id='word_1_40' title='bbox 681 623 745 664; x_wconf 85' lang='lat' dir='ltr'><strong>num</strong></span> <span class='ocrx_word' id='word_1_41' title='bbox 765 607 877 677; x_wconf 89' lang='lat' dir='ltr'><strong>stipsi,</strong></span> <span class='ocrx_word' id='word_1_42' title='bbox 895 605 942 676; x_wconf 90' lang='lat' dir='ltr'><strong>qui</strong></span> <span class='ocrx_word' id='word_1_43' title='bbox 960 604 1100 662; x_wconf 89' lang='lat' dir='ltr'><strong>subieotus</strong></span> <span class='ocrx_word' id='word_1_44' title='bbox 1122 621 1183 662; x_wconf 90' lang='lat' dir='ltr'><strong>esse</strong></span> <span class='ocrx_word' id='word_1_45' title='bbox 1204 604 1315 676; x_wconf 88' lang='lat' dir='ltr'><strong>dieitur,</strong></span> <span class='ocrx_word' id='word_1_46' title='bbox 1338 619 1373 658; x_wconf 88' lang='lat' dir='ltr'><strong>ex</strong></span> <span class='ocrx_word' id='word_1_47' title='bbox 1396 619 1481 660; x_wconf 85' lang='lat' dir='ltr'><strong>eausa</strong></span> 
     </span>
    </p>

    <p class='ocr_par' dir='ltr' id='par_1_3' title="bbox 12 692 1511 866">
     <span class='ocr_line' id='line_1_5' title="bbox 12 692 1481 775; baseline -0.006 -18"><span class='ocrx_word' id='word_1_48' title='bbox 12 719 26 766; x_wconf 78' lang='lat' dir='ltr'><strong>s</strong></span> <span class='ocrx_word' id='word_1_49' title='bbox 41 700 251 775; x_wconf 68' lang='lat' dir='ltr'><strong>repraesentari</strong></span> <span class='ocrx_word' id='word_1_50' title='bbox 268 699 346 754; x_wconf 91' lang='lat' dir='ltr'><strong>solet.</strong></span> <span class='ocrx_word' id='word_1_51' title='bbox 383 698 514 765; x_wconf 82' lang='lat' dir='ltr'><strong>Quotiens</strong></span> <span class='ocrx_word' id='word_1_52' title='bbox 533 695 733 754; x_wconf 78' lang='lat' dir='ltr'><strong>Carbonianum</strong></span> <span class='ocrx_word' id='word_1_53' title='bbox 752 697 891 753; x_wconf 86' lang='lat' dir='ltr'><strong>deeretum</strong></span> <span class='ocrx_word' id='word_1_54' title='bbox 909 695 1102 766; x_wconf 70' lang='lat' dir='ltr'><strong>interponitur,</strong></span> <span class='ocrx_word' id='word_1_55' title='bbox 1120 693 1215 750; x_wconf 91' lang='lat' dir='ltr'><strong>eodem</strong></span> <span class='ocrx_word' id='word_1_56' title='bbox 1233 693 1294 750; x_wconf 85' lang='lat' dir='ltr'><strong>loeo</strong></span> <span class='ocrx_word' id='word_1_57' title='bbox 1311 708 1369 750; x_wconf 88' lang='lat' dir='ltr'><strong>rem</strong></span> <span class='ocrx_word' id='word_1_58' title='bbox 1387 692 1481 748; x_wconf 86' lang='lat' dir='ltr'><strong>baberi</strong></span> 
     </span>
     <span class='ocr_line' id='line_1_6' title="bbox 41 783 1511 866; baseline -0.007 -22"><span class='ocrx_word' id='word_1_59' title='bbox 41 793 180 866; x_wconf 74' lang='lat' dir='ltr'><strong>oportet,</strong></span> <span class='ocrx_word' id='word_1_60' title='bbox 200 802 253 858; x_wconf 89' lang='lat' dir='ltr'><strong>quo</strong></span> <span class='ocrx_word' id='word_1_61' title='bbox 275 792 365 857; x_wconf 87' lang='lat' dir='ltr'><strong>esset,</strong></span> <span class='ocrx_word' id='word_1_62' title='bbox 388 787 503 842; x_wconf 88' lang='lat' dir='ltr'><strong>sinuiia</strong></span> <span class='ocrx_word' id='word_1_63' title='bbox 520 787 707 844; x_wconf 78' lang='lat' dir='ltr'><strong>controuersia</strong></span> <span class='ocrx_word' id='word_1_64' title='bbox 723 784 802 842; x_wconf 83' lang='lat' dir='ltr'><strong>lieret</strong></span> <span class='ocrx_word' id='word_1_65' title='bbox 824 785 863 855; x_wconf 92' lang='lat' dir='ltr'><strong>ei,</strong></span> <span class='ocrx_word' id='word_1_66' title='bbox 886 784 933 854; x_wconf 89' lang='lat' dir='ltr'><strong>qui</strong></span> <span class='ocrx_word' id='word_1_67' title='bbox 954 783 1087 840; x_wconf 89' lang='lat' dir='ltr'><strong>bonorum</strong></span> <span class='ocrx_word' id='word_1_68' title='bbox 1111 784 1310 855; x_wconf 84' lang='lat' dir='ltr'><strong>possessionem</strong></span> <span class='ocrx_word' id='word_1_69' title='bbox 1334 783 1511 852; x_wconf 85' lang='lat' dir='ltr'><strong>sooepsrit.u</strong></span> 
     </span>
    </p>

    <p class='ocr_par' dir='ltr' id='par_1_4' title="bbox 15 871 1480 1036">
     <span class='ocr_line' id='line_1_7' title="bbox 15 871 1480 945; baseline -0.004 -12"><span class='ocrx_word' id='word_1_70' title='bbox 15 885 103 945; x_wconf 65' lang='lat' dir='ltr'><strong>scam</strong></span> <span class='ocrx_word' id='word_1_71' title='bbox 136 881 233 932; x_wconf 71' lang='lat' dir='ltr'><strong>numm</strong></span> <span class='ocrx_word' id='word_1_72' title='bbox 250 891 286 932; x_wconf 86' lang='lat' dir='ltr'><strong>ex</strong></span> <span class='ocrx_word' id='word_1_73' title='bbox 303 875 412 932; x_wconf 90' lang='lat' dir='ltr'><strong>duobus</strong></span> <span class='ocrx_word' id='word_1_74' title='bbox 429 873 558 932; x_wconf 86' lang='lat' dir='ltr'><strong>iratribus</strong></span> <span class='ocrx_word' id='word_1_75' title='bbox 575 891 611 932; x_wconf 84' lang='lat' dir='ltr'><strong>es</strong></span> <span class='ocrx_word' id='word_1_76' title='bbox 630 875 681 932; x_wconf 87' lang='lat' dir='ltr'><strong>hoe</strong></span> <span class='ocrx_word' id='word_1_77' title='bbox 699 875 810 932; x_wconf 89' lang='lat' dir='ltr'><strong>deoreto</strong></span> <span class='ocrx_word' id='word_1_78' title='bbox 827 874 917 930; x_wconf 89' lang='lat' dir='ltr'><strong>missis</strong></span> <span class='ocrx_word' id='word_1_79' title='bbox 935 873 1004 930; x_wconf 89' lang='lat' dir='ltr'><strong>alter</strong></span> <span class='ocrx_word' id='word_1_80' title='bbox 1020 889 1070 944; x_wconf 93' lang='lat' dir='ltr'><strong>pro</strong></span> <span class='ocrx_word' id='word_1_81' title='bbox 1082 880 1159 944; x_wconf 84' lang='lat' dir='ltr'><strong>parte</strong></span> <span class='ocrx_word' id='word_1_82' title='bbox 1177 889 1228 928; x_wconf 92' lang='lat' dir='ltr'><strong>sua</strong></span> <span class='ocrx_word' id='word_1_83' title='bbox 1244 877 1385 942; x_wconf 86' lang='lat' dir='ltr'><strong>paternum</strong></span> <span class='ocrx_word' id='word_1_84' title='bbox 1404 871 1480 928; x_wconf 88' lang='lat' dir='ltr'><strong>here·</strong></span> 
     </span>
     <span class='ocr_line' id='line_1_8' title="bbox 44 961 1479 1036; baseline -0.006 -12"><span class='ocrx_word' id='word_1_85' title='bbox 44 973 171 1029; x_wconf 82' lang='lat' dir='ltr'><strong>dilatem</strong></span> <span class='ocrx_word' id='word_1_86' title='bbox 187 981 240 1020; x_wconf 89' lang='lat' dir='ltr'><strong>non</strong></span> <span class='ocrx_word' id='word_1_87' title='bbox 257 964 393 1035; x_wconf 81' lang='lat' dir='ltr'><strong>defendit,</strong></span> <span class='ocrx_word' id='word_1_88' title='bbox 416 965 585 1036; x_wconf 80' lang='lat' dir='ltr'><strong>compellitur</strong></span> <span class='ocrx_word' id='word_1_89' title='bbox 608 965 676 1020; x_wconf 87' lang='lat' dir='ltr'><strong>alter</strong></span> <span class='ocrx_word' id='word_1_90' title='bbox 699 971 784 1020; x_wconf 86' lang='lat' dir='ltr'><strong>totum</strong></span> <span class='ocrx_word' id='word_1_91' title='bbox 803 963 949 1020; x_wconf 80' lang='lat' dir='ltr'><strong>defendere</strong></span> <span class='ocrx_word' id='word_1_92' title='bbox 967 969 1015 1019; x_wconf 86' lang='lat' dir='ltr'><strong>aut</strong></span> <span class='ocrx_word' id='word_1_93' title='bbox 1032 964 1161 1028; x_wconf 87' lang='lat' dir='ltr'><strong>uniuersa</strong></span> <span class='ocrx_word' id='word_1_94' title='bbox 1178 961 1356 1018; x_wconf 84' lang='lat' dir='ltr'><strong>oreditoribus</strong></span> <span class='ocrx_word' id='word_1_95' title='bbox 1374 961 1479 1016; x_wconf 82' lang='lat' dir='ltr'><strong>tedere.</strong></span> 
     </span>
    </p>

    <p class='ocr_par' dir='ltr' id='par_1_5' title="bbox 18 1050 1527 1302">
     <span class='ocr_line' id='line_1_9' title="bbox 18 1050 1480 1122; baseline -0.004 -10"><span class='ocrx_word' id='word_1_96' title='bbox 18 1055 195 1122; x_wconf 74' lang='lat' dir='ltr'><strong>shmrdum</strong></span> <span class='ocrx_word' id='word_1_97' title='bbox 212 1054 294 1110; x_wconf 78' lang='lat' dir='ltr'><strong>edam</strong></span> <span class='ocrx_word' id='word_1_98' title='bbox 312 1053 494 1110; x_wconf 73' lang='lat' dir='ltr'><strong>exheredatus</strong></span> <span class='ocrx_word' id='word_1_99' title='bbox 512 1051 583 1109; x_wconf 86' lang='lat' dir='ltr'><strong>lilius</strong></span> <span class='ocrx_word' id='word_1_100' title='bbox 601 1069 636 1110; x_wconf 83' lang='lat' dir='ltr'><strong>ex</strong></span> <span class='ocrx_word' id='word_1_101' title='bbox 655 1053 825 1111; x_wconf 79' lang='lat' dir='ltr'><strong>Carboniano</strong></span> <span class='ocrx_word' id='word_1_102' title='bbox 849 1053 959 1110; x_wconf 88' lang='lat' dir='ltr'><strong>deereto</strong></span> <span class='ocrx_word' id='word_1_103' title='bbox 982 1053 1114 1108; x_wconf 86' lang='lat' dir='ltr'><strong>bonorum</strong></span> <span class='ocrx_word' id='word_1_104' title='bbox 1138 1052 1337 1122; x_wconf 87' lang='lat' dir='ltr'><strong>possessionem</strong></span> <span class='ocrx_word' id='word_1_105' title='bbox 1356 1050 1480 1121; x_wconf 86' lang='lat' dir='ltr'><strong>aoeiplet,</strong></span> 
     </span>
     <span class='ocr_line' id='line_1_10' title="bbox 48 1139 1481 1214; baseline -0.004 -13"><span class='ocrx_word' id='word_1_106' title='bbox 48 1152 152 1208; x_wconf 76' lang='lat' dir='ltr'><strong>sinon</strong></span> <span class='ocrx_word' id='word_1_107' title='bbox 171 1147 263 1199; x_wconf 73' lang='lat' dir='ltr'><strong>sonus</strong></span> <span class='ocrx_word' id='word_1_108' title='bbox 279 1141 389 1198; x_wconf 87' lang='lat' dir='ltr'><strong>tabulas</strong></span> <span class='ocrx_word' id='word_1_109' title='bbox 406 1144 476 1214; x_wconf 89' lang='lat' dir='ltr'><strong>petit</strong></span> <span class='ocrx_word' id='word_1_110' title='bbox 493 1141 626 1200; x_wconf 90' lang='lat' dir='ltr'><strong>bonorum</strong></span> <span class='ocrx_word' id='word_1_111' title='bbox 644 1143 854 1214; x_wconf 89' lang='lat' dir='ltr'><strong>possessionem,</strong></span> <span class='ocrx_word' id='word_1_112' title='bbox 872 1143 922 1198; x_wconf 91' lang='lat' dir='ltr'><strong>sed</strong></span> <span class='ocrx_word' id='word_1_113' title='bbox 934 1142 969 1198; x_wconf 90' lang='lat' dir='ltr'><strong>ab</strong></span> <span class='ocrx_word' id='word_1_114' title='bbox 980 1143 1110 1198; x_wconf 79' lang='lat' dir='ltr'><strong>intestato</strong></span> <span class='ocrx_word' id='word_1_115' title='bbox 1127 1140 1201 1198; x_wconf 91' lang='lat' dir='ltr'><strong>unde</strong></span> <span class='ocrx_word' id='word_1_116' title='bbox 1212 1139 1290 1196; x_wconf 88' lang='lat' dir='ltr'><strong>liberi</strong></span> <span class='ocrx_word' id='word_1_117' title='bbox 1307 1139 1382 1209; x_wconf 82' lang='lat' dir='ltr'><strong>(quis</strong></span> <span class='ocrx_word' id='word_1_118' title='bbox 1398 1145 1481 1210; x_wconf 78' lang='lat' dir='ltr'><strong>neget</strong></span> 
     </span>
     <span class='ocr_line' id='line_1_11' title="bbox 49 1228 1527 1302; baseline -0.008 -10"><span class='ocrx_word' id='word_1_119' title='bbox 49 1235 164 1298; x_wconf 76' lang='lat' dir='ltr'><strong>ubulas</strong></span> <span class='ocrx_word' id='word_1_120' title='bbox 180 1232 336 1288; x_wconf 80' lang='lat' dir='ltr'><strong>testamenti</strong></span> <span class='ocrx_word' id='word_1_121' title='bbox 352 1232 438 1302; x_wconf 77' lang='lat' dir='ltr'><strong>putris</strong></span> <span class='ocrx_word' id='word_1_122' title='bbox 456 1233 525 1288; x_wconf 86' lang='lat' dir='ltr'><strong>tsies</strong></span> <span class='ocrx_word' id='word_1_123' title='bbox 544 1247 617 1302; x_wconf 87' lang='lat' dir='ltr'><strong>esse,</strong></span> <span class='ocrx_word' id='word_1_124' title='bbox 642 1235 674 1287; x_wconf 91' lang='lat' dir='ltr'><strong>ut</strong></span> <span class='ocrx_word' id='word_1_125' title='bbox 695 1231 846 1288; x_wconf 76' lang='lat' dir='ltr'><strong>meandum</strong></span> <span class='ocrx_word' id='word_1_126' title='bbox 870 1247 917 1288; x_wconf 88' lang='lat' dir='ltr'><strong>eus</strong></span> <span class='ocrx_word' id='word_1_127' title='bbox 938 1231 1070 1287; x_wconf 90' lang='lat' dir='ltr'><strong>bonorum</strong></span> <span class='ocrx_word' id='word_1_128' title='bbox 1092 1230 1230 1302; x_wconf 85' lang='lat' dir='ltr'><strong>possessio</strong></span> <span class='ocrx_word' id='word_1_129' title='bbox 1252 1229 1311 1286; x_wconf 85' lang='lat' dir='ltr'><strong>dari</strong></span> <span class='ocrx_word' id='word_1_130' title='bbox 1331 1228 1429 1300; x_wconf 88' lang='lat' dir='ltr'><strong>possit)</strong></span> <span class='ocrx_word' id='word_1_131' title='bbox 1452 1233 1481 1284; x_wconf 90' lang='lat' dir='ltr'><strong>et</strong></span> <span class='ocrx_word' id='word_1_132' title='bbox 1500 1239 1527 1281; x_wconf 85' lang='lat' dir='ltr'><strong>ro</strong></span> 
     </span>
    </p>

    <p class='ocr_par' dir='ltr' id='par_1_6' title="bbox 28 1319 1481 1482">
     <span class='ocr_line' id='line_1_12' title="bbox 28 1319 1481 1392; baseline -0.009 -5"><span class='ocrx_word' id='word_1_133' title='bbox 28 1341 39 1387; x_wconf 83' lang='grc'>1</span> <span class='ocrx_word' id='word_1_134' title='bbox 53 1329 164 1385; x_wconf 77' lang='lat' dir='ltr'><strong>ututur</strong></span> <span class='ocrx_word' id='word_1_135' title='bbox 180 1337 231 1377; x_wconf 92' lang='lat' dir='ltr'><strong>non</strong></span> <span class='ocrx_word' id='word_1_136' title='bbox 249 1337 311 1378; x_wconf 88' lang='lat' dir='ltr'><strong>osse</strong></span> <span class='ocrx_word' id='word_1_137' title='bbox 328 1319 409 1376; x_wconf 87' lang='lat' dir='ltr'><strong>filius.</strong></span> <span class='ocrx_word' id='word_1_138' title='bbox 446 1319 475 1378; x_wconf 85' lang='lat' dir='ltr'><strong>Si</strong></span> <span class='ocrx_word' id='word_1_139' title='bbox 493 1321 612 1392; x_wconf 91' lang='lat' dir='ltr'><strong>pupillus</strong></span> <span class='ocrx_word' id='word_1_140' title='bbox 629 1320 718 1378; x_wconf 89' lang='lat' dir='ltr'><strong>liberti</strong></span> <span class='ocrx_word' id='word_1_141' title='bbox 736 1321 843 1392; x_wconf 86' lang='lat' dir='ltr'><strong>paterni</strong></span> <span class='ocrx_word' id='word_1_142' title='bbox 860 1320 994 1378; x_wconf 90' lang='lat' dir='ltr'><strong>bonorum</strong></span> <span class='ocrx_word' id='word_1_143' title='bbox 1011 1321 1211 1390; x_wconf 87' lang='lat' dir='ltr'><strong>possessionem</strong></span> <span class='ocrx_word' id='word_1_144' title='bbox 1230 1324 1314 1390; x_wconf 89' lang='lat' dir='ltr'><strong>petet,</strong></span> <span class='ocrx_word' id='word_1_145' title='bbox 1334 1321 1481 1388; x_wconf 76' lang='lat' dir='ltr'><strong>negaretur</strong></span> 
     </span>
     <span class='ocr_line' id='line_1_13' title="bbox 57 1407 1480 1482; baseline -0.005 -12"><span class='ocrx_word' id='word_1_146' title='bbox 57 1422 146 1474; x_wconf 74' lang='lat' dir='ltr'><strong>snum</strong></span> <span class='ocrx_word' id='word_1_147' title='bbox 167 1409 235 1466; x_wconf 87' lang='lat' dir='ltr'><strong>lilios</strong></span> <span class='ocrx_word' id='word_1_148' title='bbox 252 1411 361 1482; x_wconf 89' lang='lat' dir='ltr'><strong>patroni</strong></span> <span class='ocrx_word' id='word_1_149' title='bbox 379 1411 548 1481; x_wconf 79' lang='lat' dir='ltr'><strong>esss„quis¹</strong></span> <span class='ocrx_word' id='word_1_150' title='bbox 567 1411 602 1467; x_wconf 91' lang='lat' dir='ltr'><strong>de</strong></span> <span class='ocrx_word' id='word_1_151' title='bbox 620 1411 740 1482; x_wconf 81' lang='lat' dir='ltr'><strong>paternis</strong></span> <span class='ocrx_word' id='word_1_152' title='bbox 758 1410 838 1467; x_wconf 90' lang='lat' dir='ltr'><strong>bonis</strong></span> <span class='ocrx_word' id='word_1_153' title='bbox 856 1411 930 1466; x_wconf 88' lang='lat' dir='ltr'><strong>nulla</strong></span> <span class='ocrx_word' id='word_1_154' title='bbox 947 1409 1135 1466; x_wconf 88' lang='lat' dir='ltr'><strong>eontrouersia</strong></span> <span class='ocrx_word' id='word_1_155' title='bbox 1152 1410 1177 1465; x_wconf 90' lang='lat' dir='ltr'><strong>ei</strong></span> <span class='ocrx_word' id='word_1_156' title='bbox 1195 1407 1280 1478; x_wconf 84' lang='lat' dir='ltr'><strong>deret,</strong></span> <span class='ocrx_word' id='word_1_157' title='bbox 1300 1407 1480 1464; x_wconf 81' lang='lat' dir='ltr'><strong>differendum</strong></span> 
     </span>
    </p>

    <p class='ocr_par' dir='ltr' id='par_1_7' title="bbox 59 1497 1480 1571">
     <span class='ocr_line' id='line_1_14' title="bbox 59 1497 1480 1571; baseline -0.004 -15"><span class='ocrx_word' id='word_1_158' title='bbox 59 1508 98 1563; x_wconf 79' lang='lat' dir='ltr'><strong>loe</strong></span> <span class='ocrx_word' id='word_1_159' title='bbox 113 1499 252 1556; x_wconf 83' lang='lat' dir='ltr'><strong>inditium</strong></span> <span class='ocrx_word' id='word_1_160' title='bbox 270 1514 326 1555; x_wconf 92' lang='lat' dir='ltr'><strong>non</strong></span> <span class='ocrx_word' id='word_1_161' title='bbox 343 1505 394 1554; x_wconf 86' lang='lat' dir='ltr'><strong>est.</strong></span> <span class='ocrx_word' id='word_1_162' title='bbox 422 1500 528 1556; x_wconf 90' lang='lat' dir='ltr'><strong>siuero</strong></span> <span class='ocrx_word' id='word_1_163' title='bbox 546 1505 610 1571; x_wconf 90' lang='lat' dir='ltr'><strong>post</strong></span> <span class='ocrx_word' id='word_1_164' title='bbox 626 1500 814 1570; x_wconf 88' lang='lat' dir='ltr'><strong>interpositum</strong></span> <span class='ocrx_word' id='word_1_165' title='bbox 832 1498 1032 1556; x_wconf 82' lang='lat' dir='ltr'><strong>Carbonianum</strong></span> <span class='ocrx_word' id='word_1_166' title='bbox 1049 1499 1190 1556; x_wconf 87' lang='lat' dir='ltr'><strong>deerelum</strong></span> <span class='ocrx_word' id='word_1_167' title='bbox 1207 1497 1275 1554; x_wconf 87' lang='lat' dir='ltr'><strong>baeu</strong></span> <span class='ocrx_word' id='word_1_168' title='bbox 1293 1510 1400 1568; x_wconf 86' lang='lat' dir='ltr'><strong>quoque</strong></span> <span class='ocrx_word' id='word_1_169' title='bbox 1418 1509 1480 1552; x_wconf 90' lang='lat' dir='ltr'><strong>eon·</strong></span> 
     </span>
    </p>

    <p class='ocr_par' dir='ltr' id='par_1_8' title="bbox 39 1583 1620 1660">
     <span class='ocr_line' id='line_1_15' title="bbox 39 1583 1620 1660; baseline -0.007 -10"><span class='ocrx_word' id='word_1_170' title='bbox 39 1589 189 1652; x_wconf 68' lang='lat' dir='ltr'><strong>ressensis</strong></span> <span class='ocrx_word' id='word_1_171' title='bbox 204 1593 368 1657; x_wconf 88' lang='lat' dir='ltr'><strong>moueretur,</strong></span> <span class='ocrx_word' id='word_1_172' title='bbox 387 1583 398 1657; x_wconf 84' lang='grc' dir='ltr'>Ι</span> <span class='ocrx_word' id='word_1_173' title='bbox 417 1587 469 1645; x_wconf 89' lang='lat' dir='ltr'><strong>hoo</strong></span> <span class='ocrx_word' id='word_1_174' title='bbox 486 1589 616 1645; x_wconf 81' lang='lat' dir='ltr'><strong>iuditium</strong></span> <span class='ocrx_word' id='word_1_175' title='bbox 634 1590 663 1645; x_wconf 93' lang='lat' dir='ltr'><strong>in</strong></span> <span class='ocrx_word' id='word_1_176' title='bbox 680 1589 708 1645; x_wconf 91' lang='lat' dir='ltr'><strong>id</strong></span> <span class='ocrx_word' id='word_1_177' title='bbox 726 1593 835 1660; x_wconf 90' lang='lat' dir='ltr'><strong>tempus</strong></span> <span class='ocrx_word' id='word_1_178' title='bbox 853 1588 955 1644; x_wconf 82' lang='lat' dir='ltr'><strong>differri</strong></span> <span class='ocrx_word' id='word_1_179' title='bbox 972 1588 1062 1644; x_wconf 87' lang='lat' dir='ltr'><strong>debet.</strong></span> <span class='ocrx_word' id='word_1_180' title='bbox 1099 1589 1258 1654; x_wconf 75' lang='lat' dir='ltr'><strong>Quaesitum</strong></span> <span class='ocrx_word' id='word_1_181' title='bbox 1276 1592 1328 1656; x_wconf 90' lang='lat' dir='ltr'><strong>ost,</strong></span> <span class='ocrx_word' id='word_1_182' title='bbox 1347 1603 1382 1642; x_wconf 84' lang='lat' dir='ltr'><strong>an</strong></span> <span class='ocrx_word' id='word_1_183' title='bbox 1400 1585 1481 1642; x_wconf 89' lang='lat' dir='ltr'><strong>simul</strong></span> <span class='ocrx_word' id='word_1_184' title='bbox 1497 1588 1577 1641; x_wconf 84' lang='lat' dir='ltr'><strong>tttl&#39;</strong></span> <span class='ocrx_word' id='word_1_185' title='bbox 1618 1637 1620 1640; x_wconf 84' lang='grc'><strong>,</strong></span> 
     </span>
    </p>

    <p class='ocr_par' dir='ltr' id='par_1_9' title="bbox 67 1675 1527 2016">
     <span class='ocr_line' id='line_1_16' title="bbox 67 1675 1527 1750; baseline -0.005 -16"><span class='ocrx_word' id='word_1_186' title='bbox 67 1679 216 1750; x_wconf 74' lang='lat' dir='ltr'><strong>upupillus</strong></span> <span class='ocrx_word' id='word_1_187' title='bbox 234 1695 269 1734; x_wconf 84' lang='lat' dir='ltr'><strong>ex</strong></span> <span class='ocrx_word' id='word_1_188' title='bbox 287 1677 459 1735; x_wconf 81' lang='lat' dir='ltr'><strong>Carboniano</strong></span> <span class='ocrx_word' id='word_1_189' title='bbox 478 1684 506 1734; x_wconf 90' lang='lat' dir='ltr'><strong>et</strong></span> <span class='ocrx_word' id='word_1_190' title='bbox 523 1680 618 1750; x_wconf 81' lang='lat' dir='ltr'><strong>scripti</strong></span> <span class='ocrx_word' id='word_1_191' title='bbox 635 1679 749 1735; x_wconf 89' lang='lat' dir='ltr'><strong>heredes</strong></span> <span class='ocrx_word' id='word_1_192' title='bbox 768 1677 917 1735; x_wconf 89' lang='lat' dir='ltr'><strong>seeundum</strong></span> <span class='ocrx_word' id='word_1_193' title='bbox 936 1676 1045 1734; x_wconf 84' lang='lat' dir='ltr'><strong>tubulas</strong></span> <span class='ocrx_word' id='word_1_194' title='bbox 1062 1677 1195 1734; x_wconf 90' lang='lat' dir='ltr'><strong>bonorum</strong></span> <span class='ocrx_word' id='word_1_195' title='bbox 1213 1677 1416 1749; x_wconf 88' lang='lat' dir='ltr'><strong>possessiouem</strong></span> <span class='ocrx_word' id='word_1_196' title='bbox 1434 1675 1480 1730; x_wconf 85' lang='lat' dir='ltr'><strong>ha·</strong></span> <span class='ocrx_word' id='word_1_197' title='bbox 1500 1683 1527 1726; x_wconf 84' lang='lat' dir='ltr'><strong>re</strong></span> 
     </span>
     <span class='ocr_line' id='line_1_17' title="bbox 70 1764 1480 1844; baseline -0.004 -18"><span class='ocrx_word' id='word_1_198' title='bbox 70 1772 164 1828; x_wconf 80' lang='lat' dir='ltr'><strong>urent</strong></span> <span class='ocrx_word' id='word_1_199' title='bbox 188 1767 326 1844; x_wconf 83' lang='lat' dir='ltr'><strong>respondi,</strong></span> <span class='ocrx_word' id='word_1_200' title='bbox 350 1768 374 1823; x_wconf 91' lang='lat' dir='ltr'><strong>si</strong></span> <span class='ocrx_word' id='word_1_201' title='bbox 397 1766 468 1823; x_wconf 79' lang='lat' dir='ltr'><strong>lidus</strong></span> <span class='ocrx_word' id='word_1_202' title='bbox 491 1783 546 1823; x_wconf 92' lang='lat' dir='ltr'><strong>nun</strong></span> <span class='ocrx_word' id='word_1_203' title='bbox 569 1773 644 1822; x_wconf 87' lang='lat' dir='ltr'><strong>esset</strong></span> <span class='ocrx_word' id='word_1_204' title='bbox 666 1772 791 1824; x_wconf 87' lang='lat' dir='ltr'><strong>autnon</strong></span> <span class='ocrx_word' id='word_1_205' title='bbox 813 1767 965 1838; x_wconf 85' lang='lat' dir='ltr'><strong>soospisset</strong></span> <span class='ocrx_word' id='word_1_206' title='bbox 988 1772 1082 1823; x_wconf 86' lang='lat' dir='ltr'><strong>eontra</strong></span> <span class='ocrx_word' id='word_1_207' title='bbox 1105 1768 1213 1824; x_wconf 83' lang='lat' dir='ltr'><strong>tabulas</strong></span> <span class='ocrx_word' id='word_1_208' title='bbox 1236 1767 1280 1824; x_wconf 87' lang='lat' dir='ltr'><strong>uel</strong></span> <span class='ocrx_word' id='word_1_209' title='bbox 1298 1764 1333 1822; x_wconf 87' lang='lat' dir='ltr'><strong>ab</strong></span> <span class='ocrx_word' id='word_1_210' title='bbox 1350 1765 1480 1820; x_wconf 86' lang='lat' dir='ltr'><strong>intestato</strong></span> 
     </span>
     <span class='ocr_line' id='line_1_18' title="bbox 75 1853 1481 1928; baseline -0.004 -13"><span class='ocrx_word' id='word_1_211' title='bbox 75 1861 188 1916; x_wconf 85' lang='lat' dir='ltr'><strong>bonorum</strong></span> <span class='ocrx_word' id='word_1_212' title='bbox 204 1857 414 1928; x_wconf 88' lang='lat' dir='ltr'><strong>possessionem,</strong></span> <span class='ocrx_word' id='word_1_213' title='bbox 432 1857 512 1912; x_wconf 87' lang='lat' dir='ltr'><strong>simul</strong></span> <span class='ocrx_word' id='word_1_214' title='bbox 530 1859 560 1911; x_wconf 92' lang='lat' dir='ltr'><strong>et</strong></span> <span class='ocrx_word' id='word_1_215' title='bbox 576 1857 665 1926; x_wconf 88' lang='lat' dir='ltr'><strong>ipsum</strong></span> <span class='ocrx_word' id='word_1_216' title='bbox 683 1873 718 1913; x_wconf 89' lang='lat' dir='ltr'><strong>ex</strong></span> <span class='ocrx_word' id='word_1_217' title='bbox 730 1857 901 1914; x_wconf 80' lang='lat' dir='ltr'><strong>Carboniano</strong></span> <span class='ocrx_word' id='word_1_218' title='bbox 916 1860 945 1912; x_wconf 89' lang='lat' dir='ltr'><strong>et</strong></span> <span class='ocrx_word' id='word_1_219' title='bbox 957 1855 1073 1927; x_wconf 85' lang='lat' dir='ltr'><strong>seriptos</strong></span> <span class='ocrx_word' id='word_1_220' title='bbox 1086 1857 1200 1914; x_wconf 89' lang='lat' dir='ltr'><strong>heredes</strong></span> <span class='ocrx_word' id='word_1_221' title='bbox 1211 1854 1361 1913; x_wconf 87' lang='lat' dir='ltr'><strong>seeundum</strong></span> <span class='ocrx_word' id='word_1_222' title='bbox 1373 1853 1481 1910; x_wconf 84' lang='lat' dir='ltr'><strong>tabulas</strong></span> 
     </span>
     <span class='ocr_line' id='line_1_19' title="bbox 79 1945 573 2016; baseline -0.004 -12"><span class='ocrx_word' id='word_1_223' title='bbox 79 1946 197 2004; x_wconf 74' lang='lat' dir='ltr'><strong>ulturos</strong></span> <span class='ocrx_word' id='word_1_224' title='bbox 212 1945 344 2002; x_wconf 90' lang='lat' dir='ltr'><strong>bonorum</strong></span> <span class='ocrx_word' id='word_1_225' title='bbox 362 1946 573 2016; x_wconf 89' lang='lat' dir='ltr'><strong>possessionem.</strong></span> 
     </span>
    </p>

    <p class='ocr_par' dir='ltr' id='par_1_10' title="bbox 61 2027 1527 2462">
     <span class='ocr_line' id='line_1_20' title="bbox 61 2027 1520 2117; baseline 0 -24"><span class='ocrx_word' id='word_1_226' title='bbox 61 2036 75 2093; x_wconf 84' lang='lat' dir='ltr'><strong>t</strong></span> <span class='ocrx_word' id='word_1_227' title='bbox 121 2033 277 2092; x_wconf 68' lang='lat' dir='ltr'><strong>munaus</strong></span> <span class='ocrx_word' id='word_1_228' title='bbox 298 2033 368 2090; x_wconf 90' lang='lat' dir='ltr'><strong>libro</strong></span> <span class='ocrx_word' id='word_1_229' title='bbox 391 2040 488 2105; x_wconf 81' lang='lat' dir='ltr'><strong>quarto</strong></span> <span class='ocrx_word' id='word_1_230' title='bbox 511 2035 710 2104; x_wconf 83' lang='lat' dir='ltr'><strong>quaestionum.</strong></span> <span class='ocrx_word' id='word_1_231' title='bbox 745 2035 885 2104; x_wconf 87' lang='lat' dir='ltr'><strong>Deoessit,</strong></span> <span class='ocrx_word' id='word_1_232' title='bbox 909 2050 990 2106; x_wconf 87' lang='lat' dir='ltr'><strong>quem</strong></span> <span class='ocrx_word' id='word_1_233' title='bbox 1013 2051 1066 2106; x_wconf 75' lang='lat' dir='ltr'><strong>ego</strong></span> <span class='ocrx_word' id='word_1_234' title='bbox 1083 2033 1168 2090; x_wconf 86' lang='lat' dir='ltr'><strong>fllium</strong></span> <span class='ocrx_word' id='word_1_235' title='bbox 1186 2048 1276 2090; x_wconf 87' lang='lat' dir='ltr'><strong>meum</strong></span> <span class='ocrx_word' id='word_1_236' title='bbox 1295 2037 1325 2089; x_wconf 91' lang='lat' dir='ltr'><strong>et</strong></span> <span class='ocrx_word' id='word_1_237' title='bbox 1342 2027 1520 2117; x_wconf 50' lang='grc' dir='ltr'><strong>[ΜΒ</strong></span> 
     </span>
     <span class='ocr_line' id='line_1_21' title="bbox 88 2122 1527 2196; baseline -0.004 -18"><span class='ocrx_word' id='word_1_238' title='bbox 88 2124 170 2178; x_wconf 89' lang='lat' dir='ltr'><strong>irnes</strong></span> <span class='ocrx_word' id='word_1_239' title='bbox 184 2129 315 2196; x_wconf 72' lang='lat' dir='ltr'><strong>potestate</strong></span> <span class='ocrx_word' id='word_1_240' title='bbox 333 2139 395 2180; x_wconf 89' lang='lat' dir='ltr'><strong>esse</strong></span> <span class='ocrx_word' id='word_1_241' title='bbox 413 2123 489 2180; x_wconf 88' lang='lat' dir='ltr'><strong>dieo:</strong></span> <span class='ocrx_word' id='word_1_242' title='bbox 508 2125 601 2184; x_wconf 80' lang='lat' dir='ltr'><strong>existit</strong></span> <span class='ocrx_word' id='word_1_243' title='bbox 619 2122 752 2194; x_wconf 90' lang='lat' dir='ltr'><strong>impubes,</strong></span> <span class='ocrx_word' id='word_1_244' title='bbox 770 2123 817 2194; x_wconf 88' lang='lat' dir='ltr'><strong>qui</strong></span> <span class='ocrx_word' id='word_1_245' title='bbox 835 2139 897 2180; x_wconf 88' lang='lat' dir='ltr'><strong>eum</strong></span> <span class='ocrx_word' id='word_1_246' title='bbox 915 2131 1020 2195; x_wconf 89' lang='lat' dir='ltr'><strong>patrem</strong></span> <span class='ocrx_word' id='word_1_247' title='bbox 1039 2123 1155 2180; x_wconf 84' lang='lat' dir='ltr'><strong>familias</strong></span> <span class='ocrx_word' id='word_1_248' title='bbox 1170 2129 1199 2179; x_wconf 92' lang='lat' dir='ltr'><strong>et</strong></span> <span class='ocrx_word' id='word_1_249' title='bbox 1210 2123 1246 2180; x_wconf 89' lang='lat' dir='ltr'><strong>sd</strong></span> <span class='ocrx_word' id='word_1_250' title='bbox 1258 2138 1289 2178; x_wconf 90' lang='lat' dir='ltr'><strong>se</strong></span> <span class='ocrx_word' id='word_1_251' title='bbox 1301 2123 1479 2178; x_wconf 80' lang='lat' dir='ltr'><strong>hereditatem</strong></span> <span class='ocrx_word' id='word_1_252' title='bbox 1499 2131 1527 2172; x_wconf 88' lang='lat' dir='ltr'><strong>so</strong></span> 
     </span>
     <span class='ocr_line' id='line_1_22' title="bbox 71 2211 1481 2284; baseline 0.003 -20"><span class='ocrx_word' id='word_1_253' title='bbox 71 2211 193 2280; x_wconf 76' lang='lat' dir='ltr'><strong>spertinere</strong></span> <span class='ocrx_word' id='word_1_254' title='bbox 207 2213 294 2268; x_wconf 87' lang='lat' dir='ltr'><strong>diost:</strong></span> <span class='ocrx_word' id='word_1_255' title='bbox 313 2212 452 2268; x_wconf 80' lang='lat' dir='ltr'><strong>decretum</strong></span> <span class='ocrx_word' id='word_1_256' title='bbox 471 2213 656 2269; x_wconf 79' lang='lat' dir='ltr'><strong>necessarium</strong></span> <span class='ocrx_word' id='word_1_257' title='bbox 675 2228 736 2268; x_wconf 89' lang='lat' dir='ltr'><strong>esse</strong></span> <span class='ocrx_word' id='word_1_258' title='bbox 754 2213 903 2284; x_wconf 87' lang='lat' dir='ltr'><strong>respondit.</strong></span> <span class='ocrx_word' id='word_1_259' title='bbox 933 2215 1001 2270; x_wconf 88' lang='lat' dir='ltr'><strong>item</strong></span> <span class='ocrx_word' id='word_1_260' title='bbox 1020 2214 1208 2283; x_wconf 86' lang='lat' dir='ltr'><strong>emoueipatus</strong></span> <span class='ocrx_word' id='word_1_261' title='bbox 1220 2212 1339 2269; x_wconf 90' lang='lat' dir='ltr'><strong>deoessit</strong></span> <span class='ocrx_word' id='word_1_262' title='bbox 1350 2213 1481 2268; x_wconf 84' lang='lat' dir='ltr'><strong>intestato</strong></span> 
     </span>
     <span class='ocr_line' id='line_1_23' title="bbox 95 2285 1479 2374; baseline 0.002 -21"><span class='ocrx_word' id='word_1_263' title='bbox 95 2295 203 2368; x_wconf 84' lang='lat' dir='ltr'><strong>uperstite</strong></span> <span class='ocrx_word' id='word_1_264' title='bbox 218 2301 274 2358; x_wconf 91' lang='lat' dir='ltr'><strong>lilio</strong></span> <span class='ocrx_word' id='word_1_265' title='bbox 290 2285 449 2372; x_wconf 68' lang='lat' dir='ltr'><strong>impubere,</strong></span> <span class='ocrx_word' id='word_1_266' title='bbox 463 2303 511 2373; x_wconf 89' lang='lat' dir='ltr'><strong>qui</strong></span> <span class='ocrx_word' id='word_1_267' title='bbox 535 2318 565 2358; x_wconf 87' lang='lat' dir='ltr'><strong>aa</strong></span> <span class='ocrx_word' id='word_1_268' title='bbox 583 2303 608 2358; x_wconf 90' lang='lat' dir='ltr'><strong>ei</strong></span> <span class='ocrx_word' id='word_1_269' title='bbox 626 2318 706 2358; x_wconf 89' lang='lat' dir='ltr'><strong>suum</strong></span> <span class='ocrx_word' id='word_1_270' title='bbox 730 2317 791 2358; x_wconf 88' lang='lat' dir='ltr'><strong>esse</strong></span> <span class='ocrx_word' id='word_1_271' title='bbox 813 2301 892 2358; x_wconf 87' lang='lat' dir='ltr'><strong>dioit:</strong></span> <span class='ocrx_word' id='word_1_272' title='bbox 916 2319 968 2374; x_wconf 77' lang='lat' dir='ltr'><strong>ego</strong></span> <span class='ocrx_word' id='word_1_273' title='bbox 992 2303 1128 2359; x_wconf 87' lang='lat' dir='ltr'><strong>oontendo</strong></span> <span class='ocrx_word' id='word_1_274' title='bbox 1150 2307 1214 2358; x_wconf 89' lang='lat' dir='ltr'><strong>ante</strong></span> <span class='ocrx_word' id='word_1_275' title='bbox 1237 2301 1479 2373; x_wconf 74' lang='lat' dir='ltr'><strong>emancipationem</strong></span> 
     </span>
     <span class='ocr_line' id='line_1_24' title="bbox 97 2390 1480 2462; baseline 0.004 -21"><span class='ocrx_word' id='word_1_276' title='bbox 97 2395 216 2459; x_wconf 83' lang='lat' dir='ltr'><strong>onoeptun</strong></span> <span class='ocrx_word' id='word_1_277' title='bbox 234 2397 316 2462; x_wconf 80' lang='lat' dir='ltr'><strong>stoue</strong></span> <span class='ocrx_word' id='word_1_278' title='bbox 334 2390 396 2446; x_wconf 90' lang='lat' dir='ltr'><strong>ideo</strong></span> <span class='ocrx_word' id='word_1_279' title='bbox 414 2391 442 2446; x_wconf 90' lang='lat' dir='ltr'><strong>in</strong></span> <span class='ocrx_word' id='word_1_280' title='bbox 460 2406 522 2446; x_wconf 86' lang='lat' dir='ltr'><strong>meu</strong></span> <span class='ocrx_word' id='word_1_281' title='bbox 538 2395 676 2462; x_wconf 76' lang='lat' dir='ltr'><strong>potestate</strong></span> <span class='ocrx_word' id='word_1_282' title='bbox 695 2407 756 2447; x_wconf 88' lang='lat' dir='ltr'><strong>esse</strong></span> <span class='ocrx_word' id='word_1_283' title='bbox 774 2396 803 2447; x_wconf 90' lang='lat' dir='ltr'><strong>et</strong></span> <span class='ocrx_word' id='word_1_284' title='bbox 821 2391 894 2448; x_wconf 87' lang='lat' dir='ltr'><strong>bona</strong></span> <span class='ocrx_word' id='word_1_285' title='bbox 912 2392 1075 2462; x_wconf 79' lang='lat' dir='ltr'><strong>enantipsti</strong></span> <span class='ocrx_word' id='word_1_286' title='bbox 1092 2391 1128 2447; x_wconf 87' lang='lat' dir='ltr'><strong>ad</strong></span> <span class='ocrx_word' id='word_1_287' title='bbox 1145 2407 1190 2448; x_wconf 90' lang='lat' dir='ltr'><strong>me</strong></span> <span class='ocrx_word' id='word_1_288' title='bbox 1207 2392 1350 2462; x_wconf 90' lang='lat' dir='ltr'><strong>pertinere.</strong></span> <span class='ocrx_word' id='word_1_289' title='bbox 1377 2396 1406 2446; x_wconf 92' lang='lat' dir='ltr'><strong>et</strong></span> <span class='ocrx_word' id='word_1_290' title='bbox 1422 2391 1480 2461; x_wconf 88' lang='lat' dir='ltr'><strong>qui·</strong></span> 
     </span>
    </p>

    <p class='ocr_par' dir='ltr' id='par_1_11' title="bbox 5 2472 1480 2552">
     <span class='ocr_line' id='line_1_25' title="bbox 5 2472 1480 2552; baseline 0.005 -23"><span class='ocrx_word' id='word_1_291' title='bbox 5 2527 8 2530; x_wconf 81' lang='lat'>.</span> <span class='ocrx_word' id='word_1_292' title='bbox 98 2472 140 2530; x_wconf 83' lang='lat' dir='ltr'><strong>len</strong></span> <span class='ocrx_word' id='word_1_293' title='bbox 153 2477 209 2535; x_wconf 87' lang='lat' dir='ltr'><strong>lune</strong></span> <span class='ocrx_word' id='word_1_294' title='bbox 225 2479 309 2536; x_wconf 87' lang='lat' dir='ltr'><strong>lilium</strong></span> <span class='ocrx_word' id='word_1_295' title='bbox 329 2495 391 2536; x_wconf 87' lang='lat' dir='ltr'><strong>esse</strong></span> <span class='ocrx_word' id='word_1_296' title='bbox 409 2485 531 2536; x_wconf 86' lang='lat' dir='ltr'><strong>oonstat:</strong></span> <span class='ocrx_word' id='word_1_297' title='bbox 554 2481 603 2536; x_wconf 89' lang='lat' dir='ltr'><strong>sed</strong></span> <span class='ocrx_word' id='word_1_298' title='bbox 626 2480 758 2536; x_wconf 87' lang='lat' dir='ltr'><strong>haetenus</strong></span> <span class='ocrx_word' id='word_1_299' title='bbox 782 2481 817 2536; x_wconf 92' lang='lat' dir='ltr'><strong>de</strong></span> <span class='ocrx_word' id='word_1_300' title='bbox 840 2486 915 2538; x_wconf 81' lang='lat' dir='ltr'><strong>stetu</strong></span> <span class='ocrx_word' id='word_1_301' title='bbox 938 2482 997 2537; x_wconf 89' lang='lat' dir='ltr'><strong>eius</strong></span> <span class='ocrx_word' id='word_1_302' title='bbox 1015 2482 1165 2552; x_wconf 83' lang='lat' dir='ltr'><strong>quaeritur,</strong></span> <span class='ocrx_word' id='word_1_303' title='bbox 1190 2481 1281 2552; x_wconf 57' lang='grc' dir='ltr'><strong>(ιιιοᾱ1</strong></span> <span class='ocrx_word' id='word_1_304' title='bbox 1299 2481 1326 2536; x_wconf 91' lang='lat' dir='ltr'><strong>ia</strong></span> <span class='ocrx_word' id='word_1_305' title='bbox 1343 2483 1480 2550; x_wconf 77' lang='lat' dir='ltr'><strong>potestate</strong></span> 
     </span>
    </p>

    <p class='ocr_par' dir='ltr' id='par_1_12' title="bbox 5 2566 1527 2640">
     <span class='ocr_line' id='line_1_26' title="bbox 5 2566 1527 2640; baseline -0.006 -9"><span class='ocrx_word' id='word_1_306' title='bbox 5 2567 13 2618; x_wconf 63' lang='lat' dir='ltr'><strong>i</strong></span> <span class='ocrx_word' id='word_1_307' title='bbox 98 2566 156 2631; x_wconf 52' lang='lat' dir='ltr'><strong>litii</strong></span> <span class='ocrx_word' id='word_1_308' title='bbox 169 2567 239 2626; x_wconf 80' lang='lat' dir='ltr'><strong>merit</strong></span> <span class='ocrx_word' id='word_1_309' title='bbox 255 2586 306 2626; x_wconf 91' lang='lat' dir='ltr'><strong>neo</strong></span> <span class='ocrx_word' id='word_1_310' title='bbox 324 2585 373 2625; x_wconf 92' lang='lat' dir='ltr'><strong>ne:</strong></span> <span class='ocrx_word' id='word_1_311' title='bbox 392 2569 529 2626; x_wconf 85' lang='lat' dir='ltr'><strong>sententie</strong></span> <span class='ocrx_word' id='word_1_312' title='bbox 546 2573 638 2625; x_wconf 79' lang='lat' dir='ltr'><strong>tumen</strong></span> <span class='ocrx_word' id='word_1_313' title='bbox 657 2570 739 2626; x_wconf 88' lang='lat' dir='ltr'><strong>edioti</strong></span> <span class='ocrx_word' id='word_1_314' title='bbox 756 2570 851 2640; x_wconf 90' lang='lat' dir='ltr'><strong>proeul</strong></span> <span class='ocrx_word' id='word_1_315' title='bbox 868 2570 951 2626; x_wconf 92' lang='lat' dir='ltr'><strong>dubio</strong></span> <span class='ocrx_word' id='word_1_316' title='bbox 969 2586 1004 2626; x_wconf 82' lang='lat' dir='ltr'><strong>ex</strong></span> <span class='ocrx_word' id='word_1_317' title='bbox 1022 2569 1192 2628; x_wconf 85' lang='lat' dir='ltr'><strong>Carboniano</strong></span> <span class='ocrx_word' id='word_1_318' title='bbox 1210 2570 1371 2626; x_wconf 84' lang='lat' dir='ltr'><strong>admittitur.</strong></span> <span class='ocrx_word' id='word_1_319' title='bbox 1498 2579 1527 2622; x_wconf 85' lang='lat' dir='ltr'><strong>st</strong></span> 
     </span>
    </p>

    <p class='ocr_par' dir='ltr' id='par_1_13' title="bbox 1 2617 1537 2744">
     <span class='ocr_line' id='line_1_27' title="bbox 9 2617 1537 2744; baseline 0.006 -33.953"><span class='ocrx_word' id='word_1_320' title='bbox 9 2617 17 2744; x_wconf 56' lang='grc' dir='ltr'>ξ</span> <span class='ocrx_word' id='word_1_321' title='bbox 76 2646 89 2704; x_wconf 74' lang='lat' dir='ltr'><strong>i</strong></span> <span class='ocrx_word' id='word_1_322' title='bbox 134 2653 258 2716; x_wconf 76' lang='lat' dir='ltr'><strong>lusurus</strong></span> <span class='ocrx_word' id='word_1_323' title='bbox 281 2659 350 2716; x_wconf 92' lang='lat' dir='ltr'><strong>libro</strong></span> <span class='ocrx_word' id='word_1_324' title='bbox 373 2663 452 2716; x_wconf 83' lang='lat' dir='ltr'><strong>sexto</strong></span> <span class='ocrx_word' id='word_1_325' title='bbox 476 2658 705 2716; x_wconf 86' lang='lat' dir='ltr'><strong>membranarum.</strong></span> <span class='ocrx_word' id='word_1_326' title='bbox 741 2659 819 2725; x_wconf 82' lang='lat' dir='ltr'><strong>Quod</strong></span> <span class='ocrx_word' id='word_1_327' title='bbox 837 2659 929 2716; x_wconf 82' lang='lat' dir='ltr'><strong>Labeo</strong></span> <span class='ocrx_word' id='word_1_328' title='bbox 948 2658 1055 2730; x_wconf 91' lang='lat' dir='ltr'><strong>soribit,</strong></span> <span class='ocrx_word' id='word_1_329' title='bbox 1078 2660 1204 2731; x_wconf 88' lang='lat' dir='ltr'><strong>quotiens</strong></span> <span class='ocrx_word' id='word_1_330' title='bbox 1225 2675 1324 2730; x_wconf 90' lang='lat' dir='ltr'><strong>suppo·</strong></span> <span class='ocrx_word' id='word_1_331' title='bbox 1343 2653 1479 2743; x_wconf 60' lang='lat' dir='ltr'><strong>[Q</strong></span> <span class='ocrx_word' id='word_1_332' title='bbox 1497 2663 1537 2736; x_wconf 79' lang='lat' dir='ltr'><strong>Ss</strong></span> 
     </span>
    </p>

    <p class='ocr_par' dir='ltr' id='par_1_14' title="bbox 4 2737 1479 2836">
     <span class='ocr_line' id='line_1_28' title="bbox 4 2737 1479 2820; baseline 0 -16"><span class='ocrx_word' id='word_1_333' title='bbox 4 2753 18 2819; x_wconf 72' lang='lat' dir='ltr'><strong>i,</strong></span> <span class='ocrx_word' id='word_1_334' title='bbox 99 2737 146 2796; x_wconf 67' lang='lat' dir='ltr'><strong>lille</strong></span> <span class='ocrx_word' id='word_1_335' title='bbox 158 2761 206 2803; x_wconf 82' lang='lat' dir='ltr'><strong>esse</strong></span> <span class='ocrx_word' id='word_1_336' title='bbox 222 2749 320 2804; x_wconf 88' lang='lat' dir='ltr'><strong>dieitm</strong></span> <span class='ocrx_word' id='word_1_337' title='bbox 336 2749 465 2819; x_wconf 89' lang='lat' dir='ltr'><strong>pupillus,</strong></span> <span class='ocrx_word' id='word_1_338' title='bbox 483 2763 545 2804; x_wconf 88' lang='lat' dir='ltr'><strong>aum</strong></span> <span class='ocrx_word' id='word_1_339' title='bbox 564 2764 619 2818; x_wconf 89' lang='lat' dir='ltr'><strong>quo</strong></span> <span class='ocrx_word' id='word_1_340' title='bbox 637 2747 672 2804; x_wconf 86' lang='lat' dir='ltr'><strong>ds</strong></span> <span class='ocrx_word' id='word_1_341' title='bbox 690 2749 776 2820; x_wconf 89' lang='lat' dir='ltr'><strong>patris</strong></span> <span class='ocrx_word' id='word_1_342' title='bbox 790 2749 849 2804; x_wconf 91' lang='lat' dir='ltr'><strong>eius</strong></span> <span class='ocrx_word' id='word_1_343' title='bbox 861 2747 1011 2804; x_wconf 86' lang='lat' dir='ltr'><strong>hereditate</strong></span> <span class='ocrx_word' id='word_1_344' title='bbox 1023 2749 1210 2806; x_wconf 87' lang='lat' dir='ltr'><strong>oontrouersia</strong></span> <span class='ocrx_word' id='word_1_345' title='bbox 1220 2754 1271 2818; x_wconf 89' lang='lat' dir='ltr'><strong>est,</strong></span> <span class='ocrx_word' id='word_1_346' title='bbox 1289 2764 1384 2804; x_wconf 85' lang='lat' dir='ltr'><strong>aurare</strong></span> <span class='ocrx_word' id='word_1_347' title='bbox 1402 2764 1479 2820; x_wconf 89' lang='lat' dir='ltr'><strong>prae·</strong></span> 
     </span>
    </p>

    <p class='ocr_par' dir='ltr' id='par_1_15' title="bbox 13 2829 1478 2909">
     <span class='ocr_line' id='line_1_29' title="bbox 13 2829 1478 2909; baseline 0.007 -25"><span class='ocrx_word' id='word_1_348' title='bbox 13 2851 22 2909; x_wconf 61' lang='grc' dir='ltr'>ς</span> <span class='ocrx_word' id='word_1_349' title='bbox 99 2829 158 2887; x_wconf 84' lang='lat' dir='ltr'><strong>loun</strong></span> <span class='ocrx_word' id='word_1_350' title='bbox 171 2835 272 2909; x_wconf 90' lang='lat' dir='ltr'><strong>debere,</strong></span> <span class='ocrx_word' id='word_1_351' title='bbox 297 2841 331 2892; x_wconf 88' lang='lat' dir='ltr'><strong>ut</strong></span> <span class='ocrx_word' id='word_1_352' title='bbox 348 2839 371 2892; x_wconf 91' lang='lat' dir='ltr'><strong>is</strong></span> <span class='ocrx_word' id='word_1_353' title='bbox 389 2837 418 2892; x_wconf 92' lang='lat' dir='ltr'><strong>in</strong></span> <span class='ocrx_word' id='word_1_354' title='bbox 435 2838 609 2908; x_wconf 86' lang='lat' dir='ltr'><strong>possessione</strong></span> <span class='ocrx_word' id='word_1_355' title='bbox 627 2837 677 2891; x_wconf 90' lang='lat' dir='ltr'><strong>sit:</strong></span> <span class='ocrx_word' id='word_1_356' title='bbox 700 2836 735 2892; x_wconf 92' lang='lat' dir='ltr'><strong>de</strong></span> <span class='ocrx_word' id='word_1_357' title='bbox 753 2852 785 2892; x_wconf 93' lang='lat' dir='ltr'><strong>eo</strong></span> <span class='ocrx_word' id='word_1_358' title='bbox 804 2843 871 2907; x_wconf 88' lang='lat' dir='ltr'><strong>puto</strong></span> <span class='ocrx_word' id='word_1_359' title='bbox 889 2853 952 2893; x_wconf 88' lang='lat' dir='ltr'><strong>eum</strong></span> <span class='ocrx_word' id='word_1_360' title='bbox 975 2839 1045 2894; x_wconf 87' lang='lat' dir='ltr'><strong>uelle</strong></span> <span class='ocrx_word' id='word_1_361' title='bbox 1062 2839 1198 2908; x_wconf 81' lang='lat' dir='ltr'><strong>intellegi,</strong></span> <span class='ocrx_word' id='word_1_362' title='bbox 1221 2839 1267 2908; x_wconf 84' lang='lat' dir='ltr'><strong>qui</strong></span> <span class='ocrx_word' id='word_1_363' title='bbox 1284 2842 1348 2909; x_wconf 91' lang='lat' dir='ltr'><strong>post</strong></span> <span class='ocrx_word' id='word_1_364' title='bbox 1365 2843 1478 2894; x_wconf 88' lang='lat' dir='ltr'><strong>mortem</strong></span> 
     </span>
    </p>

    <p class='ocr_par' dir='ltr' id='par_1_16' title="bbox 7 2912 1478 2998">
     <span class='ocr_line' id='line_1_30' title="bbox 7 2912 1478 2998; baseline 0 -16"><span class='ocrx_word' id='word_1_365' title='bbox 7 2912 21 2984; x_wconf 69' lang='grc' dir='ltr'><em>ἓ</em></span> <span class='ocrx_word' id='word_1_366' title='bbox 99 2919 157 2982; x_wconf 74' lang='lat' dir='ltr'><strong>urm</strong></span> <span class='ocrx_word' id='word_1_367' title='bbox 169 2923 282 2996; x_wconf 85' lang='lat' dir='ltr'><strong>laniliae,</strong></span> <span class='ocrx_word' id='word_1_368' title='bbox 301 2926 348 2997; x_wconf 83' lang='lat' dir='ltr'><strong>qui</strong></span> <span class='ocrx_word' id='word_1_369' title='bbox 367 2941 397 2981; x_wconf 89' lang='lat' dir='ltr'><strong>se</strong></span> <span class='ocrx_word' id='word_1_370' title='bbox 416 2927 474 2982; x_wconf 90' lang='lat' dir='ltr'><strong>sine</strong></span> <span class='ocrx_word' id='word_1_371' title='bbox 492 2927 585 2982; x_wconf 89' lang='lat' dir='ltr'><strong>liberis</strong></span> <span class='ocrx_word' id='word_1_372' title='bbox 603 2925 736 2982; x_wconf 79' lang='lat' dir='ltr'><strong>desedere</strong></span> <span class='ocrx_word' id='word_1_373' title='bbox 754 2925 877 2997; x_wconf 87' lang='lat' dir='ltr'><strong>eredidit,</strong></span> <span class='ocrx_word' id='word_1_374' title='bbox 897 2925 1045 2984; x_wconf 85' lang='lat' dir='ltr'><strong>filiuseius</strong></span> <span class='ocrx_word' id='word_1_375' title='bbox 1063 2943 1124 2984; x_wconf 90' lang='lat' dir='ltr'><strong>esse</strong></span> <span class='ocrx_word' id='word_1_376' title='bbox 1142 2927 1197 2983; x_wconf 90' lang='lat' dir='ltr'><strong>diei</strong></span> <span class='ocrx_word' id='word_1_377' title='bbox 1209 2928 1311 2998; x_wconf 89' lang='lat' dir='ltr'><strong>eoepit:</strong></span> <span class='ocrx_word' id='word_1_378' title='bbox 1330 2943 1392 2982; x_wconf 86' lang='lat' dir='ltr'><strong>num</strong></span> <span class='ocrx_word' id='word_1_379' title='bbox 1411 2928 1478 2998; x_wconf 89' lang='lat' dir='ltr'><strong>eius,</strong></span> 
     </span>
    </p>

    <p class='ocr_par' dir='ltr' id='par_1_17' title="bbox 8 3005 1526 3088">
     <span class='ocr_line' id='line_1_31' title="bbox 8 3005 1526 3088; baseline -0.001 -17"><span class='ocrx_word' id='word_1_380' title='bbox 8 3025 13 3056; x_wconf 76' lang='lat'><strong>1</strong></span> <span class='ocrx_word' id='word_1_381' title='bbox 99 3005 247 3082; x_wconf 74' lang='lat' dir='ltr'><strong>lulsdgnitus</strong></span> <span class='ocrx_word' id='word_1_382' title='bbox 265 3022 309 3072; x_wconf 91' lang='lat' dir='ltr'><strong>est</strong></span> <span class='ocrx_word' id='word_1_383' title='bbox 326 3015 361 3072; x_wconf 86' lang='lat' dir='ltr'><strong>ab</strong></span> <span class='ocrx_word' id='word_1_384' title='bbox 380 3032 421 3087; x_wconf 90' lang='lat' dir='ltr'><strong>eo,</strong></span> <span class='ocrx_word' id='word_1_385' title='bbox 440 3015 476 3072; x_wconf 90' lang='lat' dir='ltr'><strong>de</strong></span> <span class='ocrx_word' id='word_1_386' title='bbox 493 3017 571 3072; x_wconf 88' lang='lat' dir='ltr'><strong>euius</strong></span> <span class='ocrx_word' id='word_1_387' title='bbox 587 3015 668 3071; x_wconf 88' lang='lat' dir='ltr'><strong>bonis</strong></span> <span class='ocrx_word' id='word_1_388' title='bbox 685 3017 832 3088; x_wconf 75' lang='lat' dir='ltr'><strong>qusedtur,</strong></span> <span class='ocrx_word' id='word_1_389' title='bbox 850 3016 991 3072; x_wconf 83' lang='lat' dir='ltr'><strong>iustioris</strong></span> <span class='ocrx_word' id='word_1_390' title='bbox 1009 3033 1043 3073; x_wconf 90' lang='lat' dir='ltr'><strong>ea</strong></span> <span class='ocrx_word' id='word_1_391' title='bbox 1059 3033 1089 3074; x_wconf 90' lang='lat' dir='ltr'><strong>re</strong></span> <span class='ocrx_word' id='word_1_392' title='bbox 1107 3033 1191 3073; x_wconf 86' lang='lat' dir='ltr'><strong>eausa</strong></span> <span class='ocrx_word' id='word_1_393' title='bbox 1202 3021 1246 3073; x_wconf 91' lang='lat' dir='ltr'><strong>est</strong></span> <span class='ocrx_word' id='word_1_394' title='bbox 1257 3032 1337 3088; x_wconf 86' lang='lat' dir='ltr'><strong>quam</strong></span> <span class='ocrx_word' id='word_1_395' title='bbox 1350 3017 1477 3088; x_wconf 89' lang='lat' dir='ltr'><strong>postumi.</strong></span> <span class='ocrx_word' id='word_1_396' title='bbox 1497 3029 1526 3069; x_wconf 89' lang='lat' dir='ltr'><strong>so</strong></span> 
     </span>
    </p>

    <p class='ocr_par' dir='ltr' id='par_1_18' title="bbox 1 3087 1523 3190">
     <span class='ocr_line' id='line_1_32' title="bbox 1 3087 1523 3190; baseline 0.009 -36"><span class='ocrx_word' id='word_1_397' title='bbox 1 3141 13 3149; x_wconf 35' lang='grc' dir='ltr'><strong><em>ψ</em></strong></span> <span class='ocrx_word' id='word_1_398' title='bbox 67 3087 90 3145; x_wconf 81' lang='lat'><strong>¹⁰</strong></span> <span class='ocrx_word' id='word_1_399' title='bbox 133 3096 279 3162; x_wconf 77' lang='lat' dir='ltr'><strong>lllltcntus</strong></span> <span class='ocrx_word' id='word_1_400' title='bbox 307 3105 376 3161; x_wconf 91' lang='lat' dir='ltr'><strong>libro</strong></span> <span class='ocrx_word' id='word_1_401' title='bbox 403 3105 520 3176; x_wconf 90' lang='lat' dir='ltr'><strong>septimo</strong></span> <span class='ocrx_word' id='word_1_402' title='bbox 546 3105 723 3175; x_wconf 83' lang='lat' dir='ltr'><strong>digestorum.</strong></span> <span class='ocrx_word' id='word_1_403' title='bbox 763 3105 832 3162; x_wconf 80' lang='lat' dir='ltr'><strong>Cum</strong></span> <span class='ocrx_word' id='word_1_404' title='bbox 858 3105 954 3162; x_wconf 88' lang='lat' dir='ltr'><strong>mulier</strong></span> <span class='ocrx_word' id='word_1_405' title='bbox 980 3105 1053 3162; x_wconf 89' lang='lat' dir='ltr'><strong>dele·</strong></span> <span class='ocrx_word' id='word_1_406' title='bbox 1077 3103 1477 3190; x_wconf 59' lang='lat' dir='ltr'><strong>[ui—pffiffiffi&#39;usld</strong></span> <span class='ocrx_word' id='word_1_407' title='bbox 1494 3113 1523 3168; x_wconf 83' lang='lat' dir='ltr'><em>E</em></span> 
     </span>
    </p>

    <p class='ocr_par' dir='ltr' id='par_1_19' title="bbox 8 3184 1477 3268">
     <span class='ocr_line' id='line_1_33' title="bbox 8 3184 1477 3268; baseline 0.006 -23"><span class='ocrx_word' id='word_1_408' title='bbox 8 3223 11 3232; x_wconf 68' lang='lat'><strong>,</strong></span> <span class='ocrx_word' id='word_1_409' title='bbox 98 3188 150 3240; x_wconf 73' lang='lat' dir='ltr'><strong>unte</strong></span> <span class='ocrx_word' id='word_1_410' title='bbox 166 3189 253 3250; x_wconf 86' lang='lat' dir='ltr'><strong>herede</strong></span> <span class='ocrx_word' id='word_1_411' title='bbox 276 3195 408 3251; x_wconf 83' lang='lat' dir='ltr'><strong>iurauerit</strong></span> <span class='ocrx_word' id='word_1_412' title='bbox 430 3211 460 3252; x_wconf 89' lang='lat' dir='ltr'><strong>se</strong></span> <span class='ocrx_word' id='word_1_413' title='bbox 477 3199 655 3266; x_wconf 79' lang='lat' dir='ltr'><strong>praegnatem</strong></span> <span class='ocrx_word' id='word_1_414' title='bbox 675 3209 749 3265; x_wconf 89' lang='lat' dir='ltr'><strong>esse,</strong></span> <span class='ocrx_word' id='word_1_415' title='bbox 771 3192 904 3251; x_wconf 90' lang='lat' dir='ltr'><strong>bonorum</strong></span> <span class='ocrx_word' id='word_1_416' title='bbox 921 3197 1059 3268; x_wconf 91' lang='lat' dir='ltr'><strong>possessio</strong></span> <span class='ocrx_word' id='word_1_417' title='bbox 1077 3184 1219 3254; x_wconf 56' lang='lat' dir='ltr'><strong>effidioto</strong></span> <span class='ocrx_word' id='word_1_418' title='bbox 1231 3197 1401 3254; x_wconf 82' lang='lat' dir='ltr'><strong>Carboniano</strong></span> <span class='ocrx_word' id='word_1_419' title='bbox 1418 3199 1477 3254; x_wconf 85' lang='lat' dir='ltr'><strong>duri</strong></span> 
     </span>
    </p>

    <p class='ocr_par' dir='ltr' id='par_1_20' title="bbox 7 3264 1479 3394">
     <span class='ocr_line' id='line_1_34' title="bbox 7 3264 1479 3394; baseline 0.005 -58"><span class='ocrx_word' id='word_1_420' title='bbox 7 3303 23 3394; x_wconf 46' lang='lat' dir='ltr'><strong>t}</strong></span> <span class='ocrx_word' id='word_1_421' title='bbox 97 3264 158 3347; x_wconf 63' lang='lat' dir='ltr'><strong>debet,</strong></span> <span class='ocrx_word' id='word_1_422' title='bbox 172 3283 208 3338; x_wconf 92' lang='lat' dir='ltr'><strong>uel</strong></span> <span class='ocrx_word' id='word_1_423' title='bbox 224 3283 363 3357; x_wconf 84' lang='lat' dir='ltr'><strong>denegari,</strong></span> <span class='ocrx_word' id='word_1_424' title='bbox 381 3285 406 3340; x_wconf 95' lang='lat' dir='ltr'><strong>si</strong></span> <span class='ocrx_word' id='word_1_425' title='bbox 423 3285 469 3341; x_wconf 87' lang='lat' dir='ltr'><strong>illa</strong></span> <span class='ocrx_word' id='word_1_426' title='bbox 486 3283 581 3340; x_wconf 88' lang='lat' dir='ltr'><strong>heredi</strong></span> <span class='ocrx_word' id='word_1_427' title='bbox 598 3283 697 3340; x_wconf 88' lang='lat' dir='ltr'><strong>detulit</strong></span> <span class='ocrx_word' id='word_1_428' title='bbox 713 3283 909 3356; x_wconf 85' lang='lat' dir='ltr'><strong>iusiurandum,</strong></span> <span class='ocrx_word' id='word_1_429' title='bbox 928 3300 990 3341; x_wconf 90' lang='lat' dir='ltr'><strong>oum</strong></span> <span class='ocrx_word' id='word_1_430' title='bbox 1003 3301 1087 3342; x_wconf 87' lang='lat' dir='ltr'><strong>eausa</strong></span> <span class='ocrx_word' id='word_1_431' title='bbox 1099 3287 1299 3357; x_wconf 81' lang='lat' dir='ltr'><strong>eognitadetur</strong></span> <span class='ocrx_word' id='word_1_432' title='bbox 1315 3289 1479 3358; x_wconf 66' lang='lat' dir='ltr'><strong>possessioi,</strong></span> 
     </span>
    </p>
   </div>
   <div class='ocr_carea' id='block_1_3' title="bbox 6 3381 253 3470">
    <p class='ocr_par' dir='ltr' id='par_1_21' title="bbox 6 3381 253 3470">
     <span class='ocr_line' id='line_1_35' title="bbox 6 3381 253 3470; baseline 0.02 -20"><span class='ocrx_word' id='word_1_433' title='bbox 6 3399 21 3414; x_wconf 70' lang='lat'><em>„</em></span> <span class='ocrx_word' id='word_1_434' title='bbox 96 3381 253 3470; x_wconf 66' lang='lat' dir='ltr'><strong>littores)</strong></span> 
     </span>
    </p>
   </div>
   <div class='ocr_carea' id='block_1_4' title="bbox 1 3539 1480 4353">
    <p class='ocr_par' dir='ltr' id='par_1_22' title="bbox 1 3539 1480 4353">
     <span class='ocr_line' id='line_1_36' title="bbox 1 3539 1480 3637; baseline 0.003 -23"><span class='ocrx_word' id='word_1_435' title='bbox 1 3557 14 3632; x_wconf 68' lang='lat' dir='ltr'><em>J</em></span> <span class='ocrx_word' id='word_1_436' title='bbox 95 3539 165 3630; x_wconf 42' lang='lat' dir='ltr'><strong>[illis]</strong></span> <span class='ocrx_word' id='word_1_437' title='bbox 185 3562 245 3616; x_wconf 83' lang='lat' dir='ltr'><strong>idem</strong></span> <span class='ocrx_word' id='word_1_438' title='bbox 265 3561 360 3617; x_wconf 81' lang='lat' dir='ltr'><strong>Graeci</strong></span> <span class='ocrx_word' id='word_1_439' title='bbox 378 3558 478 3624; x_wconf 72' lang='lat' dir='ltr'><strong>(tuellis</strong></span> <span class='ocrx_word' id='word_1_440' title='bbox 496 3559 608 3626; x_wconf 68' lang='lat' dir='ltr'><strong>Anasi:</strong></span> <span class='ocrx_word' id='word_1_441' title='bbox 632 3561 783 3632; x_wconf 84' lang='lat' dir='ltr'><strong>quamdiu?</strong></span> <span class='ocrx_word' id='word_1_442' title='bbox 865 3561 967 3632; x_wconf 79' lang='lat' dir='ltr'><strong>¹quod</strong></span> <span class='ocrx_word' id='word_1_443' title='bbox 991 3564 1038 3617; x_wconf 74' lang='lat' dir='ltr'><strong>del.</strong></span> <span class='ocrx_word' id='word_1_444' title='bbox 1060 3566 1100 3616; x_wconf 80' lang='lat' dir='ltr'><strong>uel</strong></span> <span class='ocrx_word' id='word_1_445' title='bbox 1117 3570 1163 3617; x_wconf 85' lang='lat' dir='ltr'><strong>tm.</strong></span> <span class='ocrx_word' id='word_1_446' title='bbox 1201 3563 1321 3618; x_wconf 85' lang='lat' dir='ltr'><strong>useritur</strong></span> <span class='ocrx_word' id='word_1_447' title='bbox 1401 3563 1412 3598; x_wconf 81' lang='lat'><strong>¹</strong></span> <span class='ocrx_word' id='word_1_448' title='bbox 1421 3566 1480 3637; x_wconf 77' lang='lat' dir='ltr'><strong>sssil</strong></span> 
     </span>
     <span class='ocr_line' id='line_1_37' title="bbox 13 3577 1479 3710; baseline 0.001 -20.992"><span class='ocrx_word' id='word_1_449' title='bbox 13 3659 14 3662; x_wconf 37' lang='lat'>¹</span> <span class='ocrx_word' id='word_1_450' title='bbox 91 3626 182 3710; x_wconf 60' lang='lat' dir='ltr'><strong>“isoes</strong></span> <span class='ocrx_word' id='word_1_451' title='bbox 200 3648 262 3688; x_wconf 86' lang='lat' dir='ltr'><strong>eum</strong></span> <span class='ocrx_word' id='word_1_452' title='bbox 286 3632 382 3687; x_wconf 89' lang='lat' dir='ltr'><strong>mulier</strong></span> <span class='ocrx_word' id='word_1_453' title='bbox 406 3629 545 3686; x_wconf 82' lang='lat' dir='ltr'><strong>deferente</strong></span> <span class='ocrx_word' id='word_1_454' title='bbox 569 3631 669 3687; x_wconf 90' lang='lat' dir='ltr'><strong>herede</strong></span> <span class='ocrx_word' id='word_1_455' title='bbox 694 3632 823 3688; x_wconf 87' lang='lat' dir='ltr'><strong>iurauerit</strong></span> <span class='ocrx_word' id='word_1_456' title='bbox 846 3648 876 3688; x_wconf 92' lang='lat' dir='ltr'><strong>se</strong></span> <span class='ocrx_word' id='word_1_457' title='bbox 899 3639 1076 3704; x_wconf 80' lang='lat' dir='ltr'><strong>praegnatem</strong></span> <span class='ocrx_word' id='word_1_458' title='bbox 1094 3577 1322 3704; x_wconf 31' lang='lat' dir='ltr'><strong>anomianorum</strong></span> <span class='ocrx_word' id='word_1_459' title='bbox 1341 3635 1479 3703; x_wconf 89' lang='lat' dir='ltr'><strong>possessio</strong></span> 
     </span>
     <span class='ocr_line' id='line_1_38' title="bbox 90 3693 1480 3776; baseline 0.006 -22"><span class='ocrx_word' id='word_1_460' title='bbox 90 3693 166 3754; x_wconf 61' lang='lat' dir='ltr'><strong>“iubis</strong></span> <span class='ocrx_word' id='word_1_461' title='bbox 180 3705 284 3760; x_wconf 91' lang='lat' dir='ltr'><strong>numine</strong></span> <span class='ocrx_word' id='word_1_462' title='bbox 303 3703 361 3758; x_wconf 83' lang='lat' dir='ltr'><strong>dori</strong></span> <span class='ocrx_word' id='word_1_463' title='bbox 380 3701 476 3770; x_wconf 91' lang='lat' dir='ltr'><strong>debet,</strong></span> <span class='ocrx_word' id='word_1_464' title='bbox 494 3703 538 3758; x_wconf 89' lang='lat' dir='ltr'><strong>uel</strong></span> <span class='ocrx_word' id='word_1_465' title='bbox 557 3703 700 3771; x_wconf 82' lang='lat' dir='ltr'><strong>denegari,</strong></span> <span class='ocrx_word' id='word_1_466' title='bbox 720 3705 743 3774; x_wconf 83' lang='lat' dir='ltr'><strong>si</strong></span> <span class='ocrx_word' id='word_1_467' title='bbox 761 3705 807 3758; x_wconf 86' lang='lat' dir='ltr'><strong>illa</strong></span> <span class='ocrx_word' id='word_1_468' title='bbox 823 3703 917 3760; x_wconf 86' lang='lat' dir='ltr'><strong>heredi</strong></span> <span class='ocrx_word' id='word_1_469' title='bbox 936 3704 1033 3760; x_wconf 89' lang='lat' dir='ltr'><strong>detulit</strong></span> <span class='ocrx_word' id='word_1_470' title='bbox 1050 3705 1250 3761; x_wconf 85' lang='lat' dir='ltr'><strong>iusiurandum:</strong></span> <span class='ocrx_word' id='word_1_471' title='bbox 1273 3705 1365 3776; x_wconf 85' lang='lat' dir='ltr'><strong>partui</strong></span> <span class='ocrx_word' id='word_1_472' title='bbox 1387 3710 1480 3762; x_wconf 82' lang='lat' dir='ltr'><strong>tamen</strong></span> 
     </span>
     <span class='ocr_line' id='line_1_39' title="bbox 10 3763 1479 3898; baseline 0.002 -68"><span class='ocrx_word' id='word_1_473' title='bbox 10 3835 12 3842; x_wconf 62' lang='grc'>,</span> <span class='ocrx_word' id='word_1_474' title='bbox 81 3763 200 3898; x_wconf 49' lang='lat' dir='ltr'><strong>Qus</strong></span> <span class='ocrx_word' id='word_1_475' title='bbox 221 3791 273 3831; x_wconf 89' lang='lat' dir='ltr'><strong>neo</strong></span> <span class='ocrx_word' id='word_1_476' title='bbox 291 3775 401 3830; x_wconf 88' lang='lat' dir='ltr'><strong>dabitur</strong></span> <span class='ocrx_word' id='word_1_477' title='bbox 423 3789 475 3830; x_wconf 88' lang='lat' dir='ltr'><strong>nee</strong></span> <span class='ocrx_word' id='word_1_478' title='bbox 497 3774 677 3844; x_wconf 82' lang='lat' dir='ltr'><strong>denegabitur</strong></span> <span class='ocrx_word' id='word_1_479' title='bbox 701 3790 735 3830; x_wconf 89' lang='lat' dir='ltr'><strong>ex</strong></span> <span class='ocrx_word' id='word_1_480' title='bbox 753 3776 842 3832; x_wconf 85' lang='lat' dir='ltr'><strong>edicto</strong></span> <span class='ocrx_word' id='word_1_481' title='bbox 861 3775 1045 3848; x_wconf 83' lang='lat' dir='ltr'><strong>Carboniano,</strong></span> <span class='ocrx_word' id='word_1_482' title='bbox 1070 3793 1131 3832; x_wconf 89' lang='lat' dir='ltr'><strong>oum</strong></span> <span class='ocrx_word' id='word_1_483' title='bbox 1155 3793 1238 3833; x_wconf 83' lang='lat' dir='ltr'><strong>eausa</strong></span> <span class='ocrx_word' id='word_1_484' title='bbox 1260 3777 1370 3846; x_wconf 81' lang='lat' dir='ltr'><strong>cognita</strong></span> <span class='ocrx_word' id='word_1_485' title='bbox 1392 3777 1479 3848; x_wconf 88' lang='lat' dir='ltr'><strong>detur,</strong></span> 
     </span>
     <span class='ocr_line' id='line_1_40' title="bbox 10 3857 273 3902; baseline 0.004 -2"><span class='ocrx_word' id='word_1_486' title='bbox 10 3873 12 3880; x_wconf 95' lang='lat'>·</span> <span class='ocrx_word' id='word_1_487' title='bbox 170 3861 192 3902; x_wconf 76' lang='grc' dir='ltr'><strong>ιο</strong></span> <span class='ocrx_word' id='word_1_488' title='bbox 218 3869 243 3902; x_wconf 88' lang='lat' dir='ltr'><strong>u.</strong></span> <span class='ocrx_word' id='word_1_489' title='bbox 256 3857 273 3902; x_wconf 88' lang='lat' dir='ltr'><strong>i.</strong></span> 
     </span>
     <span class='ocr_line' id='line_1_41' title="bbox 10 3851 285 3914; baseline 0.029 -8"><span class='ocrx_word' id='word_1_490' title='bbox 10 3901 11 3906; x_wconf 73' lang='grc'>,</span> <span class='ocrx_word' id='word_1_491' title='bbox 208 3851 218 3914; x_wconf 90' lang='grc'>(</span> <span class='ocrx_word' id='word_1_492' title='bbox 274 3852 285 3913; x_wconf 87' lang='grc'><strong>)</strong></span> 
     </span>
     <span class='ocr_line' id='line_1_42' title="bbox 73 3969 1478 4088; baseline 0 -31"><span class='ocrx_word' id='word_1_493' title='bbox 73 3969 255 4088; x_wconf 49' lang='grc' dir='ltr'><strong>τῃθθίιωοιιίί]</strong></span> <span class='ocrx_word' id='word_1_494' title='bbox 267 3999 433 4052; x_wconf 84' lang='lat' dir='ltr'><strong>testamento</strong></span> <span class='ocrx_word' id='word_1_495' title='bbox 448 3997 480 4051; x_wconf 83' lang='lat' dir='ltr'><strong>F:</strong></span> <span class='ocrx_word' id='word_1_496' title='bbox 498 3997 554 4069; x_wconf 78' lang='lat' dir='ltr'><strong>trapi</strong></span> <span class='ocrx_word' id='word_1_497' title='bbox 567 3997 622 4052; x_wconf 76' lang='grc' dir='ltr'><strong>τῶκ</strong></span> <span class='ocrx_word' id='word_1_498' title='bbox 635 3998 741 4052; x_wconf 76' lang='lat' dir='ltr'><strong>trustem</strong></span> <span class='ocrx_word' id='word_1_499' title='bbox 795 4017 849 4055; x_wconf 81' lang='lat' dir='ltr'><strong>essa</strong></span> <span class='ocrx_word' id='word_1_500' title='bbox 866 4019 941 4072; x_wconf 82' lang='lat' dir='ltr'><strong>quum</strong></span> <span class='ocrx_word' id='word_1_501' title='bbox 956 4007 1081 4072; x_wconf 81' lang='lat' dir='ltr'><strong>postumi,</strong></span> <span class='ocrx_word' id='word_1_502' title='bbox 1099 4007 1170 4056; x_wconf 72' lang='lat' dir='ltr'><strong>seira</strong></span> <span class='ocrx_word' id='word_1_503' title='bbox 1188 4001 1301 4056; x_wconf 75' lang='lat' dir='ltr'><strong>ordinem</strong></span> <span class='ocrx_word' id='word_1_504' title='bbox 1318 4007 1401 4055; x_wconf 82' lang='lat' dir='ltr'><strong>aulam</strong></span> <span class='ocrx_word' id='word_1_505' title='bbox 1418 4001 1478 4057; x_wconf 81' lang='lat' dir='ltr'><strong>sud-</strong></span> 
     </span>
     <span class='ocr_line' id='line_1_43' title="bbox 1 4061 1480 4160; baseline 0.009 -44"><span class='ocrx_word' id='word_1_506' title='bbox 1 4137 2 4140; x_wconf 66' lang='lat'><strong>,</strong></span> <span class='ocrx_word' id='word_1_507' title='bbox 71 4061 120 4160; x_wconf 55' lang='lat' dir='ltr'><strong>7¹st</strong></span> <span class='ocrx_word' id='word_1_508' title='bbox 133 4069 244 4124; x_wconf 77' lang='lat' dir='ltr'><strong>tulisse</strong></span> <span class='ocrx_word' id='word_1_509' title='bbox 262 4069 311 4123; x_wconf 84' lang='lat' dir='ltr'><strong>RS</strong></span> <span class='ocrx_word' id='word_1_510' title='bbox 329 4068 463 4133; x_wconf 83' lang='lat' dir='ltr'><strong>(Doralls.)</strong></span> <span class='ocrx_word' id='word_1_511' title='bbox 511 4069 570 4124; x_wconf 77' lang='lat' dir='ltr'><strong>isi</strong></span> <span class='ocrx_word' id='word_1_512' title='bbox 587 4068 742 4125; x_wconf 77' lang='lat' dir='ltr'><strong>uull&#39;o&#39;aF‘</strong></span> <span class='ocrx_word' id='word_1_513' title='bbox 795 4073 942 4126; x_wconf 79' lang='lat' dir='ltr'><strong>ueniendum</strong></span> <span class='ocrx_word' id='word_1_514' title='bbox 954 4080 978 4126; x_wconf 85' lang='lat' dir='ltr'><strong>si</strong></span> <span class='ocrx_word' id='word_1_515' title='bbox 988 4074 1044 4136; x_wconf 88' lang='lat' dir='ltr'><strong>sali,</strong></span> <span class='ocrx_word' id='word_1_516' title='bbox 1063 4080 1108 4144; x_wconf 80' lang='lat' dir='ltr'><strong>qui</strong></span> <span class='ocrx_word' id='word_1_517' title='bbox 1116 4080 1175 4144; x_wconf 83' lang='lat' dir='ltr'><strong>pasl</strong></span> <span class='ocrx_word' id='word_1_518' title='bbox 1186 4079 1290 4126; x_wconf 85' lang='lat' dir='ltr'><strong>morlem</strong></span> <span class='ocrx_word' id='word_1_519' title='bbox 1302 4072 1400 4126; x_wconf 86' lang='lat' dir='ltr'><strong>demum</strong></span> <span class='ocrx_word' id='word_1_520' title='bbox 1403 4076 1480 4145; x_wconf 79' lang='lat' dir='ltr'><strong>filius</strong></span> 
     </span>
     <span class='ocr_line' id='line_1_44' title="bbox 1 4139 1479 4230; baseline 0.003 -37"><span class='ocrx_word' id='word_1_521' title='bbox 1 4143 3 4186; x_wconf 79' lang='lat' dir='ltr'><strong>l</strong></span> <span class='ocrx_word' id='word_1_522' title='bbox 66 4139 300 4230; x_wconf 50' lang='lat' dir='ltr'><strong>5²⁰ltdituri‘s&#39;bue</strong></span> <span class='ocrx_word' id='word_1_523' title='bbox 313 4140 338 4193; x_wconf 84' lang='lat' dir='ltr'><em>F</em></span> <span class='ocrx_word' id='word_1_524' title='bbox 339 4139 350 4172; x_wconf 75' lang='lat'><em>⁶</em></span> <span class='ocrx_word' id='word_1_525' title='bbox 409 4139 442 4193; x_wconf 85' lang='lat'><strong>13</strong></span> <span class='ocrx_word' id='word_1_526' title='bbox 459 4145 524 4210; x_wconf 88' lang='lat' dir='ltr'><strong>post</strong></span> <span class='ocrx_word' id='word_1_527' title='bbox 535 4141 742 4210; x_wconf 71' lang='lat' dir='ltr'><strong>*interpositum</strong></span> <span class='ocrx_word' id='word_1_528' title='bbox 796 4143 849 4198; x_wconf 81' lang='lat' dir='ltr'><strong>diei</strong></span> <span class='ocrx_word' id='word_1_529' title='bbox 861 4149 956 4214; x_wconf 86' lang='lat' dir='ltr'><strong>aoepil:</strong></span> <span class='ocrx_word' id='word_1_530' title='bbox 968 4143 1034 4197; x_wconf 80' lang='lat' dir='ltr'><strong>unde</strong></span> <span class='ocrx_word' id='word_1_531' title='bbox 1046 4143 1093 4198; x_wconf 79' lang='lat' dir='ltr'><strong>doe</strong></span> <span class='ocrx_word' id='word_1_532' title='bbox 1105 4146 1241 4215; x_wconf 74' lang='lat' dir='ltr'><strong>efficimus</strong></span> <span class='ocrx_word' id='word_1_533' title='bbox 1253 4149 1318 4198; x_wconf 81' lang='lat' dir='ltr'><strong>aeris</strong></span> <span class='ocrx_word' id='word_1_534' title='bbox 1327 4143 1479 4210; x_wconf 80' lang='lat' dir='ltr'><strong>Labeonem,</strong></span> 
     </span>
     <span class='ocr_line' id='line_1_45' title="bbox 1 4210 1479 4304; baseline 0.003 -39"><span class='ocrx_word' id='word_1_535' title='bbox 1 4214 3 4246; x_wconf 56' lang='grc' dir='ltr'>ἶ</span> <span class='ocrx_word' id='word_1_536' title='bbox 67 4251 83 4304; x_wconf 68' lang='lat' dir='ltr'><strong>l</strong></span> <span class='ocrx_word' id='word_1_537' title='bbox 152 4213 182 4266; x_wconf 82' lang='lat'><strong>14</strong></span> <span class='ocrx_word' id='word_1_538' title='bbox 196 4211 288 4280; x_wconf 79' lang='lat' dir='ltr'><strong>simul]</strong></span> <span class='ocrx_word' id='word_1_539' title='bbox 313 4210 384 4266; x_wconf 80' lang='lat' dir='ltr'><strong>simil</strong></span> <span class='ocrx_word' id='word_1_540' title='bbox 402 4210 438 4263; x_wconf 61' lang='lat' dir='ltr'><strong>ii</strong></span> <span class='ocrx_word' id='word_1_541' title='bbox 492 4212 526 4266; x_wconf 84' lang='lat'><strong>15</strong></span> <span class='ocrx_word' id='word_1_542' title='bbox 543 4211 689 4268; x_wconf 80' lang='lat' dir='ltr'><strong>here&#39;s&#39;des</strong></span> <span class='ocrx_word' id='word_1_543' title='bbox 707 4213 743 4266; x_wconf 60' lang='lat' dir='ltr'><strong>Fi</strong></span> <span class='ocrx_word' id='word_1_544' title='bbox 787 4216 906 4287; x_wconf 85' lang='lat' dir='ltr'><strong>sortasse</strong></span> <span class='ocrx_word' id='word_1_545' title='bbox 928 4221 1003 4269; x_wconf 85' lang='lat' dir='ltr'><strong>sliam</strong></span> <span class='ocrx_word' id='word_1_546' title='bbox 1020 4213 1159 4268; x_wconf 80' lang='lat' dir='ltr'><strong>Neratium</strong></span> <span class='ocrx_word' id='word_1_547' title='bbox 1182 4231 1231 4266; x_wconf 83' lang='lat' dir='ltr'><strong>non</strong></span> <span class='ocrx_word' id='word_1_548' title='bbox 1254 4223 1354 4269; x_wconf 84' lang='lat' dir='ltr'><strong>nouisse</strong></span> <span class='ocrx_word' id='word_1_549' title='bbox 1372 4217 1479 4272; x_wconf 83' lang='lat' dir='ltr'><strong>sdiclum</strong></span> 
     </span>
     <span class='ocr_line' id='line_1_46' title="bbox 85 4259 1477 4353; baseline 0.005 -21"><span class='ocrx_word' id='word_1_550' title='bbox 85 4259 229 4340; x_wconf 54' lang='lat' dir='ltr'><strong>Grillius</strong></span> <span class='ocrx_word' id='word_1_551' title='bbox 254 4297 310 4338; x_wconf 85' lang='lat' dir='ltr'><strong>non</strong></span> <span class='ocrx_word' id='word_1_552' title='bbox 332 4281 417 4352; x_wconf 74' lang='lat' dir='ltr'><strong>esset]</strong></span> <span class='ocrx_word' id='word_1_553' title='bbox 440 4281 462 4335; x_wconf 78' lang='lat' dir='ltr'><strong>ei</strong></span> <span class='ocrx_word' id='word_1_554' title='bbox 479 4281 514 4336; x_wconf 75' lang='lat' dir='ltr'><strong>usi</strong></span> <span class='ocrx_word' id='word_1_555' title='bbox 535 4280 565 4336; x_wconf 76' lang='lat' dir='ltr'><strong>riu</strong></span> <span class='ocrx_word' id='word_1_556' title='bbox 586 4283 601 4336; x_wconf 86' lang='grc' dir='ltr'>ὸ</span> <span class='ocrx_word' id='word_1_557' title='bbox 620 4283 677 4346; x_wconf 74' lang='lat' dir='ltr'><strong>ride</strong></span> <span class='ocrx_word' id='word_1_558' title='bbox 695 4283 743 4337; x_wconf 79' lang='lat' dir='ltr'><strong>RS</strong></span> <span class='ocrx_word' id='word_1_559' title='bbox 798 4285 987 4340; x_wconf 79' lang='lat' dir='ltr'><strong>Carbonianum</strong></span> <span class='ocrx_word' id='word_1_560' title='bbox 1022 4285 1058 4339; x_wconf 85' lang='grc'><strong>30</strong></span> <span class='ocrx_word' id='word_1_561' title='bbox 1067 4283 1220 4353; x_wconf 80' lang='lat' dir='ltr'><strong>ud&#39;i&#39;gnitus</strong></span> <span class='ocrx_word' id='word_1_562' title='bbox 1230 4283 1266 4338; x_wconf 69' lang='lat' dir='ltr'><strong>F*</strong></span> <span class='ocrx_word' id='word_1_563' title='bbox 1281 4286 1286 4352; x_wconf 91' lang='grc' dir='ltr'>Ι</span> <span class='ocrx_word' id='word_1_564' title='bbox 1302 4285 1416 4341; x_wconf 61' lang='lat' dir='ltr'><strong>iustior</strong></span> <span class='ocrx_word' id='word_1_565' title='bbox 1425 4285 1477 4352; x_wconf 59' lang='grc' dir='ltr'><strong>ΡΙ</strong></span> 
     </span>
    </p>
   </div>
   <div class='ocr_carea' id='block_1_5' title="bbox 65 4323 1480 4590">
    <p class='ocr_par' dir='ltr' id='par_1_23' title="bbox 65 4323 1480 4590">
     <span class='ocr_line' id='line_1_47' title="bbox 65 4323 1478 4426; baseline 0.004 -19"><span class='ocrx_word' id='word_1_566' title='bbox 65 4323 202 4426; x_wconf 64' lang='lat' dir='ltr'><strong>(Domi),</strong></span> <span class='ocrx_word' id='word_1_567' title='bbox 227 4355 250 4409; x_wconf 79' lang='lat' dir='ltr'><strong>sl</strong></span> <span class='ocrx_word' id='word_1_568' title='bbox 272 4354 307 4407; x_wconf 81' lang='lat' dir='ltr'><strong>uis</strong></span> <span class='ocrx_word' id='word_1_569' title='bbox 331 4353 400 4409; x_wconf 69' lang='lat' dir='ltr'><strong>ternu</strong></span> <span class='ocrx_word' id='word_1_570' title='bbox 423 4353 480 4417; x_wconf 69' lang='lat' dir='ltr'><strong>uide</strong></span> <span class='ocrx_word' id='word_1_571' title='bbox 498 4355 525 4410; x_wconf 88' lang='lat' dir='ltr'><em>B</em></span> <span class='ocrx_word' id='word_1_572' title='bbox 542 4355 652 4422; x_wconf 80' lang='lat' dir='ltr'><strong>(Anas.)</strong></span> <span class='ocrx_word' id='word_1_573' title='bbox 672 4355 677 4422; x_wconf 85' lang='grc' dir='ltr'>Ι</span> <span class='ocrx_word' id='word_1_574' title='bbox 697 4354 743 4409; x_wconf 93' lang='lat' dir='ltr'><strong>uel</strong></span> <span class='ocrx_word' id='word_1_575' title='bbox 794 4354 921 4410; x_wconf 87' lang='lat' dir='ltr'><strong>eausa‘m&#39;</strong></span> <span class='ocrx_word' id='word_1_576' title='bbox 933 4356 957 4408; x_wconf 85' lang='lat' dir='ltr'><strong><em>F</em></strong></span> <span class='ocrx_word' id='word_1_577' title='bbox 960 4353 971 4387; x_wconf 71' lang='lat'>⁴</span> <span class='ocrx_word' id='word_1_578' title='bbox 1019 4355 1478 4426; x_wconf 55' lang='lat' dir='ltr'><strong>31naroollusimspsesuisrm-</strong></span> 
     </span>
     <span class='ocr_line' id='line_1_48' title="bbox 65 4411 1478 4534; baseline 0.001 -53"><span class='ocrx_word' id='word_1_579' title='bbox 65 4411 178 4534; x_wconf 53' lang='lat'><strong>{31⁴¹</strong></span> <span class='ocrx_word' id='word_1_580' title='bbox 204 4427 239 4482; x_wconf 83' lang='lat'><strong>19</strong></span> <span class='ocrx_word' id='word_1_581' title='bbox 262 4431 370 4510; x_wconf 46' lang='lat' dir='ltr'><strong>quarto·</strong></span> <span class='ocrx_word' id='word_1_582' title='bbox 385 4445 432 4479; x_wconf 89' lang='lat' dir='ltr'><strong>om.</strong></span> <span class='ocrx_word' id='word_1_583' title='bbox 448 4427 485 4478; x_wconf 83' lang='lat' dir='ltr'><strong>F·</strong></span> <span class='ocrx_word' id='word_1_584' title='bbox 536 4427 572 4481; x_wconf 76' lang='lat'><strong>20</strong></span> <span class='ocrx_word' id='word_1_585' title='bbox 595 4425 741 4510; x_wconf 32' lang='lat' dir='ltr'><strong>etuomst</strong></span> <span class='ocrx_word' id='word_1_586' title='bbox 795 4447 842 4499; x_wconf 84' lang='lat' dir='ltr'><strong>qua</strong></span> <span class='ocrx_word' id='word_1_587' title='bbox 864 4427 910 4512; x_wconf 68' lang='lat' dir='ltr'><strong>aab</strong></span> <span class='ocrx_word' id='word_1_588' title='bbox 928 4433 982 4481; x_wconf 84' lang='lat' dir='ltr'><strong>eius</strong></span> <span class='ocrx_word' id='word_1_589' title='bbox 999 4435 1098 4480; x_wconf 80' lang='lat' dir='ltr'><strong>nomime</strong></span> <span class='ocrx_word' id='word_1_590' title='bbox 1120 4426 1243 4512; x_wconf 77' lang='lat' dir='ltr'><strong>Ulpianus</strong></span> <span class='ocrx_word' id='word_1_591' title='bbox 1258 4429 1296 4520; x_wconf 58' lang='lat' dir='ltr'><strong>D:</strong></span> <span class='ocrx_word' id='word_1_592' title='bbox 1308 4429 1354 4494; x_wconf 87' lang='lat'><strong>12,</strong></span> <span class='ocrx_word' id='word_1_593' title='bbox 1367 4429 1398 4494; x_wconf 89' lang='lat'><strong>2,</strong></span> <span class='ocrx_word' id='word_1_594' title='bbox 1411 4428 1441 4493; x_wconf 88' lang='lat'><strong>3,</strong></span> <span class='ocrx_word' id='word_1_595' title='bbox 1453 4428 1478 4494; x_wconf 87' lang='lat'><strong>3,</strong></span> 
     </span>
     <span class='ocr_line' id='line_1_49' title="bbox 67 4485 1480 4590; baseline 0.005 -42"><span class='ocrx_word' id='word_1_596' title='bbox 67 4485 161 4590; x_wconf 55' lang='lat' dir='ltr'><strong>mmm</strong></span> <span class='ocrx_word' id='word_1_597' title='bbox 170 4497 317 4568; x_wconf 78' lang='lat' dir='ltr'><strong>impubere]</strong></span> <span class='ocrx_word' id='word_1_598' title='bbox 333 4495 521 4566; x_wconf 83' lang='lat' dir='ltr'><strong>fiuunpuusre</strong></span> <span class='ocrx_word' id='word_1_599' title='bbox 533 4499 569 4552; x_wconf 62' lang='grc' dir='ltr'><strong>Γ*</strong></span> <span class='ocrx_word' id='word_1_600' title='bbox 587 4498 591 4565; x_wconf 93' lang='grc' dir='ltr'>Ι</span> <span class='ocrx_word' id='word_1_601' title='bbox 607 4503 642 4552; x_wconf 71' lang='lat' dir='ltr'><strong>eu</strong></span> <span class='ocrx_word' id='word_1_602' title='bbox 653 4505 742 4552; x_wconf 80' lang='lat' dir='ltr'><strong>su⁴um</strong></span> <span class='ocrx_word' id='word_1_603' title='bbox 795 4513 948 4554; x_wconf 78' lang='lat' dir='ltr'><strong>martianus</strong></span> <span class='ocrx_word' id='word_1_604' title='bbox 960 4497 1000 4565; x_wconf 79' lang='lat' dir='ltr'><strong>Fi</strong></span> <span class='ocrx_word' id='word_1_605' title='bbox 1016 4513 1078 4553; x_wconf 88' lang='lat' dir='ltr'><strong>oum</strong></span> <span class='ocrx_word' id='word_1_606' title='bbox 1096 4499 1192 4553; x_wconf 81' lang='lat' dir='ltr'><strong>mulier</strong></span> <span class='ocrx_word' id='word_1_607' title='bbox 1207 4499 1267 4572; x_wconf 59' lang='grc' dir='ltr'><strong>πᾳ]</strong></span> <span class='ocrx_word' id='word_1_608' title='bbox 1286 4501 1352 4554; x_wconf 68' lang='lat' dir='ltr'><strong>idem</strong></span> <span class='ocrx_word' id='word_1_609' title='bbox 1368 4503 1480 4572; x_wconf 72' lang='lat' dir='ltr'><strong>lepemnl</strong></span> 
     </span>
    </p>
   </div>
   <div class='ocr_carea' id='block_1_6' title="bbox 1 4569 1478 5144">
    <p class='ocr_par' dir='ltr' id='par_1_24' title="bbox 1 4569 1478 5144">
     <span class='ocr_line' id='line_1_50' title="bbox 1 4569 183 4624; baseline 0 0"><span class='ocrx_word' id='word_1_610' title='bbox 1 4571 2 4598; x_wconf 64' lang='lat'>¹</span> <span class='ocrx_word' id='word_1_611' title='bbox 152 4569 183 4624; x_wconf 76' lang='lat'><strong>24</strong></span> 
     </span>
     <span class='ocr_line' id='line_1_51' title="bbox 1 4608 1478 4716; baseline 0.004 -24"><span class='ocrx_word' id='word_1_612' title='bbox 1 4617 3 4656; x_wconf 32' lang='grc' dir='ltr'><strong><em>ξ</em></strong></span> <span class='ocrx_word' id='word_1_613' title='bbox 69 4608 222 4716; x_wconf 33' lang='lat' dir='ltr'><strong>²{bullitum</strong></span> <span class='ocrx_word' id='word_1_614' title='bbox 235 4641 272 4696; x_wconf 68' lang='grc' dir='ltr'><strong>Ρ</strong></span> <span class='ocrx_word' id='word_1_615' title='bbox 326 4642 360 4696; x_wconf 81' lang='grc'><strong>26</strong></span> <span class='ocrx_word' id='word_1_616' title='bbox 383 4639 531 4710; x_wconf 69' lang='lat' dir='ltr'><strong>qu0*d⁴1⁴&#39;²</strong></span> <span class='ocrx_word' id='word_1_617' title='bbox 586 4641 621 4696; x_wconf 78' lang='lat'><strong>28</strong></span> <span class='ocrx_word' id='word_1_618' title='bbox 639 4640 742 4696; x_wconf 89' lang='lat' dir='ltr'><strong>intelle·</strong></span> <span class='ocrx_word' id='word_1_619' title='bbox 794 4643 893 4696; x_wconf 86' lang='lat' dir='ltr'><strong>reddil:</strong></span> <span class='ocrx_word' id='word_1_620' title='bbox 917 4640 1042 4712; x_wconf 79' lang='lat' dir='ltr'><strong>upbsprus</strong></span> <span class='ocrx_word' id='word_1_621' title='bbox 1060 4651 1090 4695; x_wconf 79' lang='lat' dir='ltr'><strong>be</strong></span> <span class='ocrx_word' id='word_1_622' title='bbox 1107 4641 1168 4704; x_wconf 82' lang='grc' dir='ltr'>οῨτε</span> <span class='ocrx_word' id='word_1_623' title='bbox 1186 4641 1225 4708; x_wconf 84' lang='grc' dir='ltr'><strong>τῷ</strong></span> <span class='ocrx_word' id='word_1_624' title='bbox 1243 4642 1398 4713; x_wconf 67' lang='lat' dir='ltr'><strong>«repostus</strong></span> <span class='ocrx_word' id='word_1_625' title='bbox 1417 4643 1478 4706; x_wconf 80' lang='grc' dir='ltr'>οῩτε</span> 
     </span>
     <span class='ocr_line' id='line_1_52' title="bbox 103 4709 1477 4784; baseline 0.002 -16"><span class='ocrx_word' id='word_1_626' title='bbox 103 4709 131 4780; x_wconf 62' lang='grc'><strong>91</strong></span> <span class='ocrx_word' id='word_1_627' title='bbox 144 4710 164 4762; x_wconf 81' lang='lat' dir='ltr'><em>F</em></span> <span class='ocrx_word' id='word_1_628' title='bbox 171 4713 235 4782; x_wconf 85' lang='lat' dir='ltr'><strong>iqui</strong></span> <span class='ocrx_word' id='word_1_629' title='bbox 251 4715 316 4784; x_wconf 88' lang='lat' dir='ltr'><strong>post</strong></span> <span class='ocrx_word' id='word_1_630' title='bbox 333 4717 448 4768; x_wconf 87' lang='lat' dir='ltr'><strong>mortem</strong></span> <span class='ocrx_word' id='word_1_631' title='bbox 466 4712 551 4782; x_wconf 84' lang='lat' dir='ltr'><strong>patris</strong></span> <span class='ocrx_word' id='word_1_632' title='bbox 567 4709 686 4768; x_wconf 80' lang='lat' dir='ltr'><strong>familiae</strong></span> <span class='ocrx_word' id='word_1_633' title='bbox 795 4714 834 4780; x_wconf 87' lang='grc' dir='ltr'><strong>τῷ</strong></span> <span class='ocrx_word' id='word_1_634' title='bbox 852 4714 919 4768; x_wconf 76' lang='lat' dir='ltr'><strong>asili</strong></span> <span class='ocrx_word' id='word_1_635' title='bbox 939 4715 1044 4779; x_wconf 70' lang='lat' dir='ltr'><strong>fluerat,</strong></span> <span class='ocrx_word' id='word_1_636' title='bbox 1062 4721 1145 4768; x_wconf 78' lang='lat' dir='ltr'><strong>lameri</strong></span> <span class='ocrx_word' id='word_1_637' title='bbox 1163 4713 1210 4768; x_wconf 81' lang='lat' dir='ltr'><strong>boa</strong></span> <span class='ocrx_word' id='word_1_638' title='bbox 1218 4716 1317 4784; x_wconf 74' lang='lat' dir='ltr'><strong>secisse</strong></span> <span class='ocrx_word' id='word_1_639' title='bbox 1335 4735 1398 4779; x_wconf 81' lang='lat' dir='ltr'><strong>sum,</strong></span> <span class='ocrx_word' id='word_1_640' title='bbox 1449 4735 1477 4771; x_wconf 92' lang='lat' dir='ltr'><strong>o·</strong></span> 
     </span>
     <span class='ocr_line' id='line_1_53' title="bbox 129 4781 1478 4857; baseline 0.001 -18"><span class='ocrx_word' id='word_1_641' title='bbox 129 4783 211 4840; x_wconf 63' lang='lat' dir='ltr'><strong>&#39;tius</strong></span> <span class='ocrx_word' id='word_1_642' title='bbox 232 4799 295 4839; x_wconf 80' lang='lat' dir='ltr'><strong>esso</strong></span> <span class='ocrx_word' id='word_1_643' title='bbox 318 4781 372 4840; x_wconf 80' lang='lat' dir='ltr'><strong>diei</strong></span> <span class='ocrx_word' id='word_1_644' title='bbox 395 4785 495 4854; x_wconf 83' lang='lat' dir='ltr'><strong>eoepit]</strong></span> <span class='ocrx_word' id='word_1_645' title='bbox 518 4792 593 4856; x_wconf 84' lang='lat' dir='ltr'><strong>quasi</strong></span> <span class='ocrx_word' id='word_1_646' title='bbox 616 4792 680 4840; x_wconf 78' lang='lat' dir='ltr'><strong>esset</strong></span> <span class='ocrx_word' id='word_1_647' title='bbox 696 4785 743 4854; x_wconf 88' lang='lat' dir='ltr'><strong>qui</strong></span> <span class='ocrx_word' id='word_1_648' title='bbox 795 4795 865 4840; x_wconf 84' lang='lat' dir='ltr'><strong>uiam</strong></span> <span class='ocrx_word' id='word_1_649' title='bbox 887 4803 952 4857; x_wconf 80' lang='lat' dir='ltr'><strong>quae</strong></span> <span class='ocrx_word' id='word_1_650' title='bbox 974 4791 1098 4857; x_wconf 79' lang='lat' dir='ltr'><strong>reperiret</strong></span> <span class='ocrx_word' id='word_1_651' title='bbox 1119 4793 1243 4839; x_wconf 74' lang='lat' dir='ltr'><strong>rationem</strong></span> <span class='ocrx_word' id='word_1_652' title='bbox 1269 4803 1320 4838; x_wconf 83' lang='lat' dir='ltr'><strong>mom</strong></span> <span class='ocrx_word' id='word_1_653' title='bbox 1347 4787 1410 4841; x_wconf 79' lang='lat' dir='ltr'><strong>dole</strong></span> <span class='ocrx_word' id='word_1_654' title='bbox 1427 4795 1478 4851; x_wconf 85' lang='lat' dir='ltr'><strong>ant,</strong></span> 
     </span>
     <span class='ocr_line' id='line_1_54' title="bbox 79 4840 1477 4928; baseline -0.002 -16"><span class='ocrx_word' id='word_1_655' title='bbox 79 4840 249 4912; x_wconf 60' lang='lat' dir='ltr'><strong>Mutilum</strong></span> <span class='ocrx_word' id='word_1_656' title='bbox 273 4855 360 4926; x_wconf 81' lang='lat' dir='ltr'><strong>patris</strong></span> <span class='ocrx_word' id='word_1_657' title='bbox 378 4853 496 4912; x_wconf 80' lang='lat' dir='ltr'><strong>familiae</strong></span> <span class='ocrx_word' id='word_1_658' title='bbox 570 4853 642 4912; x_wconf 80' lang='lat' dir='ltr'><strong>filius</strong></span> <span class='ocrx_word' id='word_1_659' title='bbox 661 4863 742 4912; x_wconf 70' lang='lat' dir='ltr'><strong>natm</strong></span> <span class='ocrx_word' id='word_1_660' title='bbox 796 4857 1009 4912; x_wconf 76' lang='lat' dir='ltr'><strong>oslsndillndss:</strong></span> <span class='ocrx_word' id='word_1_661' title='bbox 1027 4855 1091 4910; x_wconf 72' lang='lat' dir='ltr'><strong>ueri</strong></span> <span class='ocrx_word' id='word_1_662' title='bbox 1110 4857 1154 4928; x_wconf 67' lang='lat' dir='ltr'><strong>sip</strong></span> <span class='ocrx_word' id='word_1_663' title='bbox 1172 4856 1477 4922; x_wconf 72' lang='lat' dir='ltr'><strong>lrsrsdroerucliloruris</strong></span> 
     </span>
     <span class='ocr_line' id='line_1_55' title="bbox 83 4913 1477 5000; baseline -0.001 -18"><span class='ocrx_word' id='word_1_664' title='bbox 83 4913 123 4994; x_wconf 47' lang='lat' dir='ltr'><em>Q</em></span> <span class='ocrx_word' id='word_1_665' title='bbox 134 4933 195 4982; x_wconf 68' lang='lat' dir='ltr'><strong>wilt</strong></span> <span class='ocrx_word' id='word_1_666' title='bbox 206 4927 355 5000; x_wconf 72' lang='lat' dir='ltr'><strong>Anonymus</strong></span> <span class='ocrx_word' id='word_1_667' title='bbox 372 4926 417 4997; x_wconf 78' lang='lat' dir='ltr'><strong>(ba</strong></span> <span class='ocrx_word' id='word_1_668' title='bbox 434 4927 498 4984; x_wconf 72' lang='lat' dir='ltr'><strong>uari</strong></span> <span class='ocrx_word' id='word_1_669' title='bbox 517 4926 565 4982; x_wconf 77' lang='lat' dir='ltr'><strong>sliu</strong></span> <span class='ocrx_word' id='word_1_670' title='bbox 582 4928 630 4990; x_wconf 83' lang='grc' dir='ltr'><strong>τοῩ</strong></span> <span class='ocrx_word' id='word_1_671' title='bbox 643 4927 742 4998; x_wconf 79' lang='lat' dir='ltr'><strong>murpdc</strong></span> <span class='ocrx_word' id='word_1_672' title='bbox 796 4928 971 4998; x_wconf 79' lang='lat' dir='ltr'><strong>sspuuurumi,</strong></span> <span class='ocrx_word' id='word_1_673' title='bbox 996 4927 1039 4982; x_wconf 83' lang='lat' dir='ltr'><strong>ius</strong></span> <span class='ocrx_word' id='word_1_674' title='bbox 1063 4926 1127 4982; x_wconf 77' lang='lat' dir='ltr'><strong>urire</strong></span> <span class='ocrx_word' id='word_1_675' title='bbox 1149 4928 1188 4995; x_wconf 83' lang='grc' dir='ltr'><strong>τῷ</strong></span> <span class='ocrx_word' id='word_1_676' title='bbox 1210 4928 1365 4996; x_wconf 69' lang='lat' dir='ltr'><strong>stupendum</strong></span> <span class='ocrx_word' id='word_1_677' title='bbox 1384 4949 1405 4982; x_wconf 92' lang='grc' dir='ltr'><strong>κ.</strong></span> <span class='ocrx_word' id='word_1_678' title='bbox 1419 4947 1441 4981; x_wconf 87' lang='lat' dir='ltr'><strong>r.</strong></span> <span class='ocrx_word' id='word_1_679' title='bbox 1454 4938 1477 4981; x_wconf 79' lang='lat' dir='ltr'><strong>l.</strong></span> 
     </span>
     <span class='ocr_line' id='line_1_56' title="bbox 87 4991 1478 5076; baseline 0.001 -23"><span class='ocrx_word' id='word_1_680' title='bbox 87 4991 160 5076; x_wconf 56' lang='lat' dir='ltr'><strong>“libi</strong></span> <span class='ocrx_word' id='word_1_681' title='bbox 173 4997 316 5070; x_wconf 49' lang='lat' dir='ltr'><strong>messium:</strong></span> <span class='ocrx_word' id='word_1_682' title='bbox 334 5007 362 5055; x_wconf 85' lang='lat' dir='ltr'><strong>ul</strong></span> <span class='ocrx_word' id='word_1_683' title='bbox 379 5001 427 5056; x_wconf 79' lang='lat' dir='ltr'><strong>ios</strong></span> <span class='ocrx_word' id='word_1_684' title='bbox 444 5003 525 5055; x_wconf 84' lang='lat' dir='ltr'><strong>uoluit</strong></span> <span class='ocrx_word' id='word_1_685' title='bbox 536 5000 623 5054; x_wconf 72' lang='lat' dir='ltr'><strong>Lauso</strong></span> <span class='ocrx_word' id='word_1_686' title='bbox 637 5019 741 5054; x_wconf 82' lang='lat' dir='ltr'><strong>eausam</strong></span> <span class='ocrx_word' id='word_1_687' title='bbox 795 5001 858 5071; x_wconf 83' lang='lat' dir='ltr'><strong>quid</strong></span> <span class='ocrx_word' id='word_1_688' title='bbox 873 5007 1005 5072; x_wconf 76' lang='lat' dir='ltr'><strong>scripserit</strong></span> <span class='ocrx_word' id='word_1_689' title='bbox 1020 4997 1171 5064; x_wconf 79' lang='lat' dir='ltr'><strong>Marcellus,</strong></span> <span class='ocrx_word' id='word_1_690' title='bbox 1193 5007 1294 5071; x_wconf 82' lang='lat' dir='ltr'><strong>assequi</strong></span> <span class='ocrx_word' id='word_1_691' title='bbox 1309 5002 1368 5054; x_wconf 84' lang='lat' dir='ltr'><strong>llasl</strong></span> <span class='ocrx_word' id='word_1_692' title='bbox 1384 5019 1413 5054; x_wconf 75' lang='lat' dir='ltr'><strong>aa</strong></span> <span class='ocrx_word' id='word_1_693' title='bbox 1433 4997 1478 5054; x_wconf 83' lang='lat' dir='ltr'><strong>Ui-</strong></span> 
     </span>
     <span class='ocr_line' id='line_1_57' title="bbox 87 5049 1292 5144; baseline 0.005 -22"><span class='ocrx_word' id='word_1_694' title='bbox 87 5049 130 5112; x_wconf 61' lang='lat' dir='ltr'><strong>stl</strong></span> <span class='ocrx_word' id='word_1_695' title='bbox 141 5071 188 5134; x_wconf 76' lang='lat' dir='ltr'><strong>slus,</strong></span> <span class='ocrx_word' id='word_1_696' title='bbox 203 5089 272 5144; x_wconf 65' lang='lat' dir='ltr'><strong>men</strong></span> <span class='ocrx_word' id='word_1_697' title='bbox 287 5077 363 5144; x_wconf 82' lang='lat' dir='ltr'><strong>paler</strong></span> <span class='ocrx_word' id='word_1_698' title='bbox 376 5079 429 5144; x_wconf 81' lang='lat' dir='ltr'><strong>ipse</strong></span> <span class='ocrx_word' id='word_1_699' title='bbox 441 5077 594 5144; x_wconf 76' lang='lat' dir='ltr'><strong>apuouisssl,</strong></span> <span class='ocrx_word' id='word_1_700' title='bbox 613 5077 742 5126; x_wconf 79' lang='lat' dir='ltr'><strong>iustiorem</strong></span> <span class='ocrx_word' id='word_1_701' title='bbox 792 5079 868 5143; x_wconf 80' lang='lat' dir='ltr'><strong>pians·</strong></span> <span class='ocrx_word' id='word_1_702' title='bbox 883 5074 1005 5128; x_wconf 78' lang='lat' dir='ltr'><strong>relations</strong></span> <span class='ocrx_word' id='word_1_703' title='bbox 1022 5069 1172 5128; x_wconf 76' lang='lat' dir='ltr'><strong>Marcellum</strong></span> <span class='ocrx_word' id='word_1_704' title='bbox 1189 5077 1292 5128; x_wconf 66' lang='lat' dir='ltr'><strong>alariis</strong></span> 
     </span>
    </p>
   </div>
   <div class='ocr_carea' id='block_1_7' title="bbox 197 4567 1478 4656">
    <p class='ocr_par' dir='ltr' id='par_1_25' title="bbox 197 4567 1478 4656">
     <span class='ocr_line' id='line_1_58' title="bbox 197 4567 1478 4656; baseline 0 -30"><span class='ocrx_word' id='word_1_705' title='bbox 197 4575 307 4626; x_wconf 71' lang='lat' dir='ltr'><strong>wustat</strong></span> <span class='ocrx_word' id='word_1_706' title='bbox 324 4568 383 4623; x_wconf 72' lang='lat' dir='ltr'><strong>*sed</strong></span> <span class='ocrx_word' id='word_1_707' title='bbox 400 4567 533 4624; x_wconf 78' lang='lat' dir='ltr'><strong>haetenus</strong></span> <span class='ocrx_word' id='word_1_708' title='bbox 550 4569 586 4625; x_wconf 81' lang='lat' dir='ltr'><strong>de</strong></span> <span class='ocrx_word' id='word_1_709' title='bbox 604 4574 686 4624; x_wconf 60' lang='lat' dir='ltr'><strong>statu</strong></span> <span class='ocrx_word' id='word_1_710' title='bbox 704 4571 729 4622; x_wconf 83' lang='lat' dir='ltr'><em>F</em></span> <span class='ocrx_word' id='word_1_711' title='bbox 730 4569 743 4603; x_wconf 82' lang='lat'>²</span> <span class='ocrx_word' id='word_1_712' title='bbox 797 4571 900 4635; x_wconf 81' lang='lat' dir='ltr'><strong>Graeci,</strong></span> <span class='ocrx_word' id='word_1_713' title='bbox 917 4589 977 4624; x_wconf 83' lang='lat' dir='ltr'><strong>uam</strong></span> <span class='ocrx_word' id='word_1_714' title='bbox 993 4587 1145 4656; x_wconf 66' lang='lat' dir='ltr'><strong>quamquam</strong></span> <span class='ocrx_word' id='word_1_715' title='bbox 1158 4569 1308 4643; x_wconf 75' lang='lat' dir='ltr'><strong>Amouymus</strong></span> <span class='ocrx_word' id='word_1_716' title='bbox 1319 4578 1429 4626; x_wconf 74' lang='lat' dir='ltr'><strong>extrema</strong></span> <span class='ocrx_word' id='word_1_717' title='bbox 1442 4579 1478 4626; x_wconf 89' lang='lat' dir='ltr'><strong>ila</strong></span> 
     </span>
    </p>
   </div>
   <div class='ocr_carea' id='block_1_8' title="bbox 0 0 1764 5446">
    <p class='ocr_par' dir='ltr' id='par_1_26' title="bbox 0 0 1764 5446">
     <span class='ocr_line' id='line_1_59' title="bbox 0 0 1764 5446; baseline 0 0"><span class='ocrx_word' id='word_1_718' title='bbox 0 0 1764 5446; x_wconf 95' lang='lat' dir='ltr'><strong> </strong></span> 
     </span>
    </p>
   </div>
  </div>
 </body>
</html>
