3584 5454
81 263 339 312 srsnnronnuns
757 240 840 320 791
1091 248 1271 317 xxxxvss
1295 253 1335 316 19
1354 259 1372 313 s
1390 288 1423 298 -
1444 253 1487 320 20
1504 261 1523 314 4

44 413 60 458 1
82 417 140 458 non
157 407 259 474 potest,
277 403 365 458 solum
384 407 512 471 superest
530 403 660 458 auxilium
678 402 823 473 praesidis.
850 403 975 474 Apparet
992 409 1084 462 autem
1102 407 1238 477 expilatae
1250 407 1409 464 hereditatis
1420 410 1523 466 crimen

82 507 118 548 eo
137 507 204 568 casn
222 491 326 546 intendi
344 501 435 561 posse,
454 505 509 560 quo
528 506 594 545 casu
614 489 679 544 iurti
698 491 743 561 agi
761 507 816 546 non
835 497 935 562 potest,
955 494 1060 548 scilicet
1078 501 1141 550 ante
1154 496 1257 551 aditam
1270 496 1458 566 hereditatem,
1478 497 1522 553 uel

82 585 149 652 post
170 579 272 635 aditam
296 585 442 648 antequam
466 593 510 633 res
529 577 564 632 ab
583 575 683 634 herode
702 594 847 650 possessae
866 585 938 635 sunt.
970 597 1033 636 nam
1052 583 1080 637 in
1097 581 1170 638 hunc
1189 599 1283 639 casum
1302 584 1368 640 furti
1386 587 1521 640 actionem

82 685 139 725 non
158 675 313 738 competere
330 670 422 738 palam
441 671 497 722 est:
515 667 642 736 quamuis
661 666 696 721 ad
715 665 899 723 exhibendum
918 669 963 738 agi
981 685 1072 741 posse,
1091 672 1179 742 siqui
1198 673 1386 729 uindicaturus
1398 674 1521 729 exhiberi

82 757 229 826 desideret,
248 753 338 826 palam
357 756 401 810 sit.
1538 783 1552 824 r

41 843 63 902 3
136 847 311 902 hlencraaus
329 845 398 900 lihro
416 843 537 899 secundo
555 842 725 915 publicorum
745 843 915 900 iudiciorum.
949 845 1055 902 Diuus¹
1074 845 1193 902 Seuerus
1211 853 1240 904 et
1258 850 1343 912 Anto
1363 845 1520 934 [libosus]
1538 863 1577 936 ss

83 935 165 990 ninus
183 935 381 1003 rescripserunt
399 934 559 988 electionem
578 947 648 1002 esse,
667 937 757 986 utrum
777 934 838 1002 quis
857 935 923 988 uelit
941 936 1044 990 crimen
1062 937 1198 1006 expilatae
1216 929 1466 994 hereditatisextra'
1477 929 1519 995 orZ

83 1023 176 1078 dinem
190 1027 200 1090 ΙΙ
215 1023 287 1094 apud
301 1019 470 1091 praelectum
488 1021 548 1077 urbi
561 1023 604 1077 nel
617 1021 691 1092 apud
709 1019 849 1092 praesides
868 1037 950 1092 agere
969 1041 1004 1079 an
1023 1024 1201 1081 hereditatem
1216 1028 1449 1098 apoesessoribus
1460 1029 1519 1084 inre
1536 1043 1553 1090 r.
1564 1039 1618 1092 aas*

83 1112 223 1168 ordinario
241 1112 390 1166 uindicare.
1538 1136 1551 1176 e

41 1198 63 1254 4
137 1201 256 1256 Faunus
274 1199 342 1254 libro
360 1200 442 1255 tertio
461 1214 663 1269 responsorum.
700 1199 755 1254 Res
773 1197 951 1254 hereditarias
969 1199 1091 1256 omnium
1110 1201 1240 1257 heredum
1259 1202 1344 1259 fuisse
1377 1201 1520 1274 nense]
1537 1219 1564 1273 Ρ

82 1305 251 1358 communes,
270 1293 298 1344 et
315 1287 378 1344 ideo
397 1303 468 1358 enm,
487 1287 534 1358 qui
553 1287 688 1358 expilatae
706 1287 866 1342 hereditatis
885 1289 988 1344 crimen
1006 1288 1091 1344 obicit
1108 1297 1137 1347 et
1152 1292 1278 1362 optinuit,
1296 1280 1520 1350 etiam-coheredi

81 1376 219 1450 profuisse
238 1377 333 1432 uideri.

42 1463 63 1520 5
137 1465 396 1522 nnnnocnnnans
414 1463 483 1520 lihro
502 1463 624 1536 secundo
641 1464 707 1518 iuris
726 1465 916 1534 epitomarum.
944 1463 1019 1520 Uxor
1037 1465 1173 1536 expilatae
1186 1460 1345 1524 hereditatis
1363 1465 1519 1554 [fija-M
1536 1483 1565 1537 P

82 1553 196 1608 erimine
215 1553 316 1609 idcirco
335 1569 388 1608 non
408 1558 561 1622 accusatur,
580 1553 645 1621 qnia
663 1567 715 1606 nec
732 1549 798 1606 furti
817 1567 879 1606 cum
898 1567 932 1606 ea
950 1555 1047 1622 agitur.
1413 1545 1519 1554 ’-
1538 1578 1568 1618 24

43 1640 63 1698 6
136 1641 256 1696 Pronus
274 1641 342 1696 libro
360 1641 448 1712 primo
464 1641 499 1696 ad
512 1641 661 1696 Neratium.
689 1639 719 1696 Si
737 1655 794 1695 rem
812 1640 1014 1710 hereditariam,
1032 1643 1162 1712 ignorans
1175 1643 1202 1698 in
1215 1659 1249 1699 ea
1261 1659 1345 1700 causa
1363 1641 1519 1730 We]
1536 1659 1565 1713 Ρ

82 1743 154 1798 εεεε,
173 1727 341 1800 subripuisti,
361 1727 462 1784 lurtum
482 1735 509 1783 te
525 1727 615 1784 iacere
627 1729 777 1799 respondit.
805 1731 937 1784 Psunus:
956 1731 995 1785 rei
1013 1729 1193 1787 hereditariae
1210 1731 1312 1789 furtum
1331 1721 1520 1790 ηοεῖἶίι-ἶίἶι

81 1833 134 1873 nec
152 1818 221 1888 eius,
240 1833 311 1888 quae
329 1818 389 1873 sine
407 1817 516 1872 domino
535 1823 586 1888 est,
605 1820 634 1873 ει
652 1816 718 1872 nihil
736 1821 825 1872 mutat
843 1818 1008 1874 existimatio
1027 1817 1213 1890 subripientis.

758 2023 844 2106 XX.

551 2175 589 2253 R
629 2173 984 2258 STELLIONATUS
1011 2177 1049 2254 R
1536 2205 1611 2260 Psn

42 2354 58 2410 1
135 2351 316 2406 Pssrurnuus
337 2349 406 2405 lihro
424 2349 513 2420 primo
531 2363 733 2418 responsorum.
771 2349 852 2404 Actio
871 2329 1043 2405 stellionatus
1061 2365 1150 2420 neque
1168 2349 1285 2421 publicis
1302 2353 1343 2408 in·
1361 2347 1517 2436 Q
1536 2364 1564 2418 Ρ

79 2440 160 2496 diciis
179 2455 267 2509 neque
284 2439 400 2508 priuatis
418 2437 571 2494 actionibus
591 2437 753 2492 continetur.
1536 2459 1564 2498 ,ι

41 2529 60 2587 2
136 2527 286 2583 Unrrauus
304 2526 373 2584 lihro
391 2533 490 2582 octauo
509 2526 545 2582 ad
557 2525 698 2580 Sabinum.
726 2525 903 2582 stellionatus
921 2525 1051 2581 indicium
1063 2525 1148 2582 farno·
1167 2501 1518 2612 Qum
1536 2541 1557 2594 s

80 2633 142 2672 sum
161 2615 272 2686 quidem
291 2617 364 2671 non²
382 2619 433 2686 est,
452 2615 501 2670 sed
520 2615 711 2670 coercitionem
730 2613 973 2669 extraordinariam
992 2614 1084 2670 hahet.

41 2703 60 2762 3
134 2706 212 2760 lonas
230 2704 299 2760 libro
317 2711 416 2760 octauo
435 2705 470 2760 de
488 2702 579 2760 officio
597 2703 776 2776 proconsulis.
812 2703 881 2758 Stel·
900 2701 1066 2786 [QQ
1081 2715 1334 2774 BS.11.t,tta-.h.s.
1350 2700 1555 2772 εεζῑῖιῖοῐῐε

47 2803 59 2848 1
79 2795 199 2850 lionatus
222 2795 362 2849 accusatio
386 2793 421 2848 ad
446 2793 580 2863 praesidis
599 2793 783 2862 cognitionem
802 2797 918 2862 spectat.
955 2793 1145 2850 stellionatum
1163 2801 1255 2851 antem
1275 2796 1347 2852 obici
1364 2811 1446 2866 posse
1464 2795 1515 2865 his,
1534 2805 1563 2850 so
1677 2809 1679 2813 ’

79 2885 127 2954 qui
145 2883 209 2938 dolo
227 2881 294 2952 quid
311 2880 443 2950 iecerunt,
462 2881 603 2936 sciendum
623 2888 674 2952 est,
693 2881 797 2936 scilicet
815 2881 839 2935 si
857 2879 931 2935 alirrd
950 2881 1052 2938 crimen
1070 2899 1124 2939 non
1142 2885 1177 2939 sit
1189 2884 1262 2954 quod
1276 2884 1422 2940 obiciatur:
1441 2883 1516 2955 quod

79 2971 153 3028 enim
172 2972 200 3026 in
218 2971 332 3041 priuatis
350 2969 458 3025 iudiciis
477 2977 519 3024 est
537 2970 572 3024 de
590 2969 653 3024 dolo
673 2970 758 3038 actio,
782 2968 880 3023 hocin
899 2969 1057 3026 criminibus
1075 2973 1245 3028 stellionatus
1263 2973 1426 3043 persecutio.
1456 2971 1515 3027 ubi·

79 3075 198 3130 cumque
215 3061 300 3128 igitur
317 3059 414 3114 titulus
432 3058 551 3114 criminis
570 3055 676 3128 deficit,
700 3058 754 3112 illic
772 3057 943 3113 stellionatus
962 3057 1121 3115 obiciemus.
1152 3062 1270 3116 maxime
1288 3067 1380 3117 autem
1398 3063 1427 3117 in
1445 3057 1515 3146 [(ἰεῑ)

78 3149 122 3204 his
143 3149 233 3204 locum
256 3147 353 3202 habet:
378 3147 401 3201 si
421 3148 483 3216 quis
501 3145 570 3202 forte
589 3161 646 3202 rem
665 3146 711 3200 alii
729 3144 877 3215 obligatam
897 3146 1069 3203 dissimulata
1086 3147 1253 3219 obligatione
1270 3165 1320 3220 per
1338 3137 1514 3206 calliditatem

79 3238 126 3292 alii
144 3237 302 3292 distraxerit
319 3237 363 3290 nel
381 3236 579 3305 permutauerit
597 3235 642 3290 nel
660 3235 687 3289 in
706 3235 824 3290 solutum
844 3234 964 3290 dederit:
988 3252 1051 3291 nam
1069 3236 1121 3294 hae
1139 3252 1235 3294 omnes
1252 3239 1359 3308 species
1377 3239 1514 3294 stelliona-
1532 3251 1561 3292 sc

78 3330 138 3380 tum
157 3325 306 3380 continent.
337 3325 386 3379 sed
405 3329 433 3378 et
451 3325 553 3393 siquis
572 3337 677 3378 merces
695 3323 870 3392 supposuerit
887 3324 931 3378 uel
950 3323 1085 3394 obligatas
1104 3327 1235 3380 auerterit
1253 3327 1296 3382 uel
1315 3327 1338 3381 si
1356 3328 1514 3396 corruperit,

78 3429 168 3483 aeque
186 3413 356 3468 stellionatus
373 3427 437 3467 reus
456 3413 515 3468 erit.
542 3413 607 3467 item
627 3412 650 3466 si
669 3411 730 3480 quis
749 3411 928 3482 imposturam
946 3411 1043 3468 lecerit
1060 3414 1104 3468 uel
1123 3413 1297 3469 collusionem
1316 3415 1344 3469 in
1361 3429 1457 3470 necem
1476 3416 1513 3470 al-

78 3503 178 3572 terius,
202 3502 373 3558 stellionatus
395 3502 497 3572 poterit
518 3501 660 3570 postulari.
693 3503 722 3555 et
744 3503 775 3555 ut
799 3501 962 3569 generaliter
982 3501 1111 3572 dixerim,
1135 3501 1377 3570 deficientetitnlo
1394 3504 1514 3560 criminis

46 3599 60 3644 ι
78 3591 132 3646 hoe
149 3591 253 3646 crimen
270 3591 360 3645 locum
379 3589 470 3660 hahet,
489 3605 540 3644 neo
558 3595 602 3644 εει
619 3603 688 3658 opus
706 3589 813 3658 species
832 3593 1000 3645 enumetare.
1030 3590 1122 3646 Poena
1140 3597 1232 3648 autem
1250 3591 1421 3647 stellionatus
1440 3593 1514 3648 nulla

77 3679 201 3749 legitima
222 3683 280 3748 est,
304 3695 366 3734 cum
389 3693 441 3734 nec
463 3679 614 3746 legitimum
639 3677 740 3732 crimen
764 3677 809 3731 sit.
842 3678 931 3732 solent
952 3681 1044 3733 autem
1063 3693 1098 3733 ex
1115 3678 1168 3735 hoc
1186 3683 1264 3733 extra
1281 3678 1403 3735 ordinem
1421 3680 1512 3750 plecti,
1532 3693 1560 3736 ss

77 3767 227 3824 dummodo
244 3783 299 3824 non
317 3767 418 3822 debeat
436 3783 506 3837 opus
526 3765 626 3820 metalli
644 3763 713 3821 haee
730 3780 820 3835 poena
838 3765 867 3820 in
884 3765 988 3835 plebeis
1005 3765 1109 3836 egredi.
1134 3767 1163 3822 in
1175 3767 1217 3822 his
1229 3772 1330 3838 antona
1349 3767 1395 3838 qui
1408 3768 1513 3824 suntin

46 3865 60 3910 s
77 3857 168 3926 aliquo
185 3855 288 3912 honore
298 3857 390 3927 positi,
409 3855 445 3910 ad
457 3861 566 3926 tempus
578 3855 710 3923 relegatio
722 3855 766 3908 uel
779 3852 813 3908 ab
827 3853 921 3909 ordine
935 3855 1018 3910 motio
1031 3854 1195 3911 remittenda
1207 3859 1258 3912 est.
1285 3855 1337 3922 Qui
1369 3853 1512 3926 ἐἶιῖοζεοῖε

76 3959 183 4000 merces
201 3945 362 4014 suppressit,
382 3945 536 4014 specialiter
554 3943 606 3998 hoe
623 3943 735 3997 crimino
754 3943 886 4014 postulari
903 3947 1004 4012 potest.
1458 3933 1512 3942 “’

40 4039 59 4096 4
130 4033 324 4089 Monssrmus
346 4031 415 4088 libro
438 4033 520 4087 tertio
544 4031 579 4085 de
602 4031 707 4100 poenis.
744 4031 787 4085 De
804 4031 937 4101 periurio,
961 4031 985 4086 si
1003 4045 1055 4086 sua
1072 4027 1158 4114 Qec
1167 4043 1204 4098 so,
1212 4043 1235 4089 4.
1252 4043 1294 4090 ss.
1304 4046 1342 4100 aa,
1351 4045 1510 4116 ⁵³²3&
1528 4042 1556 4098 Ε

75 4123 193 4194 pignora
219 4135 281 4177 esse
308 4122 369 4191 quis
397 4121 425 4176 in
452 4119 632 4175 instrumento
659 4119 773 4189 iurauit,
799 4119 901 4174 crimen
928 4120 1098 4176 smhionatus
1124 4119 1168 4190 fit,
1196 4125 1225 4176 et
1251 4121 1313 4177 idco
1340 4121 1376 4177 ad
1401 4129 1558 4192 tempusue

75 4211 179 4267 exulat.

75 4325 269 4395 F(XYM00)

77 4485 196 4548 ¹diuii,
255 4486 352 4542 ’idem
373 4485 468 4541 Gracci
486 4487 522 4552 (u.
536 4485 580 4552 r'.):
599 4499 654 4540 non
672 4485 720 4539 det.
738 4485 782 4558 (cs.
794 4485 832 4538 D.
844 4485 869 4549 3,
881 4484 906 4550 2,
919 4484 961 4549 13,
973 4483 1022 4550 Sl?

76 4654 314 4724 1ruprerests¹
368 4654 402 4708 10
419 4653 518 4722 paulus
535 4650 604 4708 libro
616 4653 708 4722 tertio]
722 4653 766 4718 F’,
820 4669 926 4708 mosum
951 4652 1061 4724 quidem
1085 4667 1140 4708 non
1161 4653 1214 4723 est]
1233 4653 1296 4716 εῩτε
1313 4653 1466 4709 irruonorda
1484 4655 1511 4710 Β

96 4725 176 4782 auius
194 4724 262 4779 libro
277 4725 321 4788 F‘,
339 4724 437 4794 paulus
455 4723 561 4794 pauhro
575 4725 611 4776 F·
657 4725 689 4778 16
702 4723 765 4792 non]
821 4727 930 4789 (Aaou.)
983 4726 1017 4780 27
1036 4724 1213 4780 *criminibus
1231 4727 1270 4779 F'
1325 4726 1360 4781 28
1378 4725 1510 4781 obi‘e'cie-

110 4795 224 4859 YMOO,
243 4797 338 4850 om.F:
356 4797 412 4848 τῶκ
431 4795 766 4866 κληροεοειείωεπρειεᾶ·
820 4794 930 4851 musi*
974 4797 1008 4850 29
1026 4794 1176 4864 obligatum
1192 4796 1228 4848 F¹
1274 4797 1508 4866 32inrposturaml

72 4887 132 4922 τωε
152 4865 179 4921 o'
217 4863 388 4937 iaapriserar
408 4869 488 4920 sacnti
504 4866 551 4920 BS
606 4867 638 4921 17
657 4866 768 4921 domins
820 4865 932 4922 iniecere
951 4868 978 4920 B
1030 4867 1066 4922 40
1083 4867 1130 4924 in*
1147 4867 1330 4923 instrumento
1348 4868 1387 4921 Γ*

74 4939 112 4992 Ρ
128 4939 134 5008 l
149 4953 183 4994 sn
203 4937 372 5008 ripuentisF
401 4937 660 4993 sescenaonatuss
683 4935 766 4992 tuia-
