3600 5460
75 285 324 334 amensamens
745 262 831 344 451
1294 269 1414 338 XXXX
1435 271 1507 335 541

75 424 198 480 rationes
215 423 331 480 reddere
347 423 427 479 heres
444 423 597 479 ldrertatem
617 437 671 478 non
689 429 819 495 praestet,
838 425 955 481 dicendo
974 441 1022 481 eos
1039 441 1094 482 norr
1112 427 1220 496 plaeere
1239 425 1299 498 sibi,
1319 443 1353 482 an
1372 427 1509 484 audienda

75 522 159 568 esset.
185 514 328 583 respondit
345 529 400 568 noa
417 513 606 584 spectandum,
624 513 698 583 quod
717 513 862 570 heredibus
881 515 1046 585 displiceret,
1064 515 1114 570 sed
1132 515 1159 570 id
1173 516 1247 585 quod
1259 517 1318 572 uiro
1331 507 1402 572 hoho
1415 523 1510 588 posset

41 603 195 672 eplacere,
214 610 245 658 ut
262 601 413 658 libertatem
433 607 643 672 consequantur.
679 603 766 658 Lucia
784 603 857 659 Titia
874 604 1006 660 heredum
1025 603 1089 660 fidei
1107 606 1256 676 commisit,
1280 607 1321 661 uti
1338 606 1508 677 Pamphilam

76 693 203 747 ancillam
222 692 302 748 Seiae
320 709 382 748 curn
401 690 464 747 filiis
487 693 546 747 eius
570 691 736 747 redimerent
758 696 787 747 et
810 695 1045 764 manumitterent,
1071 697 1100 749 et
1122 694 1265 764 iuridicus,
1289 696 1384 764 qrranti
1408 695 1509 766 singuli

75 787 172 836 essent
189 781 348 851 redimendi,
367 781 537 836 aestimauit:
556 781 648 836 medio
666 785 789 852 tempore
807 783 956 854 Pamphila,
976 789 1124 853 antequam
1143 781 1259 853 pecunia
1277 785 1442 856 solueretur,
1461 800 1508 854 pe·
1528 793 1541 835 ι

74 871 162 941 perit:
186 887 302 941 quaero,
326 871 353 926 id
371 871 445 941 quod
463 876 557 925 natum
576 876 620 925 est
637 885 671 925 ex
689 872 832 942 Pamphila
856 877 946 928 utrum
971 873 1007 928 ad
1030 873 1145 928 heredes
1164 871 1247 928 Seiae
1267 889 1302 928 an
1326 874 1361 928 ad
1380 873 1508 929 heredem

75 960 168 1014 'litiae
185 961 330 1031 pertineat.
357 959 500 1030 respondit
517 959 559 1030 id,
578 959 652 1030 quod
671 964 765 1015 natum
785 966 828 1016 ιιι
845 976 879 1016 ex
897 961 1053 1032 Pamphila,
1073 963 1132 1017 eius
1150 962 1260 1032 quidem
1280 977 1354 1032 esse,
1379 963 1457 1018 cuius
1476 977 1510 1018 ea

74 1047 168 1104 iuerat
184 1054 251 1104 tnnc
269 1065 332 1104 cnm
350 1053 470 1120 pareret:
494 1063 589 1104 nerum
608 1049 750 1118 heredem,
774 1051 798 1104 si
822 1065 924 1106 moram
947 1049 1175 1107 fideicommissae
1197 1051 1316 1106 libertati
1334 1050 1413 1122 lecit,
1436 1068 1508 1108 com·

32 1149 59 1195 6
75 1139 235 1209 pellendum
258 1145 365 1208 partum
390 1153 500 1209 quoque
524 1138 560 1192 ad
581 1137 736 1194 libertatem
759 1139 919 1209 perducere.
954 1140 1055 1195 Lucius
1074 1139 1163 1196 Titine
1181 1141 1220 1195 ita
1236 1145 1403 1197 testamento
1421 1143 1509 1197 canit:

78 1229 209 1284 'medicos
227 1228 278 1283 tibi
296 1228 456 1283 commendo
474 1227 549 1282 illum
569 1233 598 1282 et
614 1228 703 1282 illum:
728 1229 756 1282 in
779 1234 828 1284 tuo
850 1228 953 1284 iudicio
976 1229 1041 1298 erit,
1064 1234 1095 1284 ut
1116 1228 1219 1285 habeas
1241 1229 1329 1286 bonos
1351 1230 1463 1286 libertos
1482 1235 1511 1286 et
1531 1239 1558 1280 ιο

78 1319 217 1373 'medicos
245 1317 320 1388 quod
338 1319 362 1373 si
380 1333 432 1386 ego
449 1315 603 1371 libertatem
623 1318 663 1372 eis
680 1317 828 1387 dedissem,
847 1319 952 1374 ueritus
969 1335 1039 1388 sum,
1060 1318 1134 1388 quod
1153 1319 1239 1374 sorori
1257 1334 1334 1374 meae
1353 1320 1510 1376 carissimae

77 1407 210 1464 ‘fecerunt
227 1407 327 1462 medici
346 1407 418 1461 serui
436 1406 495 1461 eius
514 1406 675 1460 manumissi
693 1405 728 1462 ab
747 1421 789 1476 ea,
809 1407 856 1476 qni
874 1409 973 1463 salario
990 1408 1099 1478 expleto
1116 1408 1284 1477 reliquerunt
1298 1407 1380 1463 eam':
1399 1425 1509 1480 quaero,

78 1515 112 1552 sn
130 1495 344 1552 fideicommissa
366 1495 478 1550 libertos
501 1511 585 1565 supra
602 1495 710 1565 scriptis
735 1501 890 1566 competere
914 1501 1015 1567 potest.
1042 1497 1184 1566 respondit
1207 1497 1357 1552 secundum
1382 1513 1416 1553 ea
1439 1514 1520 1584 quae·

28 1593 59 1638 7
78 1591 296 1658 pmponerentur
318 1599 372 1638 non
393 1585 587 1639 necessitatem
611 1583 757 1640 heredibus
780 1585 951 1655 impositam,
975 1585 1024 1640 sed
1048 1585 1383 1656 arbitrium.permissnm.
1420 1587 1510 1643 Titius

79 1675 172 1733 Sticho
190 1691 271 1731 seruo
289 1690 340 1730 suo
357 1673 511 1729 libertatem
530 1673 614 1742 dedit,
633 1674 657 1728 si
674 1675 794 1729 rationes
813 1675 853 1729 sic
871 1673 1008 1730 dederit¹r
1027 1689 1138 1744 quaero,
1157 1691 1192 1730 an
1211 1677 1281 1732 ratio
1293 1691 1343 1746 per
1354 1692 1416 1732 eum
1430 1681 1510 1746 gesta
1530 1683 1558 1724 ιι

78 1765 116 1822 its
133 1766 225 1837 putari
244 1763 357 1833 debeat,
375 1769 406 1818 ut
423 1763 538 1834 damna,
562 1777 633 1834 quae
652 1779 718 1818 casu
736 1769 923 1834 contigerunt,
948 1763 984 1818 ad
1002 1779 1071 1819 onos
1089 1765 1254 1834 reliquorum
1274 1780 1327 1820 non
1346 1767 1509 1836 pertineant.

77 1855 219 1926 respondit
240 1853 268 1908 in
287 1854 411 1922 negotio,
436 1853 511 1922 qnod
528 1853 670 1908 uoluntate
689 1851 791 1907 domini
814 1853 1020 1908 administrasse
1042 1857 1224 1924 proponatur,
1249 1867 1282 1909 ea
1300 1853 1413 1924 damna,
1438 1871 1509 1926 quae

17 1943 51 1989 8
79 1961 143 2000 casu
162 1945 202 1999 ita
219 1942 377 2012 acciderint,
396 1947 427 1996 ut
444 1957 525 1997 seruo
543 1941 609 1996 nibil
627 1941 715 2011 possit
732 1941 868 2012 imputari,
887 1957 941 1996 non
959 1943 1096 2011 pertinere
1109 1943 1145 1999 ad
1157 1943 1322 2013 reliquorum
1334 1959 1413 1998 onus.
1440 1945 1509 2000 Itenr

78 2048 194 2104 quaero,
212 2047 274 2087 com
295 2045 375 2087 omne
393 2032 529 2102 peculium
549 2030 664 2086 reddere
682 2031 774 2085 iussus
793 2031 843 2100 sit,
862 2047 898 2085 an
915 2031 955 2085 ita
970 2032 1106 2101 peculium
1125 2033 1277 2102 computari
1295 2031 1409 2102 debeat,
1433 2038 1464 2087 ut
1481 2033 1510 2088 id

79 2123 164 2178 solnm
184 2121 284 2192 peculii
303 2137 364 2176 esse
382 2121 521 2191 uideatur,
544 2119 618 2190 qnod
643 2133 751 2190 piraque
774 2133 810 2174 ex
834 2133 918 2174 causa
940 2119 1051 2178 domino
1069 2119 1170 2176 debeat
1188 2135 1341 2189 superesse.
1368 2121 1511 2192 respondit
1530 2129 1558 2170 ao

79 2213 105 2268 in
123 2227 157 2267 ea
175 2212 282 2282 specie,
301 2211 337 2266 de
355 2225 410 2280 qna
426 2213 618 2280 quaereretur,
637 2223 691 2263 non
709 2207 811 2263 debere
829 2207 928 2264 deduci
946 2223 981 2263 er
998 2210 1120 2278 peculio,
1145 2210 1219 2280 quod
1237 2209 1348 2266 domino
1366 2209 1509 2266 debeatur.

17 2295 47 2341 Β
79 2303 145 2357 ltem
165 2315 277 2371 quaero,
296 2315 339 2368 an,
358 2301 380 2354 el
399 2315 433 2354 er
451 2299 562 2368 reliquls
580 2299 608 2352 in
625 2297 750 2368 pcculio'
769 2297 871 2367 aliquid
889 2298 1064 2367 conuerterit,
1082 2297 1181 2354 deduci
1200 2297 1253 2354 hoc
1270 2315 1305 2354 er
1323 2300 1430 2370 peculio
1448 2299 1509 2356 red-

79 2390 168 2446 dendo
187 2389 296 2445 debeat
322 2388 472 2460 respondit,
490 2388 514 2444 si
531 2387 569 2457 id,
588 2387 662 2457 quod
681 2401 716 2442 ex
734 2401 818 2442 causa
834 2401 906 2456 quae
923 2391 1123 2457 proponeretur
1139 2388 1168 2442 in
1180 2387 1316 2457 peculium
1329 2403 1439 2444 nereum
1459 2393 1509 2460 est,

78 2479 242 2550 reliquorum
261 2479 370 2534 nomine
388 2478 543 2533 desolutum
562 2483 618 2546 est,
637 2475 695 2531 lieri
714 2477 781 2532 satis
799 2475 965 2544 condicioni,
990 2476 1013 2530 si
1032 2475 1073 2546 id,
1097 2475 1171 2545 quod
1189 2477 1322 2548 reliquum
1341 2483 1385 2534 ιιι
1401 2479 1509 2548 peculii,
1529 2486 1559 2526 ιι

17 2561 38 2606 ²
78 2571 208 2626 soluatur.
239 2568 406 2624 Libertatem
425 2567 466 2622 ita
483 2571 648 2622 testamento
666 2565 755 2620 dedit:
775 2564 910 2634 ‘crepitum
929 2579 1039 2620 seruum
1058 2579 1158 2634 meum,
1177 2581 1239 2620 cum
1254 2567 1421 2639 Herodianus
1438 2565 1509 2623 filius
1527 2566 1608 2618 trrr'
1671 2609 1678 2622 .

79 2659 163 2715 ‘mens
181 2657 301 2713 sedecim
322 2671 407 2712 annos
425 2656 585 2726 imploderit,
604 2653 754 2710 rationibus
774 2653 888 2709 redditis
906 2653 1020 2709 liberum
1040 2669 1102 2710 esse
1119 2653 1204 2710 uolo':
1222 2660 1286 2726 post
1299 2661 1413 2711 mortem
1426 2661 1509 2711 testa-

78 2751 145 2805 toris
162 2753 269 2803 tutores
288 2747 387 2816 Cupito
411 2746 581 2800 exactionem
602 2744 798 2800 commiserunt
820 2743 898 2813 isque
920 2759 1046 2799 nummos
1068 2743 1195 2799 redactos
1219 2745 1382 2814 expensauit
1405 2745 1508 2800 eisdem

77 2837 230 2894 tutoribus:
248 2835 348 2891 deinde
365 2833 437 2890 filius
454 2834 580 2904 impubes
598 2834 725 2903 decessit,
744 2833 787 2886 cui
806 2838 893 2888 mater
909 2832 989 2888 heres
1007 2833 1099 2888 extitit
1116 2838 1144 2888 et
1161 2837 1280 2889 tutorem
1293 2835 1396 2889 tutelae
1408 2833 1509 2890 iudicio

77 2927 124 2984 dlii
143 2927 354 2984 condemnatum
373 2922 481 2978 hahuit:
505 2923 621 2994 Cupitus
645 2923 680 2977 ad
703 2921 857 2978 libertatern
881 2923 1033 2994 proclamat
1056 2937 1090 2978 eo
1108 2928 1245 2993 tempore,
1269 2937 1336 2993 quo,
1362 2924 1385 2978 si
1403 2924 1510 2978 uiueret

75 3017 246 3084 Μιιιὶιιιι,
271 3029 357 3070 annos
375 3011 495 3068 sedecim
518 3013 618 3068 aetatis
635 3011 778 3066 habiturus
797 3015 884 3081 esset,
907 3012 1025 3067 offerens
1052 3012 1171 3066 rationes
1193 3011 1275 3066 onius
1298 3013 1362 3068 anni
1385 3013 1414 3067 in
1436 3013 1509 3068 diem
1529 3021 1558 3062 ³⁰

74 3107 174 3163 mortis
191 3105 340 3173 testatoris,
358 3102 433 3173 quod
450 3105 559 3158 ceterae
576 3099 747 3171 subscriptae
764 3097 883 3155 inerunt.
910 3101 1065 3170 quaesitum
1077 3105 1129 3170 est,
1147 3116 1183 3156 an
1201 3115 1248 3156 aas
1261 3115 1369 3172 qnoque
1381 3103 1510 3174 rationes,

73 3212 147 3268 quaa
165 3198 272 3250 tutores
295 3193 413 3263 periculo
437 3207 488 3247 suo
511 3194 639 3260 egerunt,
665 3191 780 3260 cupitus
804 3189 918 3244 reddere
940 3191 1066 3260 compelli
1090 3189 1199 3244 debeat.
1225 3190 1367 3260 respondit
1388 3206 1450 3246 eum
1475 3191 1510 3246 de

71 3299 133 3357 quo
157 3283 298 3354 quaeritur
321 3281 473 3337 condicioni
496 3280 609 3335 rationis
632 3279 789 3334 reddendae
813 3279 853 3333 ita
876 3279 964 3334 uideri
981 3279 1120 3349 paruisse,
1144 3280 1168 3333 si
1190 3280 1288 3335 omne*
1305 3295 1341 3334 er
1364 3293 1410 3348 eo,
1435 3279 1509 3349 quod

67 3373 174 3446 gessit,
194 3376 268 3428 reete
286 3371 434 3426 desiderari
452 3373 552 3439 potest,
571 3367 732 3423 reddiderit:
751 3383 815 3422 nam
833 3367 946 3423 alteram
965 3368 1153 3423 condicionem
1171 3368 1330 3424 humaniore
1348 3367 1509 3438 interpreta-

66 3467 152 3521 tione
170 3463 211 3518 ita
228 3461 315 3530 accipi
332 3473 423 3531 posse,
442 3463 473 3514 ut
489 3456 619 3513 defuncto
637 3457 739 3527 pupillo
757 3461 875 3527 tempus,
894 3471 957 3527 quo,
976 3457 1000 3511 si
1012 3457 1126 3527 uiueret,
1144 3457 1264 3512 sedecim
1278 3473 1364 3512 annos
1376 3458 1509 3528 impleret,
1529 3465 1557 3506 ιι

66 3643 235 3716 quaesitum
253 3643 310 3709 est,
328 3653 362 3693 ao
382 3653 436 3693 nou
454 3638 542 3693 solum
561 3637 695 3705 rationes,
714 3649 809 3691 uerum
828 3635 851 3689 si
870 3651 924 3705 qua
942 3635 996 3690 alia
1014 3636 1127 3691 oonsilio
1145 3641 1174 3691 et
1191 3634 1287 3690 fraude
1304 3651 1399 3691 eorum
1418 3639 1510 3690 amota

69 3737 153 3802 sunt,
178 3729 314 3802 praestari
332 3727 367 3782 ab
385 3727 427 3781 his
445 3725 577 3796 debeant,
602 3731 633 3781 ut
651 3725 687 3780 ad
705 3723 858 3779 libertatem
882 3724 1053 3794 perueniant.
1081 3725 1223 3795 respondit
1240 3725 1375 3780 rationum
1394 3724 1510 3779 redden·

67 3821 174 3878 darum
193 3817 346 3876 condicioni
364 3816 496 3872 contineri
513 3829 608 3886 omne,
631 3813 705 3884 quod
723 3827 834 3883 quoquo
857 3827 958 3882 genere
982 3814 1055 3869 serui
1078 3817 1168 3870 actum
1193 3812 1331 3884 fidemque
1353 3814 1509 3884 respiceret.

19 3893 46 3942 ‘²
71 3911 152 3968 Intra
170 3912 249 3964 certa
265 3912 389 3977 ternpore
406 3905 559 3961 condicioni
575 3903 776 3959 reddendarum
793 3903 928 3958 rationum
947 3920 1002 3959 non
1019 3907 1178 3973 paruerunt,
1196 3907 1294 3972 postea
1310 3903 1399 3972 parati
1418 3905 1510 3958 erant:
1529 3910 1557 3950 ιι

72 3999 234 4073 qnaoeitum
253 4001 308 4066 est,
333 4011 368 4051 an
385 3994 547 4066 perueniant
565 3993 601 4048 ad
618 3992 781 4050 libertatem.
809 3993 964 4064 respondit,
988 3993 1080 4064 siper
1097 3993 1172 4063 ipsos
1190 3991 1328 4062 stetisset,
1347 4005 1402 4062 quo
1421 3993 1510 4048 minus

76 4103 297 4176 mxumo)

78 4270 85 4306 ¹
103 4265 185 4323 dedit
203 4265 244 4319 aio
261 4261 293 4318 'ei
310 4263 431 4318 rationes
449 4226 563 4318 dederit·
581 4264 708 4329 (similiter
725 4259 817 4326 Hali?
892 4262 904 4298 ¹
922 4261 1079 4331 peculium?
1155 4262 1168 4296 ³
1186 4259 1276 4328 omne]
1296 4274 1403 4314 ornnem
1422 4259 1512 4328 quae?

1254 4487 1310 4545 filio
1327 4490 1378 4544 Εἰ
1398 4489 1462 4551 aire
1481 4489 1512 4542 t'e

79 4427 175 4482 2esse
194 4423 228 4476 F:
246 4423 269 4477 ei
287 4420 414 4484 ἆκογιτέι
432 4419 500 4476 seris
514 4421 528 4474 ἡ
543 4421 707 4492 stupescunt
721 4422 769 4476 Rs
822 4423 857 4476 22
875 4418 1057 4476 deduei⁴hoc
1077 4421 1112 4472 F²
1174 4419 1209 4474 23
1227 4415 1458 4559 proponerentur
1475 4419 1512 4472 F’

77 4493 251 4568 dplacere't'
265 4495 322 4561 m
344 4494 402 4548 uti*
413 4493 578 4563 pamphilam
599 4492 634 4546 F*
687 4493 769 4562 bpa-
822 4494 857 4548 28
875 4490 1022 4546 tutela'm'e
1042 4490 1078 4544 F‘
1127 4491 1161 4544 29
1179 4489 1226 4544 filii

77 4571 187 4625 cuniam
208 4567 233 4618 F
275 4567 346 4620 ban
360 4564 409 4618 'ad'
422 4565 549 4619 heredem
570 4565 606 4616 F*
654 4566 686 4619 11
706 4565 767 4634 ego}
822 4563 929 4628 ἐιίιιιιε
943 4562 1005 4616 rard
1017 4565 1072 4616 τῶι
1085 4561 1232 4632 ὲιιιτρὸῐιωι
1245 4561 1293 4622 τοῩ
1306 4560 1363 4624 γίοῨ
1375 4560 1456 4622 eisaie
1472 4562 1510 4614 sai

76 4642 148 4696 Μ
151 4643 179 4711 s,
198 4637 316 4708 ergoF’
331 4639 336 4702 1
352 4637 528 4691 carissimae
542 4636 579 4688 1³¹
623 4638 657 4690 12
674 4651 768 4690 manu·
823 4633 1039 4689 κιτειικιιιιιιι
1058 4633 1184 4702 ιῩτιῙιΒιι
1234 4634 1269 4687 33
1288 4633 1311 4686 si
1328 4647 1409 4687 omne
1427 4632 1512 4701 (quod

75 4712 174 4768 missi*
191 4708 227 4764 ab
247 4709 284 4762 Ρ
302 4711 309 4772 l
329 4709 429 4762 salaria
447 4708 498 4761 F¹z
521 4705 553 4760 τὸ
578 4707 698 4774 ιιιιριοι
724 4707 769 4776 sip
823 4715 870 4761 ins.
884 4707 919 4771 O)
937 4721 971 4759 ex
991 4719 1024 4760 eo
1042 4705 1115 4774 quod
1133 4704 1221 4774 gessit
1238 4705 1366 4772 (gesserit
1385 4705 1419 4770 G)
1437 4710 1512 4758 recte

75 4784 207 4840 mutares
234 4779 316 4840 aistis
342 4778 581 4842 tretrareroimcm
609 4777 689 4840 atreis
721 4779 770 4832 Ba
822 4775 972 4832 desiderari
984 4781 1076 4846 potest
1087 4775 1245 4846 reddiderit]
1255 4775 1306 4829 ΡΧ
1309 4774 1427 4830 YMOO:
1439 4782 1512 4828 simi·

75 4857 169 4920 (Ωον.)
190 4855 195 4919 Ι
215 4849 436 4921 relinqu'a'erunt
455 4851 492 4903 F’
552 4850 587 4904 15
608 4851 632 4904 ιί
650 4849 769 4904 rationes
822 4852 880 4902 liter
899 4856 982 4902 oratio
1001 4849 1058 4902 lutat
1075 4855 1101 4900 ln
1118 4855 1249 4901 armaions:
1273 4847 1402 4900 sistam
1420 4843 1512 4914 ἆποιῷ

75 4928 118 4982 ιιι
142 4923 259 4994 dederit]
282 4922 330 4975 tta
355 4925 395 4991 ιῷ
418 4921 482 4983 robe
505 4919 600 4986 ldsorc
623 4919 704 4983 ιῨιοῩ
721 4921 770 4974 BS
822 4918 849 4972 tt
860 4919 1036 4986 dedidissem
1047 4917 1182 5043 ἐχέεώιτιι
1193 4917 1335 4978 inerciam
1347 4918 1395 4971 BS
1425 4916 1512 5002 34¹⁰·

77 4999 113 5054 16
132 4997 328 5066 confingerent
341 4995 366 5047 F
405 4995 437 5048 17
457 4991 586 5062 respondi
599 4993 624 5044 F
665 4993 698 5047 18
711 4991 769 5046 reli·
823 4990 1051 5062 terpr'a'etatione
1088 4991 1100 5024 ²
1145 4991 1180 5044 36
1199 4989 1296 5057 meisi]
1311 4989 1355 5054 1²²,
1373 4988 1463 5042 simet
1477 4987 1512 5039 F¹

76 5085 194 5140 qnorum
207 5065 321 5123 ‘m'onus
342 5066 378 5118 Fi
413 5065 450 5120 20
466 5071 597 5120 ιιιιιιιι4
610 5063 771 5119 domtnoF’
824 5062 1242 5132 oequ0qn01r1,quoqner²

1240 5146 1301 5204 29*
