3614 5460
104 267 127 312 a
143 263 268 324 uorsus
284 265 358 313 aar.
394 263 472 322 oms
487 266 510 312 a
526 262 688 322 onosrr.
784 237 872 321 869
1107 241 1315 311 XXXXVllll
1338 246 1354 310 1
1378 251 1413 308 28
1433 281 1465 292 -
1484 247 1541 312 41

104 403 259 472 quaesitum
279 408 329 473 eat,
348 417 384 458 an
401 407 466 473 post
482 401 670 458 iusiurandum
689 401 899 471 appellationem
923 401 1096 473 interponere
1114 401 1210 472 possit.
1238 385 1381 471 respondit
1397 401 1462 456 nihil
1480 417 1542 473 pro-

65 492 183 562 aponi,
205 507 255 546 our
272 490 465 561 denegandum
488 495 563 546 esset
586 490 778 560 appellationis
801 491 941 547 auxilium.
977 489 1126 546 Substituti
1150 495 1254 546 trrtores
1272 490 1407 546 inlocum
1426 492 1542 560 legitimi

103 580 203 636 tutoris
222 581 328 650 experti
346 595 408 636 cnm
428 595 461 636 so
479 581 584 636 tutelae
604 579 714 650 iudicio,
733 593 795 634 eum
814 577 917 634 arbiter
928 579 1036 649 iniquc¹
1049 579 1251 648 condemnauit,
1269 592 1352 648 quam
1365 580 1405 634 rei
1416 581 1542 649 aequitas

103 667 242 738 exigebat,
261 684 278 724 a
295 668 433 724 sententia
451 669 511 724 eius
523 672 755 738 prouooaoeront:
774 667 911 738 pendente
928 682 1013 722 eausa
1024 667 1215 739 appellationis
1227 667 1341 722 iuuenes
1353 667 1541 723 adoleueront.

102 757 258 826 quaesbnm
277 761 328 826 est,
347 772 409 812 eom
428 756 517 812 omnis
534 757 676 812 exsecutio
694 756 775 812 huius
794 755 830 811 ad
849 755 958 810 adultos
975 757 1113 826 pertineat
1130 761 1158 810 et
1176 771 1288 810 causam
1306 755 1342 810 ad
1361 771 1391 810 sc
1403 757 1540 825 pertinen·
1559 769 1573 810 ι
1634 795 1637 802 ,

102 851 159 901 tem
178 845 276 900 idonee
293 845 366 900 tueri
383 849 513 915 possunt,
538 860 573 900 an
591 845 741 916 postulatio
759 859 868 914 eorum,
892 847 987 902 contm
1010 859 1079 913 quos
1103 845 1270 914 appellatum
1294 849 1367 913 erat,
1391 844 1540 900 dicentium

102 935 164 990 illos
182 933 311 988 debuisse
336 947 435 988 causas
453 933 644 1002 appellationis
668 932 796 1002 reddere,
820 932 869 1001 qui
891 932 971 1002 primi
993 938 1059 987 snut
1081 933 1201 1002 experti,
1224 931 1396 989 admittenda
1418 948 1473 988 non
1495 934 1540 988 sit

103 1021 246 1093 respondit
264 1036 321 1090 eos,
340 1035 456 1090 quornm
474 1021 562 1077 tutela
574 1026 655 1092 gesta
666 1027 749 1089 esset,
768 1021 791 1076 si
804 1021 907 1076 uellent
919 1035 1030 1075 oausam
1043 1021 1165 1090 exsequi,
1184 1035 1239 1076 non
1251 1019 1444 1091 prohibendos.
1467 1021 1541 1078 idem

103 1115 133 1167 et
149 1111 177 1166 in
196 1108 367 1166 curatoribus
385 1108 589 1166 obseruandum
607 1114 660 1180 est,
679 1109 703 1166 si
721 1109 829 1164 interim
848 1108 959 1164 adultm
978 1108 1014 1164 ad
1032 1109 1183 1180 legitimam
1203 1113 1320 1166 aetatem
1340 1112 1474 1182 peruenit

831 1325 840 1345 ,
1560 1283 1588 1323 10

328 1396 366 1475 ιι
404 1398 438 1478 Α
466 1337 635 1488 numus
662 1261 943 1474 APPELHLARP
969 1395 1068 1473 non
1094 1393 1232 1474 nronn
1272 1397 1310 1474 a

66 1553 83 1610 1
157 1553 308 1610 Uarianos
325 1551 394 1608 libro
412 1552 500 1622 primo
523 1551 559 1607 de
582 1550 819 1622 appellationibus.
855 1551 1042 1608 Tractandum
1061 1556 1118 1622 est,
1137 1565 1155 1608 a
1173 1550 1273 1622 quibus
1291 1552 1383 1622 appel·
1402 1547 1579 1634 [tems

70 1653 82 1698 1
103 1643 161 1698 lare
177 1657 233 1698 noo
250 1641 339 1696 liceat.
376 1640 413 1696 Et
429 1640 541 1710 quidem
559 1641 673 1696 stultum
692 1643 736 1696 est
753 1639 819 1694 illud
837 1639 985 1696 admonere
1003 1656 1021 1696 a
1037 1640 1161 1711 principe
1180 1641 1318 1710 appellare
1335 1639 1378 1696 fas
1395 1627 1539 1711 ιιόἷιῖιῖ,

70 1740 85 1786 2
102 1747 165 1786 cum
184 1732 244 1801 ipse
262 1730 299 1786 sit
315 1730 363 1799 qui
380 1727 553 1799 prouocatur.
584 1726 731 1784 Sciendum
750 1732 793 1782 est
811 1729 942 1797 appellari
960 1745 978 1783 a
995 1732 1094 1784 senatu
1111 1743 1166 1784 non
1185 1744 1267 1799 posse
1279 1729 1438 1800 prinoipem,
1456 1729 1539 1799 idque

70 1829 85 1874 s
103 1817 227 1873 oratione
245 1816 302 1872 diui
321 1817 452 1874 Hadriani
470 1818 607 1873 effectum.
638 1815 668 1871 Si
686 1817 748 1886 quis
766 1821 830 1872 ante
849 1817 1013 1872 sententiam
1032 1814 1174 1887 professus
1192 1815 1275 1872 suerit
1292 1832 1323 1871 se
1341 1833 1358 1872 a
1376 1817 1466 1872 iudice
1485 1832 1540 1873 non
1559 1827 1588 1870 ιι

70 1909 325 1976 ιριοιοοιιιιιιι,
343 1904 497 1962 indubitate
515 1904 683 1974 prouocaodi
702 1905 834 1960 auxilinm
852 1904 980 1975 perdidit.
1007 1905 1147 1960 Interdum
1162 1905 1311 1976 imperator
1326 1906 1366 1960 ita
1383 1902 1516 1991 [lep.
1455 1901 1509 1973 rs
1509 1919 1539 1964 98

101 1995 174 2050 solet
191 1994 311 2049 indicem
329 1993 408 2064 dare,
432 2009 467 2049 ne
485 1993 580 2050 liceret
597 1992 633 2050 ab
651 2007 685 2049 eo
703 2007 868 2064 prouocare,
892 1999 923 2050 ut
945 1993 1004 2048 scio
1027 1993 1187 2062 saepissime
1206 2009 1224 2048 a
1241 1993 1306 2050 diuo
1325 1994 1417 2051 llurco
1435 1996 1539 2050 iudices

102 2082 192 2138 datos.
220 2097 256 2138 an
273 2087 303 2138 et
320 2083 390 2138 alius
408 2083 497 2154 possit
515 2083 555 2136 ita
572 2081 689 2136 iudicem
709 2082 783 2153 dare,
803 2081 972 2138 uidebimus:
990 2086 1019 2136 οι
1037 2085 1104 2152 puto
1122 2097 1177 2137 non
1194 2095 1285 2152 posse.

66 2171 84 2230 2
155 2171 276 2228 Paucos
298 2170 368 2227 libro
391 2170 522 2241 singulari
540 2169 575 2226 de
594 2170 833 2240 appellationibus.
870 2170 1029 2236 Quaesitum
1054 2173 1110 2238 est,
1133 2170 1161 2225 in
1179 2168 1311 2239 arbitros,
1335 2170 1381 2240 qui
1400 2166 1498 2252 [Γ9,
1478 2185 1499 2238 ι,
1499 2168 1578 2230 298

101 2259 138 2314 ad
156 2257 332 2316 fideiussores
350 2258 509 2332 probandos
521 2258 629 2328 dantur,
647 2275 683 2314 an
695 2261 832 2330 appellare
844 2259 939 2320 liceat.
958 2258 1085 2328 quamuis
1101 2257 1152 2313 boe
1165 2273 1232 2314 casn
1244 2263 1273 2313 et
1284 2258 1344 2314 sine
1356 2248 1539 2330 appellatione
1557 2272 1587 2312 ιο

99 2347 443 2418 quidamputentabeo,
462 2347 590 2458 quicum
609 2347 694 2418 dedit,
712 2349 876 2404 sententiam
895 2348 955 2403 eius
973 2347 1071 2416 corrigi
1090 2361 1181 2417 posse.
1266 2353 1271 2359 ·

428 2635 466 2712 Β
507 2634 612 2727 QUIS
639 2637 673 2711 A
702 2501 1135 2727 QUOHkPPELLETUR
1173 2633 1211 2712 Β
1554 2651 1604 2707 en

62 2796 79 2852 1
155 2789 305 2848 Unnrsrsus
322 2790 392 2847 libro
410 2791 499 2862 primo
516 2791 552 2846 de
570 2790 807 2862 appellationibus.
843 2791 923 2859 Quod
942 2788 952 2862 11
972 2790 1072 2846 dieitur
1090 2805 1152 2846 eum
1171 2791 1315 2862 appellari,
1333 2791 1380 2861 qui
1399 2776 1576 2866 Qu
1608 2787 1625 2835 l.
1636 2783 1690 2834 421'
1728 2801 1732 2810 ·

98 2879 180 2936 dedit
191 2879 317 2948 iudicem,
335 2881 376 2934 sio
388 2879 577 2949 accipiendum
591 2885 642 2949 cst,
660 2885 692 2936 ut
709 2887 738 2936 et
755 2896 899 2936 successor
915 2881 975 2936 eius
993 2879 1081 2950 possit
1098 2879 1237 2950 appellari.
1265 2879 1381 2950 proinde
1399 2881 1466 2936 etsi
1484 2876 1535 2964 [(ἰῖ)
1555 2889 1584 2930 2⁶

98 2966 258 3038 praefectus
276 2967 338 3023 urbi
355 2967 474 3024 iudicem
492 2967 599 3023 dederit
616 2969 661 3024 nel
678 2969 832 3039 praetorio,
850 2970 909 3040 ipsc
928 2969 980 3024 erit
997 2967 1205 3039 prouocandns,
1224 2969 1271 3038 qui
1290 2983 1352 3024 eum
1371 2968 1478 3025 dederit
1496 2971 1536 3025 iu·

62 3067 78 3114 ι
99 3056 200 3112 dicem.
236 3055 281 3111 Ab
299 3071 342 3127 eo,
360 3056 404 3111 cul
422 3057 484 3126 quis
504 3055 646 3111 mandauit
662 3057 891 3129 iurisdictionem,
910 3073 965 3114 non
982 3057 1042 3126 ipse
1059 3055 1267 3128 prouocabitnr:
1289 3073 1354 3114 nam
1372 3059 1537 3128 generaliter

96 3145 123 3202 is
142 3143 195 3199 erit
212 3143 404 3214 producendus
422 3142 458 3200 ab
476 3159 513 3200 eo
527 3145 573 3200 eui
590 3145 722 3201 mandata
739 3150 782 3202 est
799 3145 963 3216 iurisdictio,
988 3146 1036 3216 qui
1059 3149 1255 3216 prouocsretur
1278 3145 1314 3201 ab
1338 3161 1371 3204 eo
1394 3148 1441 3217 qui
1460 3163 1535 3206 man·

97 3233 180 3288 daoit
195 3233 1583 3289 remordeamur

49 3320 78 3380 2
153 3320 325 3378 Ussnnnrus
348 3319 538 3378 Sanunumns
564 3320 633 3378 libro
657 3321 780 3378 secundo
802 3321 837 3376 de
860 3319 951 3378 officio
974 3322 1154 3392 proconsulis.
1195 3320 1337 3393 Appellari
1360 3319 1536 3407 alec,
1475 3339 1496 3393 1,
1505 3327 1576 3384 ³18

97 3411 199 3479 legatis
211 3411 356 3480 proconsul
367 3413 468 3480 potest,
487 3393 523 3479 et,
542 3427 566 3466 ιι
558 3411 690 3466 mulum
704 3409 812 3481 dixerit,
829 3415 922 3480 potest
934 3409 969 3466 de
980 3411 1125 3482 iniquitate
1137 3411 1196 3468 cios
1209 3413 1356 3481 proconsul
1368 3403 1535 3482 οοιςοοιοοῖο

97 3503 128 3555 ιι
145 3497 220 3567 quod
237 3499 370 3568 optimum
387 3499 528 3568 putauerit
544 3503 674 3555 statuere.

45 3584 76 3643 3
152 3587 347 3643 Monnsnnrns
372 3585 442 3643 libro
465 3591 565 3643 octauo
588 3587 753 3658 regularum.
795 3588 868 3643 Dato
894 3587 984 3643 iudice
1010 3603 1028 3643 a
1050 3587 1258 3658 magistratibus
1284 3589 1379 3659 populi
1396 3586 1534 3674 [ee
1473 3605 1494 3658 1,
1504 3605 1534 3649 32
1553 3596 1580 3650 Β

95 3676 215 3732 Romani
233 3676 430 3747 cuiuscumque
448 3676 564 3747 ordinis,
581 3676 690 3731 etiamsi
707 3690 743 3731 ex
760 3676 923 3732 auctoritate
941 3677 1073 3748 principis
1090 3677 1155 3733 licet
1172 3678 1331 3734 nominatim
1351 3678 1469 3735 iudicem
1487 3680 1534 3736 de·

96 3763 228 3820 clarentis
246 3764 406 3836 dederint,
398 3766 451 3836 rpsi
469 3771 562 3821 tamen
579 3765 757 3835 magistratus
775 3763 993 3835 appellabuntur.
1553 3776 1582 3818 cs

94 4055 134 4134 Β
162 4051 356 4144 QUANDO
376 4047 727 4128 APPELLANDUM
750 3916 906 4129 ΒΙᾞΙΒΤ
926 4051 1073 4130 INTRA
1095 4050 1222 4144 QUAE
1244 4051 1470 4129 TEMPORA
1496 4054 1534 4132 Β

151 4207 303 4265 Ummnus
321 4207 390 4265 libro
407 4209 496 4280 primo
514 4207 549 4264 de
568 4205 806 4279 appellationibus.
842 4206 872 4263 Si
890 4207 1019 4278 quidem⁸
1037 4209 1066 4264 in
1088 4208 1374 4278 insudamdeportan-
1394 4205 1532 4294 {KQ
1550 4213 1590 4267 S·

94 4298 163 4353 dum
187 4297 362 4356 adnotauerit
385 4311 497 4368 praeses
519 4297 677 4368 prouinciae
704 4301 733 4352 et
755 4297 913 4367 imperatori
939 4297 1093 4366 scripserit,
1120 4302 1152 4352 ut
1178 4296 1351 4370 deportetur,
1380 4298 1531 4370 uideamus,

93 4385 207 4458 qnmdo
225 4386 262 4442 sit
279 4385 498 4456 prouocandum,
522 4390 612 4442 utrum
631 4399 694 4441 cum
711 4385 860 4456 imperator
882 4385 1024 4456 scripserit
1041 4401 1077 4442 an
1095 4400 1157 4442 cum
1176 4386 1202 4442 si
1219 4386 1366 4444 scribitur?
1392 4392 1421 4444 et
1437 4392 1531 4460 putem
1550 4397 1580 4437 ⁴⁰

94 4491 291 4562 HXYMOG)

95 4648 104 4682 ¹
124 4643 229 4714 inique]
247 4644 276 4698 in
294 4643 405 4700 minus?
475 4643 487 4678 ²
505 4642 642 4713 appellare
660 4641 758 4711 (edulii
828 4643 840 4678 ⁸
858 4657 940 4714 quem
958 4642 1057 4712 (eddli

97 4796 223 4850 llaom.
235 4795 286 4848 ind.
297 4794 323 4846 F
355 4795 388 4849 12
400 4791 605 4848 tractacndum
617 4791 652 4848 Ρ
689 4793 723 4848 13
735 4790 787 4863 sas]
842 4793 922 4850 etloc
940 4812 972 4855 ογ
991 4792 1104 4858 diuersa,
1124 4814 1173 4848 orn.
1186 4795 1222 4848 d¹
1281 4795 1453 4851 20damtur
1471 4795 1530 4868 ΒἸ

95 4865 194 4922 easF‘
233 4865 557 4935 reoffertum10ffaotun
571 4864 664 4920 estF’
702 4864 757 4919 16
749 4881 789 4920 ιιι
843 4881 878 4921 an
898 4866 1042 4951 appellare
1068 4865 1159 4933 liceat]
1188 4867 1275 4921 amoc
1301 4865 1478 4930 ὲκκιιοιιεθι
1506 4869 1533 4924 Β

97 4936 194 4994 dnbile
213 4937 238 4989 F
297 4937 330 4990 16
353 4937 400 5004 ιιι]
420 4937 491 4992 inter
510 4937 546 4990 ι’
610 4937 643 4990 l‘l
667 4936 789 5020 swaepir-
842 4937 876 4992 ιι
896 4938 942 5006 qni
960 4937 1032 5007 eum]
1051 4937 1096 5002 F’,
1114 4937 1225 5006 quidem
1243 4938 1280 4991 1⁵⁸¹
1343 4939 1378 4994 23
1394 4939 1465 4994 rubr.
1483 4957 1532 4994 om·

96 5009 165 5066 alme
184 5007 222 5062 F’
268 5007 552 5078 18non]F¹cumB:
570 5005 787 5068 roirot'enosaia
843 5009 895 5062 tud.
909 5009 935 5063 F
981 5009 1016 5066 31
1034 5008 1242 5078 deumqutate
1260 5009 1297 5064 Β*
