4350 5438
302 283 349 330 us
372 213 539 332 ornemus
561 284 716 333 rusnrcrs
777 279 778 288 ’
972 243 1059 344 925
1477 269 1504 334 L
1526 270 1546 334 9
1566 276 1584 332 4
1604 305 1635 316 -
1657 270 1735 336 105
1830 330 1831 333 ,

302 419 483 492 decreverint,
501 422 641 478 decretum
660 423 689 478 id
707 439 908 494 nonnumquam
928 425 1008 480 ullius
1026 426 1079 480 erit
1096 425 1240 481 momenti:
1262 429 1378 496 utputa
1396 427 1419 480 si
1438 426 1473 481 ob
1491 427 1628 482 liberalem
1648 431 1734 482 artem

302 508 386 566 inerit
403 512 581 568 constitutum
600 513 644 568 uel
663 512 698 568 oh
717 513 893 569 medicinam:
913 513 949 570 oh
966 514 1016 568 has
1034 515 1106 570 enim
1125 529 1224 570 sarisas
1242 515 1307 570 licet
1324 515 1453 570 constitui
1472 517 1578 572 salaria.

266 599 284 658 5
356 599 580 658 Oannrsrsanus
598 602 667 658 libro
686 601 806 658 secundo
824 602 859 658 dc
877 603 1087 672 cognitionibus.
1116 603 1194 670 Quod
1213 605 1297 659 semel
1313 604 1380 660 ordo
1393 604 1523 674 decreuit,
1541 608 1734 675 nonoportere
1767 603 1794 658 E

302 687 330 742 id
348 689 467 744 rescindi
484 691 565 746 diuus
584 692 738 748 Hadrianus
756 691 1001 748 Nicomedensibus
1019 693 1159 764 rescripsit
1175 694 1228 749 nisi
1246 709 1281 750 ex
1299 709 1396 748 causa:
1415 693 1443 748 id
1458 697 1502 750 est
1513 695 1536 749 si
1550 694 1584 749 ad
1597 694 1733 765 publicam

302 777 450 834 utilitatem
468 780 598 850 respiciat
614 782 742 836 rescissio
760 781 858 851 prioris
876 780 987 837 decreti.
1754 799 1767 837 e

265 866 284 926 6
356 866 514 924 somnone
537 869 606 924 libro
627 871 716 940 primo
740 869 918 939 digestorum.
955 871 1095 942 Municipii
1118 871 1179 941 lege
1202 871 1242 926 ita
1265 875 1375 926 cautum
1395 877 1468 926 erat:
1487 870 1540 926 '’ca's
1559 891 1599 927 rrc
1617 871 1667 927 izo
1686 873 1735 934 τοῩ
1763 870 1788 926 Α

302 953 449 1029 ἐγκελρίογ
466 957 604 1024 traicerer,
623 959 671 1021 roi
689 979 718 1014 ro
737 961 874 1031 crashpicq
893 959 1016 1032 eipstceo
1035 962 1073 1014 sai
1087 960 1318 1032 npocanorruuirm
1332 961 1446 1032 tpdxuac
1457 959 1552 1024 urliac'.
1580 963 1733 1031 quaesitum

302 1050 355 1115 est,
373 1063 407 1101 an
426 1061 542 1116 poenam
562 1047 697 1104 sustinere
715 1047 824 1118 debeat,
842 1049 889 1118 qul
906 1050 1036 1120 ignorans
1049 1049 1182 1106 aduersus
1194 1049 1333 1106 decretum
1346 1048 1419 1106 iecit.
1448 1050 1589 1120 respondit
1601 1057 1630 1104 et
1641 1049 1735 1106 huius·

303 1135 377 1192 modi
394 1151 498 1206 poenas
516 1136 649 1192 aduersum
666 1137 784 1194 seientes
802 1143 913 1208 paratas
931 1154 1002 1194 esse.

1754 1307 1783 1346 ,ο

586 1397 587 1400 ‘
664 1429 702 1506 aa
740 1427 803 1504 nn
832 1295 1059 1507 ornnmiis
1086 1429 1295 1508 ruenrors
1335 1429 1372 1506 a
1767 1443 1817 1498 sn

268 1585 284 1639 1
356 1579 508 1636 liberamus
530 1581 598 1638 libro
623 1584 744 1640 secundo
762 1585 928 1655 opinionum.
966 1587 1082 1642 (iurator
1099 1601 1212 1656 operum
1231 1589 1339 1640 creatus
1357 1583 1571 1655 praescriptione
1589 1589 1680 1638 metus
1699 1581 1734 1638 ab
1768 1577 1789 1631 S

304 1670 481 1724 excusatione
498 1670 675 1740 perferenda¹
695 1675 776 1730 sicuti
794 1676 954 1730 cessationis
973 1677 1090 1746 nomine,
1109 1676 1137 1730 in
1156 1691 1211 1745 qua
1228 1675 1318 1744 quoad
1334 1675 1404 1730 uiuit
1417 1679 1538 1729 moratus
1551 1677 1601 1742 est,
1620 1671 1735 1728 heredes

304 1772 369 1812 snos
391 1757 527 1829 obligatos
551 1762 673 1833 reliquit,
696 1763 735 1818 ita
753 1765 898 1834 temporis,
923 1765 997 1834 quod
1015 1769 1078 1836 post
1096 1771 1210 1820 mortem
1230 1765 1289 1819 eius
1307 1764 1403 1833 cessit,
1428 1763 1501 1818 nullo
1520 1777 1602 1818 onere
1620 1776 1668 1816 eos
1686 1760 1735 1816 ob-

272 1861 284 1904 1
303 1847 420 1902 strinxit.
457 1848 556 1905 Curam
581 1853 671 1921 operis
694 1868 782 1922 aquae
805 1853 905 1908 ductus
928 1854 955 1908 in
981 1855 1034 1908 allo
1057 1854 1112 1908 iam
1137 1869 1249 1909 munere
1268 1854 1433 1908 constitutus
1451 1856 1549 1922 postea
1566 1854 1734 1920 susceperat.
1753 1861 1782 1901 aa

303 1943 479 2006 praepostere
499 1939 574 1994 uisus
593 1945 636 1995 cst
653 1946 746 2011 petere
765 1943 906 1998 exonerari
924 1943 1013 2012 priore
1032 1943 1155 2012 utrisque
1172 1943 1226 1997 iam
1245 1941 1405 2012 implicitus,
1430 1939 1553 2010 quando,
1578 1941 1602 1995 si
1619 1941 1734 1996 alterum
1792 1951 1793 1956 ’

304 2029 409 2080 tautum
429 2027 563 2084 sustinere
581 2045 643 2084 eum
663 2031 841 2102 oportuisset,
860 2037 924 2087 ante
942 2030 1110 2102 probabilius
1128 2031 1302 2102 impetrasset
1319 2035 1430 2101 propter
1447 2031 1523 2100 prius
1541 2045 1640 2084 munus
1658 2044 1676 2083 a
1693 2043 1734 2084 se·

304 2115 398 2184 quenti
416 2118 628 2174 excusationem.

266 2207 285 2266 2
357 2204 435 2260 insu
451 2205 520 2262 libro
538 2209 619 2263 tertio
637 2209 803 2280 opinionum.
840 2208 892 2275 Qui
912 2209 1088 2279 liberalitate,
1112 2224 1167 2264 non
1184 2210 1350 2265 necessitate
1368 2207 1466 2278 debiti,
1489 2207 1594 2263 reditus
1612 2221 1677 2263 suos
1695 2207 1734 2262 in·
1769 2201 1791 2256 S

304 2292 382 2347 terim
406 2293 442 2348 ad
462 2311 545 2365 opera
562 2295 683 2352 finienda
701 2298 848 2368 concessit,
873 2297 1074 2353 munificentiae
1091 2313 1158 2353 auae
1176 2296 1293 2353 fructum
1312 2299 1347 2354 de
1365 2298 1541 2369 inscriptione
1558 2297 1675 2352 nominis
1693 2297 1736 2351 sui
1755 2307 1783 2346 ao

270 2398 284 2442 1
304 2381 447 2452 operibus,
466 2385 489 2439 si
507 2401 563 2455 qua
580 2383 689 2456 iecerit,
711 2402 809 2457 capere
827 2401 876 2457 per
893 2387 1023 2442 inuidiam
1041 2401 1096 2442 non
1114 2387 1281 2458 prohibetur.
1318 2388 1464 2444 Curatores
1482 2401 1594 2458 operum
1614 2401 1675 2442 cnm
1694 2387 1735 2440 re'·

304 2471 492 2542 demptoribus
511 2477 649 2546 negotium
668 2475 778 2547 habent,
798 2491 841 2532 res
859 2476 969 2547 publica
987 2481 1078 2532 autem
1097 2477 1225 2546 cumbis,
1244 2491 1314 2548 quos
1327 2475 1470 2533 efficiendo
1483 2476 1559 2546 operi
1571 2475 1735 2546 praestituit.

271 2577 286 2622 a
305 2569 441 2632 quatenus
464 2578 530 2634 ergo
554 2566 661 2635 etquis
679 2572 707 2621 et
725 2567 769 2622 cui
787 2566 935 2622 obstrictus
953 2570 1008 2636 est,
1031 2566 1185 2622 aestimatio
1204 2567 1337 2637 praesidis
1355 2567 1512 2637 prouinciae
1529 2572 1580 2621 est.
1616 2564 1658 2620 Ne
1676 2565 1735 2618 eius
1763 2573 1765 2576 ·

305 2652 427 2722 nomine,
448 2654 526 2709 cuius
544 2653 706 2711 liberalitate
725 2671 795 2726 opus
813 2660 980 2711 exstructum
1000 2659 1051 2723 est,
1071 2671 1149 2711 eraso
1168 2656 1280 2711 aliorum
1299 2658 1410 2712 nomina
1427 2654 1610 2712 inscribantur
1628 2657 1657 2708 et
1673 2667 1735 2723 pre-

304 2745 400 2811 pterea
423 2745 602 2799 reuecentur²
620 2745 722 2800 similes
741 2745 841 2800 ciuium
860 2745 888 2800 in
905 2745 1009 2814 patrias
1026 2743 1217 2816 liberalitates,
1240 2761 1351 2816 praeses
1369 2747 1526 2818 prouinciae
1545 2743 1734 2800 auctoritatem
1755 2753 1783 2794 aa

305 2845 383 2886 snam
400 2831 563 2902 interponat.

267 2924 286 2983 3
358 2920 463 2976 Macen
485 2921 554 2977 llhro
577 2921 697 2977 secundo
721 2921 756 2976 de
779 2920 871 2978 officio
895 2921 1038 2992 praesidis.
1075 2921 1150 2993 Opus
1172 2937 1273 2978 nouum
1297 2924 1405 2994 priuato
1428 2923 1511 2978 etiam
1530 2922 1588 2978 sine
1605 2919 1735 2992 principis
1768 2917 1790 2972 S

305 3009 467 3064 auctoritate
482 3008 576 3066 'iacere
594 3012 665 3080 licet,
683 3017 873 3082 praeterquam
892 3013 916 3066 sl
934 3011 970 3066 ad
988 3013 1197 3068 aemulationem
1216 3013 1328 3068 alterius
1343 3013 1463 3068 ciuitatis
1474 3013 1611 3082 pertineat
1623 3012 1666 3066 uel
1679 3027 1735 3065 ma·

272 3115 285 3160 1
304 3099 401 3152 teriam
419 3099 561 3154 seditionis
573 3100 704 3170 praebeat
715 3102 760 3156 uel
772 3101 892 3156 circum¹
904 3099 1040 3156 theatrum
1052 3101 1096 3156 uel
1109 3101 1337 3172 amphitheatrum
1350 3103 1394 3156 sit.
1422 3101 1534 3158 Publice
1547 3116 1612 3157 uero
1624 3105 1736 3171 sumptu

272 3205 287 3250 r
306 3201 375 3257 opus
393 3203 494 3244 nouum
513 3189 572 3244 sine
589 3190 719 3260 principis
738 3191 901 3246 auctoritate
919 3189 977 3246 lieri
994 3206 1049 3246 non
1067 3191 1149 3246 licere
1168 3191 1409 3247 constitutionibus
1428 3191 1589 3247 declaratur.
1621 3188 1736 3244 Inscribi
1756 3202 1784 3243 eo

306 3281 397 3332 autem
417 3292 516 3332 nornen
533 3279 611 3349 operi
627 3278 737 3350 publico
755 3280 867 3335 alterius
885 3295 967 3350 quam
985 3281 1115 3351 principis
1134 3286 1182 3336 aut
1199 3281 1266 3351 eius,
1285 3281 1363 3336 cuius
1381 3281 1498 3351 pecunia
1509 3279 1538 3334 id
1551 3295 1620 3350 opus
1632 3277 1734 3334 iactum

305 3365 350 3436 sit,
368 3381 422 3422 nen
440 3368 513 3424 licet.

267 3463 287 3520 4
358 3456 551 3513 Monusunrus
567 3455 637 3514 libro
654 3458 799 3515 undecimo
817 3458 1023 3530 pandectarum.
1053 3459 1112 3516 Nec
1128 3458 1264 3528 praesidis
1282 3457 1392 3529 quidem
1413 3473 1513 3514 nomen
1530 3457 1623 3513 licebit
1641 3473 1735 3528 super·
1756 3455 1797 3511 'E

305 3544 433 3602 scribere.
475 3589 479 3600 .
1754 3555 1785 3596 aa

268 3641 286 3699 5
359 3633 369 3702 11
389 3633 540 3692 Unrrnuns
557 3634 626 3692 libro
644 3637 775 3706 singulari
793 3636 828 3692 de
846 3634 937 3694 cilicio
956 3638 1089 3693 curatoris
1107 3639 1147 3694 rei
1165 3636 1299 3708 publicae.
1330 3636 1359 3692 Si
1374 3637 1495 3706 legatum
1515 3635 1559 3690 nel
1578 3630 1735 3718 [iffi
1767 3638 1808 3710 Ss
1822 3635 1900 3689 itto'

304 3721 545 3780 fideicommissum
564 3724 646 3782 inerit
663 3726 698 3780 ad
717 3741 787 3796 epus
804 3727 937 3796 relictum,
956 3741 1056 3782 usrrrae
1074 3741 1145 3797 quae
1163 3733 1192 3782 ct
1209 3727 1320 3796 quando
1338 3725 1470 3795 incipiant
1482 3724 1584 3794 deberi,
1602 3726 1735 3794 rescripto

305 3813 362 3868 diui
375 3815 415 3869 Pii
433 3816 472 3870 ite
489 3815 651 3871 continetur.
679 3813 716 3870 'Si
733 3815 843 3884 quidem
862 3815 922 3870 dies
940 3832 994 3871 non
1013 3817 1050 3871 sit
1067 3815 1102 3871 ab
1120 3816 1171 3888 his,
1190 3817 1237 3886 qui
1255 3821 1362 3872 statuas
1380 3817 1425 3870 uel
1442 3815 1575 3883 imagines
1594 3812 1735 3883 ponendas

305 3901 487 3973 ‘legauerunt,
511 3903 682 3974 praefinitus,
706 3904 866 3974 apraeside
884 3906 1042 3974 prouinciae
1059 3910 1169 3976 tempus
1193 3905 1367 3960 statuendum
1387 3908 1444 3960 est:
1468 3907 1497 3959 et
1520 3904 1573 3958 nisi
1596 3903 1736 3973 posuerint

306 3989 436 4063 heredes,
456 4009 552 4048 usuras
567 3994 684 4050 leuiores
695 3995 768 4049 intra
779 4009 827 4050 sex
841 4009 958 4063 menses,
976 3995 1000 4050 si
1012 3995 1127 4065 minus⁴,
1146 3996 1275 4051 semisses
1293 4010 1391 4050 usuras
1404 3995 1442 4049 rei
1460 3993 1586 4062 publicae
1604 3991 1735 4062 pendant.

305 4079 337 4137 ‘si
349 4097 415 4137 uero
433 4081 493 4138 dies
505 4081 586 4138 datus
601 4089 657 4154 est,
675 4083 818 4154 pecuniam
832 4083 971 4154 deponant
982 4085 1054 4138 intra
1066 4083 1147 4153 diem,
1167 4086 1190 4139 si
1208 4090 1328 4140 autnon
1345 4083 1468 4138 inuenire
1487 4097 1517 4136 se
1535 4085 1642 4136 statuas
1660 4079 1736 4134 dixe·
1755 4091 1783 4132 so

272 4189 285 4234 1
304 4167 367 4227 ‘rint
385 4173 449 4226 runt⁸
466 4173 527 4228 loco
545 4173 758 4229 controuersiam
777 4171 904 4228 iecerint:
923 4174 1071 4248 ⁸semisses
1089 4167 1214 4242 protinus
1234 4169 1372 4243 pendant'.
1408 4172 1490 4226 lines
1508 4170 1595 4240 publi·
1615 4166 1736 4254 [effi-,7

304 4275 353 4316 cos
371 4276 388 4315 a
405 4261 521 4332 priuatis
539 4261 655 4318 detineri
671 4277 727 4318 non
744 4266 861 4332 oportet.
889 4262 996 4319 curabit
1012 4263 1097 4333 igitur
1113 4277 1226 4332 praeses
1244 4261 1410 4332 prouinciae,
1428 4261 1470 4315 si⁷
1482 4261 1530 4330 qui
1543 4259 1645 4331 publici
1663 4266 1736 4330 sunt,

304 4359 497 4427 HXYMOO)

305 4501 517 4573 ¹proierenda?
597 4503 815 4560 ²remoreutur?
860 4502 1011 4587 0³*circus
1028 4500 1094 4557 uel?
1176 4501 1229 4556 ‘ri
1247 4500 1347 4570 miuus]
1364 4506 1428 4571 post
1445 4515 1494 4556 sex
1512 4515 1621 4556 menses
1640 4501 1676 4568 (a.
1690 4498 1737 4568 tl?

305 4575 369 4630 ‘de
388 4583 435 4630 ine.
453 4578 488 4642 (u.
502 4579 530 4642 ι’.)
600 4577 679 4632 ⁶ant
697 4585 744 4630 irre.
814 4577 869 4629 'sn
886 4576 933 4628 det.

304 4707 518 4764 drescessioF
566 4709 696 4764 derltF
743 4705 914 4763 8dehea‘n't
932 4707 992 4775 pal
1048 4723 1096 4759 om.
1110 4705 1145 4758 F¹
1193 4705 1228 4760 38
1245 4703 1504 4775 praeside'm'prou.
1518 4703 1554 4758 Γ*
1601 4705 1636 4759 39
1651 4703 1675 4758 si
1688 4703 1736 4758 mi-

305 4780 449 4850 aduersus]
467 4778 585 4834 aduersu
604 4781 648 4845 Ρ,
671 4778 790 4835 aduersu
810 4780 845 4832 Ρ
897 4780 914 4834 9
933 4792 995 4833 esse
1047 4793 1100 4831 nus
1118 4776 1246 4832 semisses
1265 4796 1313 4832 cm.
1327 4777 1377 4830 F¹:
1396 4777 1458 4831 sirm
1477 4777 1570 4830 narde
1582 4775 1609 4829 ἓΞ
1623 4773 1736 4845 insopo-

305 4853 352 4906 del.
367 4851 402 4905 F‘
457 4853 491 4906 12
509 4852 667 4922 opinianum
686 4851 723 4904 1⁸¹
779 4851 812 4906 14
830 4849 945 4920 reliquid
959 4850 994 4902 F¹
1047 4849 1141 4919 ripere
1159 4848 1266 4912 tredaci,
1285 4848 1349 4902 ucri
1368 4849 1448 4910 raira
1462 4847 1737 4910 iurcxarocrraioch

306 4925 341 4979 15
359 4923 412 4978 alio
431 4923 494 4991 iam]
514 4924 631 4993 aliquam
649 4923 683 4976 Ρ
738 4924 772 4978 16
789 4922 888 4993 priore]
905 4915 994 4990 priore
1047 4921 1083 4975 to
1100 4921 1124 4974 si
1143 4927 1191 4974 aut
1209 4934 1264 4976 uon
1336 4921 1371 4975 41
1390 4919 1513 4988 iecerint]
1533 4920 1555 4974 ei
1619 4919 1736 4981 atrorem

305 5011 418 5050 munere
437 4995 474 5048 F²
494 4997 498 5060 Ι
519 4994 657 5064 implicitis
681 4993 713 5046 F¹
781 4996 814 5048 19
836 4993 994 5063 opinionum
1048 4992 1071 5046 oi
1091 4991 1247 5063 stupendum
1268 4991 1301 5045 uir
1321 4991 1455 5062 siparium
1475 4991 1571 5045 crrilac
1585 4989 1619 5060 [ir]
1633 4991 1671 5044 sic
1688 4989 1736 5044 ndu

306 5087 354 5122 om.
369 5067 404 5120 ps
420 5070 426 5136 1
441 5065 535 5121 reditis
549 5067 584 5120 pn
631 5067 667 5120 35
680 5064 806 5135 ulpianus
869 5064 994 5134 publicae
1046 5063 1129 5118 rdnou
1148 5065 1345 5128 praeuertisset
1366 5064 1392 5118 B
1444 5064 1477 5116 41
1497 5063 1644 5116 semisses
1663 5062 1698 5115 1⁸²
