3608 5460
259 301 438 369 xxxxiiii
459 303 479 366 2
500 309 535 364 30
555 338 587 348 -
608 303 664 367 35
848 307 853 320 ’
936 251 1024 374 628
1142 317 1188 365 on
1203 315 1421 400 nxesenrona
1436 315 1496 364 ιιιιι
1510 313 1688 363 morosum

259 473 368 528 quoqne
388 459 445 512 iure
464 459 618 527 quaesitum
638 457 755 526 uidetur,
776 471 837 511 cnm
857 459 933 511 actor
950 455 1111 525 petitionem
1130 455 1234 525 implet.
1262 454 1336 524 quod
1355 454 1378 508 si
1391 469 1537 524 possessor
1555 450 1690 507 absolutus

259 547 362 601 amissa
378 547 555 615 possessione
573 545 690 601 eundem
710 545 745 600 ab
763 545 869 614 eodem,
888 545 934 614 qui
952 545 1028 614 prius
1047 555 1101 600 non
1120 543 1248 613 optinuit,
1266 548 1381 612 peteret,
1403 557 1459 597 non
1476 542 1591 597 obesset
1608 539 1633 594 ei
1650 555 1691 594 ex·

259 635 364 705 ceptio:
384 633 450 690 nibil
468 636 539 690 enim
559 636 586 690 in
605 649 655 690 suo
673 633 775 688 indicio
793 631 828 688 de
846 635 905 688 iure
924 634 983 688 eins
1002 637 1135 688 obtutum
1156 631 1303 686 uideretur.
1333 647 1395 686 cnm
1411 635 1504 686 autem
1517 629 1693 700 pignoraticia

259 728 351 777 actum
370 727 414 776 est
432 723 565 779 aduersus
583 723 700 793 priorem
720 722 892 792 creditorem,
911 726 1004 792 potest
1020 720 1094 790 lieri,
1120 723 1152 774 ut
1170 720 1205 774 de
1223 720 1281 776 iuro
1300 721 1467 790 possessoris
1486 733 1542 774 non
1560 718 1598 773 sit
1615 731 1692 787 qnae·

260 811 356 878 situm,
381 811 447 880 qula
470 827 537 881 non,
562 817 594 866 ut
615 812 643 866 iu
662 811 838 881 proprietatis
862 811 1024 880 quaestione
1048 807 1123 878 quod
1146 823 1236 863 meum
1260 811 1304 863 est
1327 809 1440 864 alterius
1458 824 1514 862 non
1532 811 1591 875 est,
1613 807 1652 860 ita
1667 807 1722 859 ins

258 898 425 968 obligatione
443 899 539 968 utique
558 913 727 969 consequens
746 905 797 969 cst,
816 903 920 954 utnon
938 899 974 952 sit
991 897 1037 952 alii
1055 896 1216 967 obligatum,
1235 897 1309 968 quod
1327 896 1372 952 hic
1389 895 1518 968 probabit
1530 895 1583 952 sibi
1600 893 1693 949 teneri.

259 991 287 1041 et
305 985 473 1057 probabilius
498 987 598 1042 dicitur
621 1004 675 1042 non
700 987 810 1044 obstare
828 987 1032 1058 exceptionem,
1056 987 1186 1057 quoniam
1210 985 1245 1042 de
1268 987 1327 1042 iure
1350 986 1519 1057 possessoris
1542 984 1709 1062 quaesitum

259 1091 313 1130 non
332 1081 389 1145 est,
413 1075 462 1130 sed
481 1075 516 1130 de
534 1075 593 1130 sola
611 1075 786 1145 obligatione.
815 1077 843 1131 in
861 1077 1003 1147 proposita
1025 1082 1117 1132 autem
1142 1076 1304 1146 domatione
1327 1075 1417 1144 magis
1441 1089 1485 1130 me
1509 1072 1576 1128 illud
1595 1075 1694 1141 mouet,

259 1163 391 1234 numquid
409 1164 531 1234 pignoris
549 1165 593 1219 ius
611 1165 761 1220 extinctum
786 1165 823 1220 sit
840 1165 961 1222 dominio
980 1165 1131 1235 adquisito:
1158 1179 1247 1234 neque
1269 1163 1342 1219 enim
1366 1168 1459 1234 potest
1481 1163 1584 1233 pignus
1605 1173 1693 1232 perse·

260 1267 355 1308 serare
374 1253 485 1308 domino
510 1253 659 1308 constituto
682 1253 825 1309 creditore.
853 1255 925 1309 actio
946 1257 1040 1309 tamen
1063 1253 1244 1324 pignoraticia
1267 1251 1412 1323 competit:
1436 1266 1533 1306 nerum
1557 1253 1602 1305 est
1625 1250 1694 1304 onim
1712 1262 1732 1299 ι
1752 1259 1784 1298 «ι

259 1347 288 1396 et
305 1341 412 1411 pignori
431 1341 523 1396 datam
542 1347 571 1396 et
582 1340 753 1397 satisfactum
766 1358 820 1398 non
833 1357 904 1412 esse,
923 1357 1008 1413 quare
1026 1347 1093 1412 puto
1106 1357 1160 1397 non
1173 1341 1285 1398 obstare
1296 1342 1335 1396 rei
1348 1341 1484 1397 iudicatae
1497 1340 1694 1410 exceptionem.

202 1427 238 1485 31
313 1429 389 1484 lnasr
407 1427 476 1484 libro
495 1431 576 1486 terlio
596 1446 797 1501 responsorum.
828 1431 930 1486 Pardus
948 1431 1090 1501 respondit
1108 1431 1142 1500 ei,
1161 1431 1209 1500 qui
1227 1431 1254 1485 iu
1273 1443 1330 1486 rem
1349 1431 1453 1500 egisset
1470 1444 1523 1485 uec
1540 1423 1694 1513 [Q
1712 1429 1786 1484 1³

258 1519 401 1586 tonuisset,
420 1523 519 1588 postea
536 1518 690 1574 condicenti
708 1534 763 1574 non
781 1518 892 1575 obstare
910 1520 1100 1590 exceptionem
1118 1520 1158 1576 rel
1176 1519 1323 1575 indicatae.
1531 1527 1534 1536 ·

1716 1727 1790 1769 lt

278 1853 315 1929 lt
355 1851 418 1927 DE
452 1851 666 1929 DlUERSIS
700 1719 1061 1929 TEMPORALQOE
1095 1849 1575 1930 PRAESCRIPTIONIBUS
1609 1847 1670 1925 ET
1710 1858 1800 1918 Ji

512 1975 576 2051 DE
610 1975 976 2055 ACGESSIONIBUS
1009 1977 1362 2055 POSSESSIONEM
1402 1973 1440 2054 R

224 2139 240 2194 l
314 2139 464 2196 Unerauus
481 2139 550 2195 libro
569 2141 791 2210 septuagensimo
809 2145 907 2212 quarto
926 2141 961 2197 sd
980 2141 1109 2198 edictum.
1140 2141 1210 2208 Quia
1227 2145 1362 2197 tractatus
1374 2140 1409 2196 de
1427 2139 1541 2195 utilibus
1559 2133 1693 2224 [ις’-,ΕΞ
1735 2129 1794 2189 „B

260 2227 358 2284 diebus
376 2227 504 2298 frequens
523 2234 573 2298 est,
593 2229 745 2300 uideamus,
764 2231 831 2299 qnid
849 2231 886 2285 sit
903 2231 1063 2306 experiundi
1081 2235 1246 2300 potestatem
1260 2229 1370 2286 hebere.
1398 2227 1550 2299 etquidem
1563 2227 1693 2298 inprimis

260 2317 426 2386 exigendum
450 2323 506 2387 est,
531 2323 562 2373 ut
585 2319 621 2373 sit
644 2316 761 2373 facultas
785 2319 894 2388 agendi.
922 2334 1011 2390 neque
1030 2317 1132 2376 sufficit
1154 2333 1201 2374 rec
1220 2319 1380 2390 experiundi
1399 2334 1492 2374 secum
1511 2316 1603 2373 iacere
1620 2321 1693 2386 potc-

260 2411 369 2476 statem,
387 2407 431 2460 uel
450 2405 552 2462 habero
570 2422 632 2462 eum
652 2408 698 2476 qui
718 2421 748 2462 se
766 2407 865 2462 idonee
884 2406 1023 2477 defendat,
1042 2407 1095 2464 nisi
1113 2412 1190 2464 actor
1207 2421 1318 2478 qnoque
1337 2409 1411 2463 nulla
1427 2407 1528 2463 idonea
1545 2421 1631 2462 canas
1646 2405 1693 2460 im·
1784 2397 1800 2438 ¹*

259 2494 387 2564 pediatur
404 2495 530 2563 experiri.
557 2487 671 2565 proinde
690 2495 749 2550 siue
768 2495 842 2566 apud
861 2495 955 2552 hostes
974 2497 1010 2552 sit
1027 2497 1086 2552 sine
1105 2497 1143 2551 rei
1162 2495 1290 2565 publicae
1308 2511 1393 2553 causa
1416 2495 1489 2552 absit
1513 2497 1573 2551 sino
1591 2496 1619 2550 in
1636 2494 1691 2548 nin-

260 2583 328 2637 culis
346 2584 384 2637 sit
402 2587 450 2637 ant
468 2583 492 2636 si
510 2587 675 2652 tempestate
693 2584 721 2638 in
739 2583 800 2639 loco
819 2584 910 2654 aliquo
927 2585 972 2640 uel
985 2585 1012 2640 in
1025 2586 1137 2655 regione
1150 2585 1313 2655 detineatur,
1332 2591 1364 2641 ut
1375 2599 1464 2656 neque
1477 2583 1595 2654 experiri
1607 2595 1692 2651 neque

260 2670 391 2726 mandare
408 2665 508 2740 possit,
529 2670 539 2741 ll
559 2671 720 2740 experiundi
743 2677 909 2742 potestatem
934 2687 988 2728 non
1006 2673 1099 2729 babet.
1127 2673 1208 2743 plane
1226 2674 1264 2745 ia,
1288 2675 1336 2744 qui
1359 2673 1518 2730 ualetudine
1540 2671 1691 2744 impeditur,
1707 2689 1727 2696 -
1791 2655 1800 2702 f

258 2763 291 2813 ut
309 2759 440 2814 mandare
457 2760 553 2830 possit,
572 2761 600 2815 in
619 2775 653 2815 ca
671 2775 762 2815 cansa¹
773 2765 824 2831 est,
843 2766 875 2816 nt
887 2761 1048 2832 experiundi
1059 2761 1345 2832 habeatpolestatem.
1372 2762 1438 2818 illud
1451 2763 1546 2832 nuque
1559 2761 1691 2817 neminem

259 2843 331 2916 fugit
349 2847 510 2917 experiundi
528 2853 694 2917 potestatem
714 2864 768 2904 non
787 2847 888 2905 habore
906 2865 978 2920 eum,
997 2851 1044 2920 qni
1061 2851 1195 2921 praetoris
1214 2851 1322 2922 copiam
1340 2867 1395 2908 non
1406 2851 1515 2907 habuit:
1534 2849 1649 2922 proinde
1666 2847 1691 2903 bi
1709 2863 1723 2892 ³

259 2934 318 2990 dies
337 2935 446 3005 cedunt,
466 2935 566 3006 quibus
585 2937 628 2992 ins
646 2943 757 3008 praetor
774 2936 872 2993 reddit.
1252 3003 1254 3005 ,

220 3025 240 3082 2
312 3023 492 3080 Masonnnus
510 3024 579 3082 libro
597 3029 677 3081 sexto
695 3025 873 3096 digestorum.
901 3027 932 3081 ln
953 3031 1076 3098 tompore
1089 3029 1238 3086 constituto
1256 3029 1384 3084 iudicatis
1403 3045 1437 3084 an
1456 3029 1537 3085 inter-
1557 3022 1692 3113 [iffi
1710 3005 1800 3082 fl

259 3112 357 3167 calaris
375 3113 434 3167 dios
452 3111 583 3182 prolicere
601 3115 723 3170 iudicato
741 3131 792 3170 nec
810 3130 845 3172 ne
863 3114 977 3185 debeat,
996 3116 1161 3184 quaesituri
1188 3118 1255 3172 item
1272 3116 1308 3172 de
1325 3122 1464 3188 tempore,
1488 3133 1543 3188 quo
1565 3119 1600 3173 lis
1617 3117 1691 3188 perit,

259 3201 299 3255 sio
317 3201 376 3256 sine
394 3201 478 3257 dubio
498 3203 708 3258 existimandum
727 3209 778 3274 est,
797 3209 828 3258 ut
846 3207 957 3259 auctum
976 3205 1031 3259 litis
1049 3210 1158 3276 tompus
1176 3205 1331 3261 intercalari
1348 3205 1393 3262 die
1411 3206 1593 3276 existimetur,
1611 3203 1693 3261 nelnti

259 3289 282 3344 si
300 3289 335 3344 de
354 3291 521 3360 usucapione
540 3292 576 3346 sit
594 3294 731 3362 quaestio,
756 3307 827 3363 quae
849 3299 973 3363 tempore
997 3294 1147 3350 mastruca
1170 3296 1273 3365 expleri
1296 3297 1378 3366 solet,
1402 3301 1451 3350 ant
1474 3295 1509 3350 de
1533 3293 1692 3362 actionibus,
1710 3275 1793 3340 ‘⁰

259 3393 330 3448 qnae
348 3383 423 3434 certo
441 3385 565 3448 tempore
582 3378 722 3451 finiuntur,
741 3385 773 3436 nt
790 3381 931 3437 aedilicias
949 3381 1113 3452 pleraequs²
1126 3383 1257 3440 actiones.
1282 3389 1311 3439 et
1326 3385 1349 3439 si
1366 3385 1429 3454 quis
1447 3383 1564 3440 landum
1583 3399 1618 3440 ea
1634 3385 1692 3454 logo

258 3465 426 3538 condiderit,
445 3473 488 3536 ut,
508 3469 561 3522 nisi
578 3469 606 3523 iu
624 3469 722 3525 diebus
739 3471 852 3540 triginta
869 3471 987 3540 pretium
1006 3477 1081 3526 esset
1098 3473 1232 3542 solutum,
1250 3473 1389 3544 inemptus
1406 3479 1482 3529 osset
1499 3470 1618 3544 fundus,
1637 3471 1693 3528 dics

257 3555 427 3611 intercalaris
444 3555 569 3626 proficiet
587 3559 712 3628 emptori.
735 3559 817 3614 'mibi
835 3564 931 3614 oontm
949 3559 1066 3615 uidet-nr.

221 3646 240 3704 3
311 3645 505 3700 Eonesrnrus
522 3645 591 3702 libro
610 3651 689 3702 sexto
708 3647 931 3703 differentiarum.
962 3649 1075 3718 Longae
1092 3649 1274 3718 possessionis
1292 3649 1537 3720 praescriptionem
1555 3645 1693 3735 [Q
1710 3647 1738 3705 li

257 3735 315 3788 tem
333 3735 361 3788 in
379 3733 499 3803 praediis
518 3750 599 3804 qnam
619 3736 647 3790 in
665 3736 807 3806 mancipiis
826 3737 915 3791 locum
934 3735 1036 3792 habere
1055 3736 1230 3793 manifestum
1249 3743 1300 3794 est.
1711 3743 1736 3786 ⁸⁸

220 3825 259 3882 4ι
310 3821 482 3878 innocense
504 3823 574 3880 libro
598 3825 716 3894 septimo
740 3825 927 3894 epistularum.
965 3824 994 3880 Si
1012 3839 1110 3882 seruus
1128 3825 1308 3882 hereditarius
1326 3829 1375 3882 aut
1392 3827 1467 3896 eins,
1489 3828 1537 3897 qni
1556 3823 1695 3911 [Q
1711 3825 1747 3898 iij

257 3912 286 3966 in
304 3911 423 3968 hostium
442 3917 580 3982 potestate
599 3913 642 3982 sit,
661 3913 729 3969 satis
747 3913 893 3983 acceperit,
912 3915 1042 3970 continuo
1060 3915 1120 3970 dies
1138 3914 1326 3972 satisdationis
1340 3914 1439 3972 cedere
1451 3916 1578 3987 incipiet:
1597 3917 1696 3973 intueri

258 3999 330 4054 enim
349 3999 495 4070 debemus,
520 4017 555 4057 an
573 4001 733 4071 experiundi
752 4005 876 4071 potestas
895 4000 977 4057 luerit
995 4002 1129 4058 aduorsm
1147 4017 1224 4074 enm,
1242 4004 1289 4074 qni
1307 4003 1446 4076 obligatus
1464 4010 1521 4075 est,
1543 4020 1603 4062 non
1620 4005 1697 4061 anis

258 4103 340 4157 agere
358 4090 483 4159 potnerit,
502 4090 550 4158 qni
567 4105 624 4145 rem
643 4091 670 4144 iu
685 4089 878 4160 obligationem
896 4090 1054 4146 deduxerit:
1073 4091 1193 4162 alioquin
1211 4093 1264 4148 erit
1275 4091 1475 4162 iniquissimum
1488 4109 1523 4149 ox
1535 4093 1698 4150 condicione

258 4181 381 4232 actorum
399 4175 581 4247 obligationes
598 4193 706 4234 reorum
726 4178 850 4250 extendi,
872 4193 922 4250 per
939 4193 1008 4251 quos
1027 4179 1093 4236 nibil
1110 4179 1214 4237 iactum
1233 4181 1297 4251 erit,
1320 4195 1376 4251 quo
1399 4183 1490 4238 minna
1508 4197 1572 4238 cnm
1593 4183 1636 4239 bis
1654 4183 1699 4254 agi
1715 4189 1742 4231 ll

221 4354 240 4414 5
257 4270 462 4409 posEtnemuns
479 4353 548 4410 libro
567 4356 649 4412 tertio
666 4355 891 4427 disputationum.
919 4355 964 4413 An
983 4357 1079 4414 uitium
1093 4358 1213 4413 auctoris
1225 4358 1269 4414 uel
1283 4357 1424 4415 donatoris
1441 4359 1537 4416 eiusne
1557 4356 1700 4445 Q
1717 4363 1737 4418 S

257 4449 451 4518 MXYMOO)

260 4576 269 4608 ¹
288 4578 317 4627 et
335 4573 444 4628 omnino
462 4573 570 4644 pmiicit
587 4580 714 4632 similiaco
732 4580 878 4633 exeram
940 4579 951 4612 ²
969 4592 1106 4648 peraeque
1118 4579 1344 4650 (Bpnteradoalrii
1408 4579 1421 4614 ⁸
1439 4577 1604 4638 sensuum
1623 4589 1703 4639 notat

259 4651 306 4697 ina.
325 4645 368 4716 (cf
385 4643 488 4716 Uotsr.
501 4645 515 4716 §
528 4645 578 4700 82:
595 4650 713 4703 similiter
730 4648 860 4704 Merilliaa
878 4651 984 4721 aliique)

259 4773 449 4830 labsolntum
468 4775 505 4828 1³1
559 4777 646 4832 esini
664 4781 710 4834 del.
725 4781 762 4834 F*
816 4778 948 4850 iproba·
1002 4785 1063 4836 nott*
1081 4782 1119 4834 F’
1177 4783 1212 4837 33
1235 4783 1370 4852 emptori
1397 4783 1433 4836 Ρ
1449 4803 1508 4840 cans
1529 4785 1557 4840 B
1576 4787 1701 4854 (Asaak

216 4902 218 4908 ,
257 4843 408 4900 δίἱίἿιἚΡ
423 4849 427 4914 Ι
443 4849 676 4916 possessorium
720 4851 755 4905 10
766 4850 885 4920 domino]
900 4850 948 4906 do·
1001 4849 1034 4914 οῨ
1051 4853 1213 4922 upocrieerar
1237 4853 1267 4908 lli
1291 4852 1319 4922 (ἡ
1339 4853 1388 4915 τοῨ
1407 4856 1527 4920 Bedeiron
1546 4856 1644 4930 cinips)
1660 4859 1701 4928 τῷ

257 4916 342 4970 minio
363 4917 398 4970 F’
456 4919 488 4972 ii
511 4917 620 4987 pignori
639 4921 676 4972 pa
696 4921 701 4988 Ι
721 4921 814 4976 datam
834 4923 878 4990 Fi
900 4921 947 4978 ob·
1000 4920 1127 4994 tropicae
1181 4923 1217 4979 35
1240 4924 1269 4979 in
1291 4925 1446 4996 mancipiis]
1473 4941 1548 4997 qnae
1571 4928 1602 4984 in
1621 4943 1701 5002 prae-

257 4991 331 5041 stare
348 4987 406 5042 *rei*
422 4987 559 5044 indicatae
578 4989 616 5042 Ρ
674 4992 709 5046 18
726 4991 824 5048 diebus
848 5011 898 5046 om.
912 4993 946 5046 F²
1000 4992 1053 5048 diis
1077 5000 1218 5050 morantur
1239 5009 1312 5064 quae
1334 5003 1430 5066 partes
1454 4995 1535 5056 tundi
1552 5003 1622 5058 sunt
1637 4999 1701 5056 add.

256 5057 293 5114 19
309 5058 365 5114 sit*
383 5059 421 5114 Ρ
472 5061 509 5116 23
526 5059 677 5117 ualitudine
696 5063 733 5116 F·
780 5065 815 5118 28
832 5061 946 5134 profice·
999 5063 1142 5121 XYMOG
1192 5066 1228 5121 39
1244 5067 1390 5137 poteritF

607 5203 614 5238 l
