<?xml version="1.0" encoding="UTF-8"?>
<!DOCTYPE html PUBLIC "-//W3C//DTD XHTML 1.0 Transitional//EN"
    "http://www.w3.org/TR/xhtml1/DTD/xhtml1-transitional.dtd">
<html xmlns="http://www.w3.org/1999/xhtml" xml:lang="en" lang="en">
 <head>
  <title>
</title>
<meta http-equiv="Content-Type" content="text/html;charset=utf-8" />
  <meta name='ocr-system' content='tesseract 3.04.00' />
  <meta name='ocr-capabilities' content='ocr_page ocr_carea ocr_par ocr_line ocrx_word'/>
</head>
<body>
  <div class='ocr_page' id='page_1' title='image "./digestaiustinia00kruegoog_0219.png"; bbox 0 0 3480 5460; ppageno 0'>
   <div class='ocr_carea' id='block_1_1' title="bbox 248 271 1679 352">
    <p class='ocr_par' dir='ltr' id='par_1_1' title="bbox 248 271 1679 352">
     <span class='ocr_line' id='line_1_1' title="bbox 248 271 1679 352; baseline -0.001 -6"><span class='ocrx_word' id='word_1_1' title='bbox 248 277 367 346; x_wconf 85' lang='lat' dir='ltr'>XXXV</span> <span class='ocrx_word' id='word_1_2' title='bbox 388 279 408 346; x_wconf 81' lang='lat'>2</span> <span class='ocrx_word' id='word_1_3' title='bbox 431 285 545 339; x_wconf 82' lang='lat'>11-14</span> <span class='ocrx_word' id='word_1_4' title='bbox 914 271 1003 352; x_wconf 79' lang='lat'><strong>204</strong></span> <span class='ocrx_word' id='word_1_5' title='bbox 1492 299 1539 346; x_wconf 81' lang='lat' dir='ltr'><strong>an</strong></span> <span class='ocrx_word' id='word_1_6' title='bbox 1564 297 1679 346; x_wconf 82' lang='lat' dir='ltr'><strong>aucam</strong></span> 
     </span>
    </p>
   </div>
   <div class='ocr_carea' id='block_1_2' title="bbox 64 433 1702 4524">
    <p class='ocr_par' dir='ltr' id='par_1_2' title="bbox 245 433 1683 776">
     <span class='ocr_line' id='line_1_2' title="bbox 245 433 1680 509; baseline 0.001 -17"><span class='ocrx_word' id='word_1_7' title='bbox 245 440 377 507; x_wconf 84' lang='lat' dir='ltr'><strong>paternae</strong></span> <span class='ocrx_word' id='word_1_8' title='bbox 397 434 565 490; x_wconf 88' lang='lat' dir='ltr'><strong>hereditatis.</strong></span> <span class='ocrx_word' id='word_1_9' title='bbox 598 435 664 505; x_wconf 88' lang='lat' dir='ltr'><strong>qaid</strong></span> <span class='ocrx_word' id='word_1_10' title='bbox 682 449 763 508; x_wconf 83' lang='lat' dir='ltr'><strong>ergo,</strong></span> <span class='ocrx_word' id='word_1_11' title='bbox 788 435 811 490; x_wconf 92' lang='lat' dir='ltr'><strong>si</strong></span> <span class='ocrx_word' id='word_1_12' title='bbox 830 449 885 492; x_wconf 92' lang='lat' dir='ltr'><strong>nou</strong></span> <span class='ocrx_word' id='word_1_13' title='bbox 903 433 1022 492; x_wconf 84' lang='lat' dir='ltr'><strong>sufficiat</strong></span> <span class='ocrx_word' id='word_1_14' title='bbox 1039 437 1134 508; x_wconf 84' lang='lat' dir='ltr'><strong>pupilli</strong></span> <span class='ocrx_word' id='word_1_15' title='bbox 1152 437 1289 494; x_wconf 87' lang='lat' dir='ltr'><strong>hereditas</strong></span> <span class='ocrx_word' id='word_1_16' title='bbox 1306 438 1417 509; x_wconf 81' lang='lat' dir='ltr'><strong>legatis,</strong></span> <span class='ocrx_word' id='word_1_17' title='bbox 1441 453 1503 494; x_wconf 91' lang='lat' dir='ltr'><strong>oum</strong></span> <span class='ocrx_word' id='word_1_18' title='bbox 1521 437 1608 508; x_wconf 87' lang='lat' dir='ltr'><strong>patria</strong></span> <span class='ocrx_word' id='word_1_19' title='bbox 1625 437 1680 494; x_wconf 88' lang='lat' dir='ltr'><strong>sui·</strong></span> 
     </span>
     <span class='ocr_line' id='line_1_3' title="bbox 246 523 1680 598; baseline 0.002 -18"><span class='ocrx_word' id='word_1_20' title='bbox 246 523 377 580; x_wconf 86' lang='lat' dir='ltr'><strong>lecisset?</strong></span> <span class='ocrx_word' id='word_1_21' title='bbox 401 523 436 580; x_wconf 92' lang='lat' dir='ltr'><strong>de</strong></span> <span class='ocrx_word' id='word_1_22' title='bbox 459 539 510 580; x_wconf 88' lang='lat' dir='ltr'><strong>suo</strong></span> <span class='ocrx_word' id='word_1_23' title='bbox 528 524 697 594; x_wconf 89' lang='lat' dir='ltr'><strong>(quadrante</strong></span> <span class='ocrx_word' id='word_1_24' title='bbox 715 527 874 593; x_wconf 79' lang='grc' dir='ltr'><strong>ιιιιιιιιιιιιι)ι</strong></span> <span class='ocrx_word' id='word_1_25' title='bbox 893 524 971 582; x_wconf 89' lang='lat' dir='ltr'><strong>dabit</strong></span> <span class='ocrx_word' id='word_1_26' title='bbox 993 525 1173 596; x_wconf 88' lang='lat' dir='ltr'><strong>substitutus,</strong></span> <span class='ocrx_word' id='word_1_27' title='bbox 1196 528 1325 598; x_wconf 90' lang='lat' dir='ltr'><strong>quoniam</strong></span> <span class='ocrx_word' id='word_1_28' title='bbox 1346 533 1425 597; x_wconf 89' lang='lat' dir='ltr'><strong>pater</strong></span> <span class='ocrx_word' id='word_1_29' title='bbox 1442 527 1546 598; x_wconf 75' lang='lat' dir='ltr'><strong>legauit</strong></span> <span class='ocrx_word' id='word_1_30' title='bbox 1562 527 1598 583; x_wconf 88' lang='lat' dir='ltr'><strong>do</strong></span> <span class='ocrx_word' id='word_1_31' title='bbox 1616 542 1680 583; x_wconf 93' lang='lat' dir='ltr'><strong>suo:</strong></span> 
     </span>
     <span class='ocr_line' id='line_1_4' title="bbox 246 613 1682 688; baseline 0.001 -18"><span class='ocrx_word' id='word_1_32' title='bbox 246 629 297 670; x_wconf 89' lang='lat' dir='ltr'><strong>uec</strong></span> <span class='ocrx_word' id='word_1_33' title='bbox 320 613 355 668; x_wconf 90' lang='lat' dir='ltr'><strong>ad</strong></span> <span class='ocrx_word' id='word_1_34' title='bbox 377 628 432 670; x_wconf 91' lang='lat' dir='ltr'><strong>rem</strong></span> <span class='ocrx_word' id='word_1_35' title='bbox 451 614 582 684; x_wconf 77' lang='lat' dir='ltr'>pertinet,</span> <span class='ocrx_word' id='word_1_36' title='bbox 605 614 680 684; x_wconf 93' lang='lat' dir='ltr'><strong>quod</strong></span> <span class='ocrx_word' id='word_1_37' title='bbox 698 630 733 672; x_wconf 90' lang='lat' dir='ltr'><strong>ex</strong></span> <span class='ocrx_word' id='word_1_38' title='bbox 751 615 825 670; x_wconf 91' lang='lat' dir='ltr'><strong>nullo</strong></span> <span class='ocrx_word' id='word_1_39' title='bbox 843 618 1014 671; x_wconf 78' lang='lat' dir='ltr'><strong>testamento¹</strong></span> <span class='ocrx_word' id='word_1_40' title='bbox 1027 621 1183 686; x_wconf 72' lang='lat' dir='ltr'><strong>praestatur</strong></span> <span class='ocrx_word' id='word_1_41' title='bbox 1200 617 1272 672; x_wconf 75' lang='lat' dir='ltr'><strong>ulma</strong></span> <span class='ocrx_word' id='word_1_42' title='bbox 1288 616 1362 672; x_wconf 86' lang='lat' dir='ltr'><strong>uires</strong></span> <span class='ocrx_word' id='word_1_43' title='bbox 1379 617 1548 688; x_wconf 68' lang='lat' dir='ltr'><strong>patrimonii,</strong></span> <span class='ocrx_word' id='word_1_44' title='bbox 1571 632 1634 672; x_wconf 92' lang='lat' dir='ltr'><strong>cum</strong></span> <span class='ocrx_word' id='word_1_45' title='bbox 1653 617 1682 672; x_wconf 91' lang='lat' dir='ltr'><strong>iu</strong></span> 
     </span>
     <span class='ocr_line' id='line_1_5' title="bbox 245 703 1683 776; baseline 0.003 -18"><span class='ocrx_word' id='word_1_46' title='bbox 245 703 297 758; x_wconf 92' lang='lat' dir='ltr'><strong>hac</strong></span> <span class='ocrx_word' id='word_1_47' title='bbox 315 706 392 773; x_wconf 89' lang='lat' dir='ltr'><strong>parte</strong></span> <span class='ocrx_word' id='word_1_48' title='bbox 404 703 471 758; x_wconf 89' lang='lat' dir='ltr'><strong>iuris</strong></span> <span class='ocrx_word' id='word_1_49' title='bbox 483 704 582 772; x_wconf 73' lang='lat' dir='ltr'><strong>legata</strong></span> <span class='ocrx_word' id='word_1_50' title='bbox 601 719 672 773; x_wconf 90' lang='lat' dir='ltr'><strong>quae</strong></span> <span class='ocrx_word' id='word_1_51' title='bbox 685 704 786 762; x_wconf 89' lang='lat' dir='ltr'><strong>tabulis</strong></span> <span class='ocrx_word' id='word_1_52' title='bbox 797 703 925 761; x_wconf 86' lang='lat' dir='ltr'><strong>secundis</strong></span> <span class='ocrx_word' id='word_1_53' title='bbox 936 704 1133 776; x_wconf 87' lang='lat' dir='ltr'><strong>relinquuntur,</strong></span> <span class='ocrx_word' id='word_1_54' title='bbox 1151 705 1230 776; x_wconf 90' lang='lat' dir='ltr'><strong>quasi</strong></span> <span class='ocrx_word' id='word_1_55' title='bbox 1241 705 1336 776; x_wconf 87' lang='lat' dir='ltr'><strong>primis</strong></span> <span class='ocrx_word' id='word_1_56' title='bbox 1348 705 1400 762; x_wconf 89' lang='lat' dir='ltr'><strong>sub</strong></span> <span class='ocrx_word' id='word_1_57' title='bbox 1412 705 1571 762; x_wconf 89' lang='lat' dir='ltr'><strong>condicione</strong></span> <span class='ocrx_word' id='word_1_58' title='bbox 1585 706 1683 762; x_wconf 87' lang='lat' dir='ltr'><strong>relicta</strong></span> 
     </span>
    </p>

    <p class='ocr_par' dir='ltr' id='par_1_3' title="bbox 214 789 1702 2114">
     <span class='ocr_line' id='line_1_6' title="bbox 214 789 1702 864; baseline 0.002 -17"><span class='ocrx_word' id='word_1_59' title='bbox 214 802 228 847; x_wconf 89' lang='lat' dir='ltr'><strong>o</strong></span> <span class='ocrx_word' id='word_1_60' title='bbox 245 793 448 862; x_wconf 78' lang='lat' dir='ltr'><strong>intelleguntur.</strong></span> <span class='ocrx_word' id='word_1_61' title='bbox 480 791 510 848; x_wconf 91' lang='lat' dir='ltr'><strong>Si</strong></span> <span class='ocrx_word' id='word_1_62' title='bbox 526 789 582 848; x_wconf 91' lang='lat' dir='ltr'><strong>filio</strong></span> <span class='ocrx_word' id='word_1_63' title='bbox 600 807 651 848; x_wconf 89' lang='lat' dir='ltr'><strong>suo</strong></span> <span class='ocrx_word' id='word_1_64' title='bbox 669 793 738 850; x_wconf 89' lang='lat' dir='ltr'><strong>duos</strong></span> <span class='ocrx_word' id='word_1_65' title='bbox 756 793 929 850; x_wconf 89' lang='lat' dir='ltr'><strong>substituerit</strong></span> <span class='ocrx_word' id='word_1_66' title='bbox 946 796 975 848; x_wconf 92' lang='lat' dir='ltr'><strong>et</strong></span> <span class='ocrx_word' id='word_1_67' title='bbox 992 793 1104 848; x_wconf 81' lang='grc' dir='ltr'><strong>ιιιιιιιιι</strong></span> <span class='ocrx_word' id='word_1_68' title='bbox 1121 795 1274 864; x_wconf 85' lang='lat' dir='ltr'><strong>portionem</strong></span> <span class='ocrx_word' id='word_1_69' title='bbox 1292 795 1455 864; x_wconf 86' lang='lat' dir='ltr'><strong>onerauerit,</strong></span> <span class='ocrx_word' id='word_1_70' title='bbox 1472 795 1585 852; x_wconf 81' lang='grc' dir='ltr'><strong>ιιιιιιιι</strong></span> <span class='ocrx_word' id='word_1_71' title='bbox 1603 795 1682 864; x_wconf 84' lang='grc' dir='ltr'><strong>ιοιιι,</strong></span> <span class='ocrx_word' id='word_1_72' title='bbox 1699 806 1702 843; x_wconf 79' lang='lat' dir='ltr'><strong>l</strong></span> 
     </span>
     <span class='ocr_line' id='line_1_7' title="bbox 246 881 1683 954; baseline 0.001 -16"><span class='ocrx_word' id='word_1_73' title='bbox 246 900 281 938; x_wconf 91' lang='lat' dir='ltr'><strong>an</strong></span> <span class='ocrx_word' id='word_1_74' title='bbox 305 898 339 939; x_wconf 90' lang='lat' dir='ltr'><strong>ex</strong></span> <span class='ocrx_word' id='word_1_75' title='bbox 361 897 480 954; x_wconf 88' lang='lat' dir='ltr'><strong>persona</strong></span> <span class='ocrx_word' id='word_1_76' title='bbox 503 897 553 938; x_wconf 89' lang='lat' dir='ltr'><strong>sua</strong></span> <span class='ocrx_word' id='word_1_77' title='bbox 571 882 719 938; x_wconf 72' lang='lat' dir='ltr'><strong>Falcidiam</strong></span> <span class='ocrx_word' id='word_1_78' title='bbox 738 884 827 954; x_wconf 86' lang='lat' dir='ltr'><strong>possit</strong></span> <span class='ocrx_word' id='word_1_79' title='bbox 844 882 973 938; x_wconf 89' lang='lat' dir='ltr'><strong>inducere</strong></span> <span class='ocrx_word' id='word_1_80' title='bbox 991 881 1170 954; x_wconf 87' lang='lat' dir='ltr'><strong>substitutus,</strong></span> <span class='ocrx_word' id='word_1_81' title='bbox 1195 899 1278 954; x_wconf 88' lang='lat' dir='ltr'><strong>quam</strong></span> <span class='ocrx_word' id='word_1_82' title='bbox 1295 884 1415 954; x_wconf 90' lang='lat' dir='ltr'><strong>pupillus</strong></span> <span class='ocrx_word' id='word_1_83' title='bbox 1433 899 1487 940; x_wconf 90' lang='lat' dir='ltr'><strong>nou</strong></span> <span class='ocrx_word' id='word_1_84' title='bbox 1505 882 1621 940; x_wconf 87' lang='lat' dir='ltr'><strong>haberet</strong></span> <span class='ocrx_word' id='word_1_85' title='bbox 1638 883 1683 939; x_wconf 88' lang='lat' dir='ltr'><strong>uel</strong></span> 
     </span>
     <span class='ocr_line' id='line_1_8' title="bbox 245 959 1684 1044; baseline 0 -16"><span class='ocrx_word' id='word_1_86' title='bbox 245 989 316 1028; x_wconf 91' lang='lat' dir='ltr'><strong>unus</strong></span> <span class='ocrx_word' id='word_1_87' title='bbox 333 973 428 1042; x_wconf 93' lang='lat' dir='ltr'><strong>pupilli</strong></span> <span class='ocrx_word' id='word_1_88' title='bbox 446 959 631 1028; x_wconf 49' lang='lat' dir='ltr'><strong>substitutus,</strong></span> <span class='ocrx_word' id='word_1_89' title='bbox 653 977 682 1028; x_wconf 88' lang='lat' dir='ltr'><strong>et</strong></span> <span class='ocrx_word' id='word_1_90' title='bbox 699 971 779 1030; x_wconf 81' lang='grc' dir='ltr'><strong>ιιιιιι</strong></span> <span class='ocrx_word' id='word_1_91' title='bbox 798 973 859 1043; x_wconf 92' lang='lat' dir='ltr'><strong>quis</strong></span> <span class='ocrx_word' id='word_1_92' title='bbox 878 971 978 1028; x_wconf 80' lang='lat' dir='ltr'><strong>dixerit</strong></span> <span class='ocrx_word' id='word_1_93' title='bbox 995 977 1195 1041; x_wconf 86' lang='lat' dir='ltr'><strong>cousequenter</strong></span> <span class='ocrx_word' id='word_1_94' title='bbox 1212 972 1360 1043; x_wconf 90' lang='lat' dir='ltr'><strong>prioribus,</strong></span> <span class='ocrx_word' id='word_1_95' title='bbox 1383 987 1454 1043; x_wconf 88' lang='lat' dir='ltr'><strong>quae</strong></span> <span class='ocrx_word' id='word_1_96' title='bbox 1472 972 1507 1028; x_wconf 91' lang='lat' dir='ltr'><strong>de</strong></span> <span class='ocrx_word' id='word_1_97' title='bbox 1524 973 1684 1044; x_wconf 79' lang='lat' dir='ltr'><strong>patrimonii</strong></span> 
     </span>
     <span class='ocr_line' id='line_1_9' title="bbox 244 1061 1683 1133; baseline -0.001 -16"><span class='ocrx_word' id='word_1_98' title='bbox 244 1062 349 1118; x_wconf 89' lang='lat' dir='ltr'><strong>ratione</strong></span> <span class='ocrx_word' id='word_1_99' title='bbox 367 1062 441 1116; x_wconf 89' lang='lat' dir='ltr'><strong>dicta</strong></span> <span class='ocrx_word' id='word_1_100' title='bbox 459 1063 531 1130; x_wconf 73' lang='lat' dir='ltr'><strong>scrut,</strong></span> <span class='ocrx_word' id='word_1_101' title='bbox 551 1076 605 1116; x_wconf 89' lang='lat' dir='ltr'><strong>nou</strong></span> <span class='ocrx_word' id='word_1_102' title='bbox 623 1077 684 1120; x_wconf 91' lang='lat' dir='ltr'><strong>esse</strong></span> <span class='ocrx_word' id='word_1_103' title='bbox 697 1062 835 1118; x_wconf 75' lang='lat' dir='ltr'><strong>Falcidiae</strong></span> <span class='ocrx_word' id='word_1_104' title='bbox 853 1062 941 1118; x_wconf 90' lang='lat' dir='ltr'><strong>locum</strong></span> <span class='ocrx_word' id='word_1_105' title='bbox 960 1065 989 1116; x_wconf 90' lang='lat' dir='ltr'><strong>et</strong></span> <span class='ocrx_word' id='word_1_106' title='bbox 1007 1061 1078 1116; x_wconf 85' lang='lat' dir='ltr'><strong>rdtra</strong></span> <span class='ocrx_word' id='word_1_107' title='bbox 1095 1062 1169 1118; x_wconf 88' lang='lat' dir='ltr'><strong>uires</strong></span> <span class='ocrx_word' id='word_1_108' title='bbox 1186 1063 1317 1133; x_wconf 90' lang='lat' dir='ltr'><strong>portionis</strong></span> <span class='ocrx_word' id='word_1_109' title='bbox 1335 1061 1553 1118; x_wconf 88' lang='lat' dir='ltr'><strong>conueniendum</strong></span> <span class='ocrx_word' id='word_1_110' title='bbox 1565 1062 1683 1118; x_wconf 89' lang='lat' dir='ltr'><strong>alterum</strong></span> 
     </span>
     <span class='ocr_line' id='line_1_10' title="bbox 245 1149 1683 1222; baseline 0 -16"><span class='ocrx_word' id='word_1_111' title='bbox 245 1150 431 1208; x_wconf 86' lang='lat' dir='ltr'><strong>substitutum.</strong></span> <span class='ocrx_word' id='word_1_112' title='bbox 465 1151 514 1206; x_wconf 89' lang='lat' dir='ltr'><strong>sed</strong></span> <span class='ocrx_word' id='word_1_113' title='bbox 539 1151 691 1206; x_wconf 73' lang='lat' dir='ltr'><strong>nemorosi</strong></span> <span class='ocrx_word' id='word_1_114' title='bbox 714 1150 825 1206; x_wconf 78' lang='grc' dir='ltr'><strong>ιιιιιιιιι</strong></span> <span class='ocrx_word' id='word_1_115' title='bbox 847 1151 983 1206; x_wconf 86' lang='lat' dir='ltr'><strong>sententia</strong></span> <span class='ocrx_word' id='word_1_116' title='bbox 1005 1149 1119 1220; x_wconf 78' lang='lat' dir='ltr'><strong>perinde</strong></span> <span class='ocrx_word' id='word_1_117' title='bbox 1143 1149 1206 1206; x_wconf 90' lang='lat' dir='ltr'><strong>huic</strong></span> <span class='ocrx_word' id='word_1_118' title='bbox 1223 1157 1348 1220; x_wconf 90' lang='lat' dir='ltr'><strong>quartam</strong></span> <span class='ocrx_word' id='word_1_119' title='bbox 1366 1151 1570 1222; x_wconf 83' lang='lat' dir='ltr'><strong>relinquendam</strong></span> <span class='ocrx_word' id='word_1_120' title='bbox 1589 1151 1683 1206; x_wconf 89' lang='lat' dir='ltr'><strong>existi·</strong></span> 
     </span>
     <span class='ocr_line' id='line_1_11' title="bbox 246 1239 1682 1310; baseline 0 -14"><span class='ocrx_word' id='word_1_121' title='bbox 246 1241 377 1296; x_wconf 90' lang='lat' dir='ltr'><strong>mautium</strong></span> <span class='ocrx_word' id='word_1_122' title='bbox 397 1243 479 1310; x_wconf 90' lang='lat' dir='ltr'><strong>atque</strong></span> <span class='ocrx_word' id='word_1_123' title='bbox 498 1240 554 1294; x_wconf 71' lang='lat' dir='ltr'><strong>ita¹</strong></span> <span class='ocrx_word' id='word_1_124' title='bbox 573 1240 596 1294; x_wconf 92' lang='lat' dir='ltr'><strong>si</strong></span> <span class='ocrx_word' id='word_1_125' title='bbox 614 1241 686 1310; x_wconf 89' lang='lat' dir='ltr'><strong>patri</strong></span> <span class='ocrx_word' id='word_1_126' title='bbox 703 1239 784 1294; x_wconf 90' lang='lat' dir='ltr'><strong>heres</strong></span> <span class='ocrx_word' id='word_1_127' title='bbox 802 1240 951 1296; x_wconf 76' lang='lat' dir='ltr'><strong>extitisset:</strong></span> <span class='ocrx_word' id='word_1_128' title='bbox 970 1245 1001 1294; x_wconf 92' lang='lat' dir='ltr'><strong>ut</strong></span> <span class='ocrx_word' id='word_1_129' title='bbox 1019 1239 1091 1294; x_wconf 89' lang='lat' dir='ltr'><strong>euim</strong></span> <span class='ocrx_word' id='word_1_130' title='bbox 1110 1253 1177 1310; x_wconf 87' lang='lat' dir='ltr'><strong>opes</strong></span> <span class='ocrx_word' id='word_1_131' title='bbox 1196 1241 1281 1310; x_wconf 90' lang='lat' dir='ltr'><strong>patris</strong></span> <span class='ocrx_word' id='word_1_132' title='bbox 1300 1245 1329 1296; x_wconf 89' lang='lat' dir='ltr'><strong>et</strong></span> <span class='ocrx_word' id='word_1_133' title='bbox 1346 1240 1510 1298; x_wconf 86' lang='lat' dir='ltr'><strong>contributio</strong></span> <span class='ocrx_word' id='word_1_134' title='bbox 1527 1241 1682 1310; x_wconf 78' lang='lat' dir='ltr'><strong>legatorum</strong></span> 
     </span>
     <span class='ocr_line' id='line_1_12' title="bbox 245 1327 1683 1402; baseline 0 -18"><span class='ocrx_word' id='word_1_135' title='bbox 245 1329 309 1384; x_wconf 90' lang='lat' dir='ltr'><strong>inde</strong></span> <span class='ocrx_word' id='word_1_136' title='bbox 334 1329 445 1400; x_wconf 91' lang='lat' dir='ltr'><strong>capiunt</strong></span> <span class='ocrx_word' id='word_1_137' title='bbox 468 1333 496 1384; x_wconf 92' lang='lat' dir='ltr'><strong>et</strong></span> <span class='ocrx_word' id='word_1_138' title='bbox 518 1327 632 1384; x_wconf 82' lang='lat' dir='ltr'><strong>formam</strong></span> <span class='ocrx_word' id='word_1_139' title='bbox 658 1334 686 1384; x_wconf 92' lang='grc' dir='ltr'><strong>ιι</strong></span> <span class='ocrx_word' id='word_1_140' title='bbox 706 1327 853 1398; x_wconf 82' lang='lat' dir='ltr'><strong>originem,</strong></span> <span class='ocrx_word' id='word_1_141' title='bbox 877 1330 916 1384; x_wconf 88' lang='lat' dir='ltr'><strong>ita</strong></span> <span class='ocrx_word' id='word_1_142' title='bbox 933 1329 1025 1399; x_wconf 81' lang='lat' dir='ltr'><strong>plures</strong></span> <span class='ocrx_word' id='word_1_143' title='bbox 1042 1327 1184 1384; x_wconf 68' lang='lat' dir='ltr'><strong>subsututi</strong></span> <span class='ocrx_word' id='word_1_144' title='bbox 1201 1329 1339 1386; x_wconf 90' lang='lat' dir='ltr'><strong>subducta</strong></span> <span class='ocrx_word' id='word_1_145' title='bbox 1356 1345 1473 1402; x_wconf 88' lang='lat' dir='ltr'><strong>persona</strong></span> <span class='ocrx_word' id='word_1_146' title='bbox 1489 1329 1586 1400; x_wconf 89' lang='lat' dir='ltr'><strong>pnpilli</strong></span> <span class='ocrx_word' id='word_1_147' title='bbox 1603 1344 1683 1385; x_wconf 89' lang='lat' dir='ltr'><strong>reno·</strong></span> 
     </span>
     <span class='ocr_line' id='line_1_13' title="bbox 246 1417 1683 1489; baseline -0.002 -15"><span class='ocrx_word' id='word_1_148' title='bbox 246 1417 326 1474; x_wconf 91' lang='lat' dir='ltr'><strong>candi</strong></span> <span class='ocrx_word' id='word_1_149' title='bbox 343 1423 407 1473; x_wconf 89' lang='lat' dir='ltr'><strong>suut</strong></span> <span class='ocrx_word' id='word_1_150' title='bbox 425 1417 461 1472; x_wconf 92' lang='lat' dir='ltr'><strong>ad</strong></span> <span class='ocrx_word' id='word_1_151' title='bbox 480 1419 646 1473; x_wconf 90' lang='lat' dir='ltr'><strong>intellectum</strong></span> <span class='ocrx_word' id='word_1_152' title='bbox 664 1417 852 1474; x_wconf 71' lang='lat' dir='ltr'><strong>instintionis.</strong></span> <span class='ocrx_word' id='word_1_153' title='bbox 884 1417 950 1488; x_wconf 90' lang='lat' dir='ltr'><strong>qnid</strong></span> <span class='ocrx_word' id='word_1_154' title='bbox 967 1421 1060 1474; x_wconf 87' lang='lat' dir='ltr'><strong>tamen</strong></span> <span class='ocrx_word' id='word_1_155' title='bbox 1078 1417 1201 1474; x_wconf 86' lang='grc' dir='ltr'><strong>ιιιιιιιιιιι</strong></span> <span class='ocrx_word' id='word_1_156' title='bbox 1219 1417 1254 1474; x_wconf 88' lang='lat' dir='ltr'><strong>de</strong></span> <span class='ocrx_word' id='word_1_157' title='bbox 1272 1419 1357 1475; x_wconf 91' lang='lat' dir='ltr'><strong>altero</strong></span> <span class='ocrx_word' id='word_1_158' title='bbox 1376 1418 1539 1489; x_wconf 89' lang='lat' dir='ltr'><strong>substituto,</strong></span> <span class='ocrx_word' id='word_1_159' title='bbox 1560 1417 1610 1489; x_wconf 92' lang='lat' dir='ltr'><strong>qui</strong></span> <span class='ocrx_word' id='word_1_160' title='bbox 1627 1432 1683 1472; x_wconf 92' lang='lat' dir='ltr'><strong>nou</strong></span> 
     </span>
     <span class='ocr_line' id='line_1_14' title="bbox 246 1505 1683 1578; baseline 0 -16"><span class='ocrx_word' id='word_1_161' title='bbox 246 1513 288 1562; x_wconf 92' lang='lat' dir='ltr'><strong>est</strong></span> <span class='ocrx_word' id='word_1_162' title='bbox 305 1510 456 1564; x_wconf 86' lang='lat' dir='ltr'><strong>oneratus?</strong></span> <span class='ocrx_word' id='word_1_163' title='bbox 472 1509 496 1564; x_wconf 91' lang='lat' dir='ltr'><strong>si</strong></span> <span class='ocrx_word' id='word_1_164' title='bbox 514 1508 584 1564; x_wconf 82' lang='lat' dir='ltr'><strong>forte</strong></span> <span class='ocrx_word' id='word_1_165' title='bbox 603 1507 723 1564; x_wconf 90' lang='lat' dir='ltr'><strong>noudum</strong></span> <span class='ocrx_word' id='word_1_166' title='bbox 742 1508 834 1577; x_wconf 79' lang='lat' dir='ltr'><strong>legata</strong></span> <span class='ocrx_word' id='word_1_167' title='bbox 851 1507 971 1578; x_wconf 88' lang='lat' dir='ltr'><strong>pupillus</strong></span> <span class='ocrx_word' id='word_1_168' title='bbox 989 1522 1007 1562; x_wconf 91' lang='lat' dir='ltr'><strong>a</strong></span> <span class='ocrx_word' id='word_1_169' title='bbox 1024 1521 1055 1562; x_wconf 90' lang='lat' dir='ltr'><strong>se</strong></span> <span class='ocrx_word' id='word_1_170' title='bbox 1073 1505 1168 1562; x_wconf 89' lang='lat' dir='ltr'><strong>relicta</strong></span> <span class='ocrx_word' id='word_1_171' title='bbox 1185 1508 1268 1564; x_wconf 88' lang='lat' dir='ltr'><strong>soluit</strong></span> <span class='ocrx_word' id='word_1_172' title='bbox 1282 1513 1311 1562; x_wconf 92' lang='lat' dir='ltr'><strong>et</strong></span> <span class='ocrx_word' id='word_1_173' title='bbox 1322 1508 1425 1578; x_wconf 89' lang='lat' dir='ltr'><strong>aliquid</strong></span> <span class='ocrx_word' id='word_1_174' title='bbox 1436 1509 1508 1564; x_wconf 87' lang='lat' dir='ltr'><strong>ultra</strong></span> <span class='ocrx_word' id='word_1_175' title='bbox 1518 1507 1683 1564; x_wconf 85' lang='lat' dir='ltr'><strong>dodrantem</strong></span> 
     </span>
     <span class='ocr_line' id='line_1_15' title="bbox 245 1594 1684 1668; baseline 0 -16"><span class='ocrx_word' id='word_1_176' title='bbox 245 1597 282 1652; x_wconf 91' lang='lat' dir='ltr'><strong>sit</strong></span> <span class='ocrx_word' id='word_1_177' title='bbox 299 1597 326 1651; x_wconf 91' lang='lat' dir='ltr'><strong>in</strong></span> <span class='ocrx_word' id='word_1_178' title='bbox 344 1597 479 1668; x_wconf 89' lang='lat' dir='ltr'><strong>omuibus,</strong></span> <span class='ocrx_word' id='word_1_179' title='bbox 498 1601 527 1652; x_wconf 94' lang='grc' dir='ltr'><strong>ιι</strong></span> <span class='ocrx_word' id='word_1_180' title='bbox 544 1599 633 1668; x_wconf 90' lang='lat' dir='ltr'><strong>ipsum</strong></span> <span class='ocrx_word' id='word_1_181' title='bbox 647 1596 796 1652; x_wconf 78' lang='lat' dir='ltr'><strong>Falcidiam</strong></span> <span class='ocrx_word' id='word_1_182' title='bbox 813 1594 990 1652; x_wconf 82' lang='lat' dir='ltr'><strong>habiturum?</strong></span> <span class='ocrx_word' id='word_1_183' title='bbox 1008 1596 1103 1665; x_wconf 87' lang='lat' dir='ltr'><strong>atquin</strong></span> <span class='ocrx_word' id='word_1_184' title='bbox 1121 1601 1246 1666; x_wconf 89' lang='lat' dir='ltr'><strong>quartam</strong></span> <span class='ocrx_word' id='word_1_185' title='bbox 1265 1596 1348 1652; x_wconf 89' lang='lat' dir='ltr'><strong>habet</strong></span> <span class='ocrx_word' id='word_1_186' title='bbox 1360 1612 1447 1667; x_wconf 90' lang='lat' dir='ltr'><strong>neque</strong></span> <span class='ocrx_word' id='word_1_187' title='bbox 1459 1597 1532 1653; x_wconf 92' lang='lat' dir='ltr'><strong>idem</strong></span> <span class='ocrx_word' id='word_1_188' title='bbox 1544 1595 1684 1666; x_wconf 82' lang='lat' dir='ltr'><strong>patiatur⁸</strong></span> 
     </span>
     <span class='ocr_line' id='line_1_16' title="bbox 245 1684 1702 1757; baseline -0.003 -16"><span class='ocrx_word' id='word_1_189' title='bbox 245 1686 363 1742; x_wconf 90' lang='lat' dir='ltr'><strong>instituti</strong></span> <span class='ocrx_word' id='word_1_190' title='bbox 379 1687 555 1757; x_wconf 90' lang='lat' dir='ltr'><strong>comparatio.</strong></span> <span class='ocrx_word' id='word_1_191' title='bbox 586 1701 679 1742; x_wconf 86' lang='lat' dir='ltr'><strong>rursus</strong></span> <span class='ocrx_word' id='word_1_192' title='bbox 697 1685 721 1740; x_wconf 92' lang='lat' dir='ltr'><strong>si</strong></span> <span class='ocrx_word' id='word_1_193' title='bbox 739 1701 881 1756; x_wconf 65' lang='grc' dir='ltr'><strong>ιιιςιιιιιιι,</strong></span> <span class='ocrx_word' id='word_1_194' title='bbox 901 1685 974 1740; x_wconf 91' lang='lat' dir='ltr'><strong>allud</strong></span> <span class='ocrx_word' id='word_1_195' title='bbox 992 1689 1096 1754; x_wconf 89' lang='lat' dir='ltr'><strong>aperte,</strong></span> <span class='ocrx_word' id='word_1_196' title='bbox 1114 1701 1196 1755; x_wconf 89' lang='lat' dir='ltr'><strong>quam</strong></span> <span class='ocrx_word' id='word_1_197' title='bbox 1215 1685 1289 1756; x_wconf 92' lang='lat' dir='ltr'><strong>quod</strong></span> <span class='ocrx_word' id='word_1_198' title='bbox 1307 1685 1390 1756; x_wconf 79' lang='lat' dir='ltr'><strong>uolgo</strong></span> <span class='ocrx_word' id='word_1_199' title='bbox 1406 1684 1552 1755; x_wconf 86' lang='lat' dir='ltr'><strong>probatum</strong></span> <span class='ocrx_word' id='word_1_200' title='bbox 1570 1690 1623 1755; x_wconf 85' lang='lat' dir='ltr'><strong>est,</strong></span> <span class='ocrx_word' id='word_1_201' title='bbox 1642 1699 1682 1739; x_wconf 85' lang='lat' dir='ltr'><strong>re</strong></span> <span class='ocrx_word' id='word_1_202' title='bbox 1700 1701 1702 1736; x_wconf 63' lang='grc' dir='ltr'><strong>ς</strong></span> 
     </span>
     <span class='ocr_line' id='line_1_17' title="bbox 245 1773 1684 1846; baseline -0.001 -16"><span class='ocrx_word' id='word_1_203' title='bbox 245 1775 403 1846; x_wconf 88' lang='lat' dir='ltr'><strong>spondetm.</strong></span> <span class='ocrx_word' id='word_1_204' title='bbox 433 1777 526 1846; x_wconf 90' lang='lat' dir='ltr'><strong>itaque</strong></span> <span class='ocrx_word' id='word_1_205' title='bbox 545 1776 664 1831; x_wconf 82' lang='grc' dir='ltr'><strong>ιιιιιιιιι</strong></span> <span class='ocrx_word' id='word_1_206' title='bbox 682 1775 811 1842; x_wconf 87' lang='lat' dir='ltr'><strong>exsistet,</strong></span> <span class='ocrx_word' id='word_1_207' title='bbox 831 1777 862 1828; x_wconf 92' lang='lat' dir='ltr'><strong>ut</strong></span> <span class='ocrx_word' id='word_1_208' title='bbox 880 1775 903 1830; x_wconf 91' lang='lat' dir='ltr'><strong>is</strong></span> <span class='ocrx_word' id='word_1_209' title='bbox 922 1773 1046 1846; x_wconf 85' lang='lat' dir='ltr'><strong>quidem,</strong></span> <span class='ocrx_word' id='word_1_210' title='bbox 1071 1775 1118 1845; x_wconf 90' lang='lat' dir='ltr'><strong>qui</strong></span> <span class='ocrx_word' id='word_1_211' title='bbox 1136 1776 1245 1846; x_wconf 92' lang='lat' dir='ltr'><strong>proprio</strong></span> <span class='ocrx_word' id='word_1_212' title='bbox 1263 1776 1372 1832; x_wconf 89' lang='lat' dir='ltr'><strong>nomine</strong></span> <span class='ocrx_word' id='word_1_213' title='bbox 1389 1779 1518 1831; x_wconf 88' lang='lat' dir='ltr'><strong>oneratus</strong></span> <span class='ocrx_word' id='word_1_214' title='bbox 1535 1779 1587 1845; x_wconf 85' lang='lat' dir='ltr'><strong>est,</strong></span> <span class='ocrx_word' id='word_1_215' title='bbox 1606 1774 1684 1830; x_wconf 89' lang='lat' dir='ltr'><strong>uelut</strong></span> 
     </span>
     <span class='ocr_line' id='line_1_18' title="bbox 244 1863 1682 1936; baseline -0.001 -16"><span class='ocrx_word' id='word_1_216' title='bbox 244 1864 386 1920; x_wconf 91' lang='lat' dir='ltr'><strong>institutus</strong></span> <span class='ocrx_word' id='word_1_217' title='bbox 404 1863 542 1920; x_wconf 88' lang='lat' dir='ltr'><strong>desideret</strong></span> <span class='ocrx_word' id='word_1_218' title='bbox 559 1869 693 1934; x_wconf 87' lang='lat' dir='ltr'><strong>quartam,</strong></span> <span class='ocrx_word' id='word_1_219' title='bbox 713 1864 901 1934; x_wconf 82' lang='lat' dir='ltr'><strong>atterentem,</strong></span> <span class='ocrx_word' id='word_1_220' title='bbox 920 1864 966 1934; x_wconf 90' lang='lat' dir='ltr'><strong>qui</strong></span> <span class='ocrx_word' id='word_1_221' title='bbox 986 1880 1040 1920; x_wconf 92' lang='lat' dir='ltr'><strong>uou</strong></span> <span class='ocrx_word' id='word_1_222' title='bbox 1058 1869 1102 1919; x_wconf 92' lang='lat' dir='ltr'><strong>est</strong></span> <span class='ocrx_word' id='word_1_223' title='bbox 1120 1868 1258 1936; x_wconf 89' lang='lat' dir='ltr'><strong>oneratus,</strong></span> <span class='ocrx_word' id='word_1_224' title='bbox 1276 1870 1308 1920; x_wconf 89' lang='lat' dir='ltr'><strong>nt</strong></span> <span class='ocrx_word' id='word_1_225' title='bbox 1324 1863 1498 1934; x_wconf 87' lang='lat' dir='ltr'><strong>substitutus,</strong></span> <span class='ocrx_word' id='word_1_226' title='bbox 1515 1863 1581 1920; x_wconf 87' lang='lat' dir='ltr'><strong>licet</strong></span> <span class='ocrx_word' id='word_1_227' title='bbox 1592 1863 1682 1934; x_wconf 88' lang='lat' dir='ltr'><strong>portio</strong></span> 
     </span>
     <span class='ocr_line' id='line_1_19' title="bbox 245 1952 1682 2024; baseline -0.001 -16"><span class='ocrx_word' id='word_1_228' title='bbox 245 1954 377 2024; x_wconf 78' lang='lat' dir='ltr'><strong>largiatur</strong></span> <span class='ocrx_word' id='word_1_229' title='bbox 394 1955 466 2024; x_wconf 91' lang='lat' dir='ltr'><strong>eiua,</strong></span> <span class='ocrx_word' id='word_1_230' title='bbox 489 1969 544 2010; x_wconf 92' lang='lat' dir='ltr'><strong>nou</strong></span> <span class='ocrx_word' id='word_1_231' title='bbox 567 1954 595 2008; x_wconf 91' lang='lat' dir='ltr'><strong>iu</strong></span> <span class='ocrx_word' id='word_1_232' title='bbox 619 1952 735 2008; x_wconf 92' lang='lat' dir='ltr'><strong>solidum</strong></span> <span class='ocrx_word' id='word_1_233' title='bbox 760 1954 940 2010; x_wconf 88' lang='lat' dir='ltr'><strong>conueniatur</strong></span> <span class='ocrx_word' id='word_1_234' title='bbox 956 1958 1069 2024; x_wconf 92' lang='lat' dir='ltr'><strong>propter</strong></span> <span class='ocrx_word' id='word_1_235' title='bbox 1086 1953 1182 2010; x_wconf 86' lang='lat' dir='ltr'><strong>calch</strong></span> <span class='ocrx_word' id='word_1_236' title='bbox 1203 1952 1399 2010; x_wconf 75' lang='lat' dir='ltr'><strong>cormaiouem.</strong></span> <span class='ocrx_word' id='word_1_237' title='bbox 1429 1953 1493 2010; x_wconf 90' lang='lat' dir='ltr'><strong>huic</strong></span> <span class='ocrx_word' id='word_1_238' title='bbox 1510 1966 1682 2022; x_wconf 87' lang='lat' dir='ltr'><strong>consequeus</strong></span> 
     </span>
     <span class='ocr_line' id='line_1_20' title="bbox 246 2040 1681 2114; baseline -0.003 -14"><span class='ocrx_word' id='word_1_239' title='bbox 246 2048 297 2112; x_wconf 90' lang='lat' dir='ltr'><strong>est,</strong></span> <span class='ocrx_word' id='word_1_240' title='bbox 315 2047 354 2112; x_wconf 92' lang='lat' dir='ltr'><strong>ut,</strong></span> <span class='ocrx_word' id='word_1_241' title='bbox 372 2043 397 2100; x_wconf 90' lang='lat' dir='ltr'><strong>ai</strong></span> <span class='ocrx_word' id='word_1_242' title='bbox 413 2041 516 2113; x_wconf 86' lang='lat' dir='ltr'><strong>pupillo</strong></span> <span class='ocrx_word' id='word_1_243' title='bbox 535 2042 569 2097; x_wconf 91' lang='lat' dir='ltr'><strong>de</strong></span> <span class='ocrx_word' id='word_1_244' title='bbox 586 2041 707 2098; x_wconf 87' lang='lat' dir='ltr'><strong>Falcidia</strong></span> <span class='ocrx_word' id='word_1_245' title='bbox 724 2047 834 2098; x_wconf 91' lang='lat' dir='ltr'><strong>cautum</strong></span> <span class='ocrx_word' id='word_1_246' title='bbox 854 2040 914 2111; x_wconf 87' lang='lat' dir='ltr'><strong>luit,</strong></span> <span class='ocrx_word' id='word_1_247' title='bbox 932 2041 1041 2098; x_wconf 89' lang='lat' dir='ltr'><strong>duobus</strong></span> <span class='ocrx_word' id='word_1_248' title='bbox 1059 2043 1244 2098; x_wconf 87' lang='lat' dir='ltr'><strong>committatur</strong></span> <span class='ocrx_word' id='word_1_249' title='bbox 1262 2043 1410 2114; x_wconf 86' lang='lat' dir='ltr'><strong>stipulatio,</strong></span> <span class='ocrx_word' id='word_1_250' title='bbox 1429 2042 1557 2098; x_wconf 88' lang='lat' dir='ltr'><strong>uidelicet</strong></span> <span class='ocrx_word' id='word_1_251' title='bbox 1574 2041 1603 2096; x_wconf 90' lang='lat' dir='ltr'><strong>iu</strong></span> <span class='ocrx_word' id='word_1_252' title='bbox 1621 2055 1681 2096; x_wconf 88' lang='lat' dir='ltr'><strong>eam</strong></span> 
     </span>
    </p>

    <p class='ocr_par' dir='ltr' id='par_1_4' title="bbox 214 2130 1702 2918">
     <span class='ocr_line' id='line_1_21' title="bbox 214 2130 1702 2204; baseline -0.003 -14"><span class='ocrx_word' id='word_1_253' title='bbox 214 2143 228 2190; x_wconf 84' lang='grc'><strong>7</strong></span> <span class='ocrx_word' id='word_1_254' title='bbox 246 2132 436 2202; x_wconf 84' lang='lat' dir='ltr'><strong>quantitatem,</strong></span> <span class='ocrx_word' id='word_1_255' title='bbox 454 2147 537 2202; x_wconf 90' lang='lat' dir='ltr'><strong>quam</strong></span> <span class='ocrx_word' id='word_1_256' title='bbox 555 2131 743 2202; x_wconf 86' lang='lat' dir='ltr'><strong>uuusquisque</strong></span> <span class='ocrx_word' id='word_1_257' title='bbox 761 2130 813 2186; x_wconf 89' lang='lat' dir='ltr'><strong>eibi</strong></span> <span class='ocrx_word' id='word_1_258' title='bbox 830 2131 949 2188; x_wconf 87' lang='lat' dir='ltr'><strong>retinere</strong></span> <span class='ocrx_word' id='word_1_259' title='bbox 966 2132 1110 2202; x_wconf 88' lang='lat' dir='ltr'><strong>potuisset.</strong></span> <span class='ocrx_word' id='word_1_260' title='bbox 1147 2132 1306 2198; x_wconf 81' lang='lat' dir='ltr'><strong>Quaesitum</strong></span> <span class='ocrx_word' id='word_1_261' title='bbox 1324 2137 1376 2204; x_wconf 92' lang='lat' dir='ltr'><strong>est,</strong></span> <span class='ocrx_word' id='word_1_262' title='bbox 1395 2133 1419 2188; x_wconf 94' lang='lat' dir='ltr'><strong>si</strong></span> <span class='ocrx_word' id='word_1_263' title='bbox 1436 2132 1497 2202; x_wconf 91' lang='lat' dir='ltr'><strong>quis</strong></span> <span class='ocrx_word' id='word_1_264' title='bbox 1514 2130 1620 2202; x_wconf 91' lang='lat' dir='ltr'><strong>pupillo</strong></span> <span class='ocrx_word' id='word_1_265' title='bbox 1638 2145 1681 2186; x_wconf 85' lang='lat' dir='ltr'><strong>co</strong></span> <span class='ocrx_word' id='word_1_266' title='bbox 1697 2144 1702 2184; x_wconf 88' lang='grc' dir='ltr'><strong>ι</strong></span> 
     </span>
     <span class='ocr_line' id='line_1_22' title="bbox 245 2219 1681 2292; baseline -0.001 -14"><span class='ocrx_word' id='word_1_267' title='bbox 245 2221 374 2278; x_wconf 89' lang='lat' dir='ltr'><strong>heredem</strong></span> <span class='ocrx_word' id='word_1_268' title='bbox 397 2219 598 2292; x_wconf 87' lang='lat' dir='ltr'><strong>substituisset,</strong></span> <span class='ocrx_word' id='word_1_269' title='bbox 621 2219 852 2291; x_wconf 90' lang='lat' dir='ltr'><strong>quemadmodum</strong></span> <span class='ocrx_word' id='word_1_270' title='bbox 875 2221 943 2291; x_wconf 80' lang='lat' dir='ltr'><strong>legia</strong></span> <span class='ocrx_word' id='word_1_271' title='bbox 962 2221 1100 2278; x_wconf 87' lang='lat' dir='ltr'><strong>Falcidiae</strong></span> <span class='ocrx_word' id='word_1_272' title='bbox 1122 2223 1193 2278; x_wconf 88' lang='lat' dir='ltr'><strong>ratio</strong></span> <span class='ocrx_word' id='word_1_273' title='bbox 1216 2222 1315 2292; x_wconf 89' lang='lat' dir='ltr'><strong>inquiri</strong></span> <span class='ocrx_word' id='word_1_274' title='bbox 1338 2221 1458 2278; x_wconf 80' lang='lat' dir='ltr'><strong>debeat?</strong></span> <span class='ocrx_word' id='word_1_275' title='bbox 1479 2225 1508 2276; x_wconf 89' lang='lat' dir='ltr'><strong>et</strong></span> <span class='ocrx_word' id='word_1_276' title='bbox 1531 2220 1612 2290; x_wconf 90' lang='lat' dir='ltr'><strong>quale</strong></span> <span class='ocrx_word' id='word_1_277' title='bbox 1630 2222 1681 2290; x_wconf 84' lang='lat' dir='ltr'><strong>eat,</strong></span> 
     </span>
     <span class='ocr_line' id='line_1_23' title="bbox 246 2308 1702 2382; baseline -0.001 -16"><span class='ocrx_word' id='word_1_278' title='bbox 246 2310 320 2380; x_wconf 92' lang='lat' dir='ltr'><strong>quod</strong></span> <span class='ocrx_word' id='word_1_279' title='bbox 343 2311 425 2380; x_wconf 78' lang='lat' dir='ltr'><strong>uolgo</strong></span> <span class='ocrx_word' id='word_1_280' title='bbox 443 2309 593 2379; x_wconf 88' lang='lat' dir='ltr'><strong>diceretur,</strong></span> <span class='ocrx_word' id='word_1_281' title='bbox 611 2311 764 2379; x_wconf 76' lang='lat' dir='ltr'><strong>legatorum</strong></span> <span class='ocrx_word' id='word_1_282' title='bbox 782 2310 916 2365; x_wconf 88' lang='lat' dir='ltr'><strong>rationem</strong></span> <span class='ocrx_word' id='word_1_283' title='bbox 935 2309 1136 2380; x_wconf 79' lang='lat' dir='ltr'><strong>separandam?</strong></span> <span class='ocrx_word' id='word_1_284' title='bbox 1163 2311 1233 2380; x_wconf 88' lang='lat' dir='ltr'><strong>dixi,</strong></span> <span class='ocrx_word' id='word_1_285' title='bbox 1257 2315 1389 2382; x_wconf 89' lang='lat' dir='ltr'><strong>quantum</strong></span> <span class='ocrx_word' id='word_1_286' title='bbox 1407 2310 1444 2366; x_wconf 88' lang='lat' dir='ltr'><strong>ad</strong></span> <span class='ocrx_word' id='word_1_287' title='bbox 1460 2311 1561 2380; x_wconf 76' lang='lat' dir='ltr'><strong>legata,</strong></span> <span class='ocrx_word' id='word_1_288' title='bbox 1581 2308 1591 2379; x_wconf 85' lang='grc' dir='ltr'>Ι</span> <span class='ocrx_word' id='word_1_289' title='bbox 1610 2317 1702 2379; x_wconf 84' lang='lat' dir='ltr'><strong>quael</strong></span> 
     </span>
     <span class='ocr_line' id='line_1_24' title="bbox 246 2397 1682 2471; baseline -0.001 -16"><span class='ocrx_word' id='word_1_290' title='bbox 246 2405 359 2470; x_wconf 89' lang='lat' dir='ltr'><strong>patera</strong></span> <span class='ocrx_word' id='word_1_291' title='bbox 381 2397 449 2470; x_wconf 86' lang='lat' dir='ltr'><strong>lilio,</strong></span> <span class='ocrx_word' id='word_1_292' title='bbox 472 2399 538 2454; x_wconf 91' lang='lat' dir='ltr'><strong>item</strong></span> <span class='ocrx_word' id='word_1_293' title='bbox 563 2415 580 2453; x_wconf 92' lang='lat' dir='ltr'><strong>a</strong></span> <span class='ocrx_word' id='word_1_294' title='bbox 602 2397 751 2454; x_wconf 89' lang='lat' dir='ltr'><strong>substitnte</strong></span> <span class='ocrx_word' id='word_1_295' title='bbox 774 2399 896 2469; x_wconf 88' lang='lat' dir='ltr'><strong>reliquit,</strong></span> <span class='ocrx_word' id='word_1_296' title='bbox 922 2399 1022 2456; x_wconf 89' lang='lat' dir='ltr'><strong>nullam</strong></span> <span class='ocrx_word' id='word_1_297' title='bbox 1046 2397 1105 2456; x_wconf 85' lang='lat' dir='ltr'><strong>fieri</strong></span> <span class='ocrx_word' id='word_1_298' title='bbox 1124 2414 1206 2470; x_wconf 89' lang='lat' dir='ltr'><strong>posse</strong></span> <span class='ocrx_word' id='word_1_299' title='bbox 1224 2400 1439 2471; x_wconf 71' lang='lat' dir='ltr'><strong>separatorem,</strong></span> <span class='ocrx_word' id='word_1_300' title='bbox 1463 2415 1525 2456; x_wconf 89' lang='lat' dir='ltr'><strong>cum</strong></span> <span class='ocrx_word' id='word_1_301' title='bbox 1543 2398 1682 2456; x_wconf 77' lang='lat' dir='ltr'><strong>commui</strong></span> 
     </span>
     <span class='ocr_line' id='line_1_25' title="bbox 246 2487 1681 2560; baseline -0.001 -14"><span class='ocrx_word' id='word_1_302' title='bbox 246 2489 350 2546; x_wconf 86' lang='lat' dir='ltr'><strong>calculo</strong></span> <span class='ocrx_word' id='word_1_303' title='bbox 368 2487 537 2544; x_wconf 88' lang='lat' dir='ltr'><strong>subiciantur</strong></span> <span class='ocrx_word' id='word_1_304' title='bbox 548 2493 577 2544; x_wconf 92' lang='lat' dir='ltr'><strong>et</strong></span> <span class='ocrx_word' id='word_1_305' title='bbox 593 2489 709 2544; x_wconf 88' lang='lat' dir='ltr'><strong>inuicem</strong></span> <span class='ocrx_word' id='word_1_306' title='bbox 729 2488 860 2544; x_wconf 86' lang='lat' dir='ltr'><strong>inducant</strong></span> <span class='ocrx_word' id='word_1_307' title='bbox 877 2487 1114 2546; x_wconf 87' lang='lat' dir='ltr'><strong>contributiouem.</strong></span> <span class='ocrx_word' id='word_1_308' title='bbox 1139 2489 1188 2546; x_wconf 87' lang='lat' dir='ltr'><strong>aed</strong></span> <span class='ocrx_word' id='word_1_309' title='bbox 1200 2490 1300 2560; x_wconf 75' lang='lat' dir='ltr'><strong>legata,</strong></span> <span class='ocrx_word' id='word_1_310' title='bbox 1318 2503 1389 2560; x_wconf 89' lang='lat' dir='ltr'><strong>quae</strong></span> <span class='ocrx_word' id='word_1_311' title='bbox 1401 2487 1437 2546; x_wconf 89' lang='lat' dir='ltr'><strong>ab</strong></span> <span class='ocrx_word' id='word_1_312' title='bbox 1447 2489 1575 2544; x_wconf 83' lang='lat' dir='ltr'><strong>instituto</strong></span> <span class='ocrx_word' id='word_1_313' title='bbox 1586 2493 1681 2544; x_wconf 84' lang='lat' dir='ltr'><strong>extero</strong></span> 
     </span>
     <span class='ocr_line' id='line_1_26' title="bbox 246 2575 1702 2650; baseline -0.002 -16"><span class='ocrx_word' id='word_1_314' title='bbox 246 2578 312 2634; x_wconf 87' lang='lat' dir='ltr'><strong>data</strong></span> <span class='ocrx_word' id='word_1_315' title='bbox 329 2582 402 2648; x_wconf 91' lang='lat' dir='ltr'><strong>sunt,</strong></span> <span class='ocrx_word' id='word_1_316' title='bbox 419 2578 577 2649; x_wconf 89' lang='lat' dir='ltr'><strong>permisceri</strong></span> <span class='ocrx_word' id='word_1_317' title='bbox 596 2578 694 2632; x_wconf 90' lang='lat' dir='ltr'><strong>ceteris</strong></span> <span class='ocrx_word' id='word_1_318' title='bbox 712 2593 766 2634; x_wconf 92' lang='lat' dir='ltr'><strong>uon</strong></span> <span class='ocrx_word' id='word_1_319' title='bbox 785 2583 923 2648; x_wconf 87' lang='lat' dir='ltr'><strong>oportere:</strong></span> <span class='ocrx_word' id='word_1_320' title='bbox 941 2578 1059 2650; x_wconf 89' lang='lat' dir='ltr'><strong>ideoque</strong></span> <span class='ocrx_word' id='word_1_321' title='bbox 1076 2585 1200 2649; x_wconf 88' lang='lat' dir='ltr'><strong>quartam</strong></span> <span class='ocrx_word' id='word_1_322' title='bbox 1218 2579 1321 2650; x_wconf 90' lang='lat' dir='ltr'><strong>pupillo</strong></span> <span class='ocrx_word' id='word_1_323' title='bbox 1339 2579 1421 2636; x_wconf 88' lang='lat' dir='ltr'><strong>datae</strong></span> <span class='ocrx_word' id='word_1_324' title='bbox 1435 2578 1569 2650; x_wconf 90' lang='lat' dir='ltr'><strong>portionis</strong></span> <span class='ocrx_word' id='word_1_325' title='bbox 1580 2575 1682 2634; x_wconf 86' lang='lat' dir='ltr'><strong>habere</strong></span> <span class='ocrx_word' id='word_1_326' title='bbox 1698 2592 1702 2631; x_wconf 85' lang='grc' dir='ltr'><strong>ι</strong></span> 
     </span>
     <span class='ocr_line' id='line_1_27' title="bbox 246 2666 1681 2738; baseline 0 -16"><span class='ocrx_word' id='word_1_327' title='bbox 246 2666 437 2736; x_wconf 89' lang='lat' dir='ltr'><strong>substitutum,</strong></span> <span class='ocrx_word' id='word_1_328' title='bbox 461 2667 588 2736; x_wconf 91' lang='lat' dir='ltr'><strong>quamuis</strong></span> <span class='ocrx_word' id='word_1_329' title='bbox 612 2669 708 2722; x_wconf 80' lang='lat' dir='ltr'><strong>snam⁴</strong></span> <span class='ocrx_word' id='word_1_330' title='bbox 725 2669 879 2738; x_wconf 89' lang='lat' dir='ltr'><strong>portionem</strong></span> <span class='ocrx_word' id='word_1_331' title='bbox 903 2666 1003 2724; x_wconf 88' lang='lat' dir='ltr'><strong>habeat</strong></span> <span class='ocrx_word' id='word_1_332' title='bbox 1025 2673 1057 2724; x_wconf 91' lang='lat' dir='ltr'><strong>ut</strong></span> <span class='ocrx_word' id='word_1_333' title='bbox 1074 2669 1230 2724; x_wconf 88' lang='lat' dir='ltr'><strong>institutus:</strong></span> <span class='ocrx_word' id='word_1_334' title='bbox 1258 2673 1287 2724; x_wconf 90' lang='lat' dir='ltr'><strong>et</strong></span> <span class='ocrx_word' id='word_1_335' title='bbox 1303 2668 1383 2724; x_wconf 85' lang='grc' dir='ltr'><strong>ιιιιιιι</strong></span> <span class='ocrx_word' id='word_1_336' title='bbox 1402 2683 1514 2724; x_wconf 70' lang='lat' dir='ltr'><strong>msam</strong></span> <span class='ocrx_word' id='word_1_337' title='bbox 1532 2681 1595 2722; x_wconf 91' lang='lat' dir='ltr'><strong>esse</strong></span> <span class='ocrx_word' id='word_1_338' title='bbox 1612 2667 1681 2738; x_wconf 91' lang='lat' dir='ltr'><strong>eius,</strong></span> 
     </span>
     <span class='ocr_line' id='line_1_28' title="bbox 246 2754 1682 2828; baseline 0 -16"><span class='ocrx_word' id='word_1_339' title='bbox 246 2757 294 2827; x_wconf 93' lang='lat' dir='ltr'><strong>qui</strong></span> <span class='ocrx_word' id='word_1_340' title='bbox 319 2773 355 2812; x_wconf 86' lang='lat' dir='ltr'><strong>ex</strong></span> <span class='ocrx_word' id='word_1_341' title='bbox 381 2755 464 2811; x_wconf 87' lang='lat' dir='ltr'><strong>uariis</strong></span> <span class='ocrx_word' id='word_1_342' title='bbox 486 2754 657 2826; x_wconf 88' lang='lat' dir='ltr'><strong>portionibus</strong></span> <span class='ocrx_word' id='word_1_343' title='bbox 678 2756 759 2812; x_wconf 89' lang='lat' dir='ltr'><strong>heres</strong></span> <span class='ocrx_word' id='word_1_344' title='bbox 781 2757 958 2814; x_wconf 90' lang='lat' dir='ltr'><strong>scriberetur:</strong></span> <span class='ocrx_word' id='word_1_345' title='bbox 986 2757 1023 2814; x_wconf 91' lang='lat' dir='ltr'><strong>ibi</strong></span> <span class='ocrx_word' id='word_1_346' title='bbox 1047 2758 1119 2814; x_wconf 92' lang='lat' dir='ltr'><strong>enim</strong></span> <span class='ocrx_word' id='word_1_347' title='bbox 1141 2758 1294 2828; x_wconf 79' lang='lat' dir='ltr'><strong>legatorum</strong></span> <span class='ocrx_word' id='word_1_348' title='bbox 1317 2755 1447 2815; x_wconf 75' lang='lat' dir='ltr'><strong>conflandi</strong></span> <span class='ocrx_word' id='word_1_349' title='bbox 1468 2757 1603 2814; x_wconf 82' lang='lat' dir='ltr'><strong>rationem</strong></span> <span class='ocrx_word' id='word_1_350' title='bbox 1626 2771 1682 2813; x_wconf 89' lang='lat' dir='ltr'><strong>non</strong></span> 
     </span>
     <span class='ocr_line' id='line_1_29' title="bbox 247 2842 1681 2918; baseline 0.001 -17"><span class='ocrx_word' id='word_1_351' title='bbox 247 2847 350 2915; x_wconf 90' lang='lat' dir='ltr'><strong>miuus,</strong></span> <span class='ocrx_word' id='word_1_352' title='bbox 375 2861 456 2915; x_wconf 87' lang='lat' dir='ltr'><strong>quam</strong></span> <span class='ocrx_word' id='word_1_353' title='bbox 481 2844 504 2900; x_wconf 89' lang='grc' dir='ltr'><strong>ιι</strong></span> <span class='ocrx_word' id='word_1_354' title='bbox 527 2844 611 2900; x_wconf 90' lang='lat' dir='ltr'><strong>semel</strong></span> <span class='ocrx_word' id='word_1_355' title='bbox 635 2842 733 2900; x_wconf 85' lang='lat' dir='ltr'><strong>luisset</strong></span> <span class='ocrx_word' id='word_1_356' title='bbox 753 2853 931 2917; x_wconf 90' lang='lat' dir='ltr'><strong>nuncupatus</strong></span> <span class='ocrx_word' id='word_1_357' title='bbox 945 2863 980 2902; x_wconf 89' lang='lat' dir='ltr'><strong>ex</strong></span> <span class='ocrx_word' id='word_1_358' title='bbox 998 2863 1032 2904; x_wconf 91' lang='grc' dir='ltr'><strong>ιι</strong></span> <span class='ocrx_word' id='word_1_359' title='bbox 1048 2847 1188 2918; x_wconf 91' lang='lat' dir='ltr'><strong>portione,</strong></span> <span class='ocrx_word' id='word_1_360' title='bbox 1211 2862 1283 2918; x_wconf 88' lang='lat' dir='ltr'><strong>quae</strong></span> <span class='ocrx_word' id='word_1_361' title='bbox 1301 2844 1479 2904; x_wconf 80' lang='lat' dir='ltr'><strong>conficeretur</strong></span> <span class='ocrx_word' id='word_1_362' title='bbox 1496 2857 1531 2902; x_wconf 83' lang='lat' dir='ltr'><strong>cx</strong></span> <span class='ocrx_word' id='word_1_363' title='bbox 1547 2845 1681 2916; x_wconf 80' lang='lat' dir='ltr'><strong>pluribus,</strong></span> 
     </span>
    </p>

    <p class='ocr_par' dir='ltr' id='par_1_5' title="bbox 213 2932 1702 3272">
     <span class='ocr_line' id='line_1_30' title="bbox 213 2932 1681 3006; baseline 0.001 -17"><span class='ocrx_word' id='word_1_364' title='bbox 213 2944 227 2989; x_wconf 92' lang='grc' dir='ltr'><strong>ι</strong></span> <span class='ocrx_word' id='word_1_365' title='bbox 246 2949 336 3004; x_wconf 89' lang='lat' dir='ltr'><strong>usque</strong></span> <span class='ocrx_word' id='word_1_366' title='bbox 354 2932 462 3003; x_wconf 83' lang='lat' dir='ltr'><strong>referre,</strong></span> <span class='ocrx_word' id='word_1_367' title='bbox 481 2949 549 3004; x_wconf 90' lang='lat' dir='ltr'><strong>pure</strong></span> <span class='ocrx_word' id='word_1_368' title='bbox 566 2949 650 3004; x_wconf 88' lang='lat' dir='ltr'><strong>saepe</strong></span> <span class='ocrx_word' id='word_1_369' title='bbox 668 2951 703 2990; x_wconf 91' lang='lat' dir='ltr'><strong>au</strong></span> <span class='ocrx_word' id='word_1_370' title='bbox 722 2935 773 2992; x_wconf 90' lang='lat' dir='ltr'><strong>sub</strong></span> <span class='ocrx_word' id='word_1_371' title='bbox 792 2935 908 2992; x_wconf 89' lang='lat' dir='ltr'><strong>diuersis</strong></span> <span class='ocrx_word' id='word_1_372' title='bbox 926 2936 1132 2993; x_wconf 87' lang='lat' dir='ltr'><strong>condicionibus</strong></span> <span class='ocrx_word' id='word_1_373' title='bbox 1150 2936 1187 2992; x_wconf 88' lang='lat' dir='ltr'><strong>sit</strong></span> <span class='ocrx_word' id='word_1_374' title='bbox 1204 2936 1283 2992; x_wconf 90' lang='lat' dir='ltr'><strong>heres</strong></span> <span class='ocrx_word' id='word_1_375' title='bbox 1300 2936 1451 2992; x_wconf 90' lang='lat' dir='ltr'><strong>institutus.</strong></span> <span class='ocrx_word' id='word_1_376' title='bbox 1478 2933 1507 2991; x_wconf 83' lang='lat' dir='ltr'><strong>Sl</strong></span> <span class='ocrx_word' id='word_1_377' title='bbox 1524 2935 1588 3006; x_wconf 86' lang='lat' dir='ltr'><strong>quia</strong></span> <span class='ocrx_word' id='word_1_378' title='bbox 1600 2934 1681 2990; x_wconf 81' lang='lat' dir='ltr'><strong>exhe</strong></span> 
     </span>
     <span class='ocr_line' id='line_1_31' title="bbox 246 3021 1702 3097; baseline 0 -17"><span class='ocrx_word' id='word_1_379' title='bbox 246 3024 342 3080; x_wconf 83' lang='lat' dir='ltr'><strong>reduto</strong></span> <span class='ocrx_word' id='word_1_380' title='bbox 365 3021 422 3080; x_wconf 85' lang='lat' dir='ltr'><strong>filio</strong></span> <span class='ocrx_word' id='word_1_381' title='bbox 444 3023 586 3078; x_wconf 89' lang='lat' dir='ltr'><strong>substituit</strong></span> <span class='ocrx_word' id='word_1_382' title='bbox 603 3022 730 3080; x_wconf 89' lang='lat' dir='ltr'><strong>heredem</strong></span> <span class='ocrx_word' id='word_1_383' title='bbox 748 3025 904 3082; x_wconf 87' lang='lat' dir='ltr'><strong>institutum</strong></span> <span class='ocrx_word' id='word_1_384' title='bbox 922 3031 950 3082; x_wconf 94' lang='grc' dir='ltr'><strong>ιι</strong></span> <span class='ocrx_word' id='word_1_385' title='bbox 968 3026 1003 3082; x_wconf 90' lang='lat' dir='ltr'><strong>ab</strong></span> <span class='ocrx_word' id='word_1_386' title='bbox 1022 3041 1055 3083; x_wconf 90' lang='lat' dir='ltr'><strong>eo</strong></span> <span class='ocrx_word' id='word_1_387' title='bbox 1074 3025 1175 3082; x_wconf 87' lang='lat' dir='ltr'><strong>tabulis</strong></span> <span class='ocrx_word' id='word_1_388' title='bbox 1193 3041 1301 3097; x_wconf 90' lang='lat' dir='ltr'><strong>quoque</strong></span> <span class='ocrx_word' id='word_1_389' title='bbox 1319 3024 1447 3082; x_wconf 86' lang='lat' dir='ltr'><strong>secundis</strong></span> <span class='ocrx_word' id='word_1_390' title='bbox 1464 3024 1612 3096; x_wconf 80' lang='lat' dir='ltr'><strong>legaucrit,</strong></span> <span class='ocrx_word' id='word_1_391' title='bbox 1635 3039 1681 3080; x_wconf 85' lang='lat' dir='ltr'><strong>ue</strong></span> <span class='ocrx_word' id='word_1_392' title='bbox 1700 3041 1702 3074; x_wconf 86' lang='lat'>:</span> 
     </span>
     <span class='ocr_line' id='line_1_32' title="bbox 247 3110 1681 3198; baseline 0.001 -28"><span class='ocrx_word' id='word_1_393' title='bbox 247 3113 366 3170; x_wconf 76' lang='lat' dir='ltr'><strong>cassano</strong></span> <span class='ocrx_word' id='word_1_394' title='bbox 389 3113 459 3168; x_wconf 88' lang='lat' dir='ltr'><strong>ratio</strong></span> <span class='ocrx_word' id='word_1_395' title='bbox 477 3110 672 3182; x_wconf 79' lang='lat' dir='ltr'><strong>contundetur,</strong></span> <span class='ocrx_word' id='word_1_396' title='bbox 697 3128 760 3168; x_wconf 90' lang='lat' dir='ltr'><strong>oum</strong></span> <span class='ocrx_word' id='word_1_397' title='bbox 778 3113 841 3170; x_wconf 90' lang='lat' dir='ltr'><strong>ideo</strong></span> <span class='ocrx_word' id='word_1_398' title='bbox 859 3115 951 3184; x_wconf 75' lang='lat' dir='ltr'><strong>legata</strong></span> <span class='ocrx_word' id='word_1_399' title='bbox 968 3116 1060 3172; x_wconf 89' lang='lat' dir='ltr'><strong>ualere</strong></span> <span class='ocrx_word' id='word_1_400' title='bbox 1079 3115 1178 3172; x_wconf 83' lang='lat' dir='ltr'><strong>dixerit</strong></span> <span class='ocrx_word' id='word_1_401' title='bbox 1195 3116 1317 3172; x_wconf 89' lang='lat' dir='ltr'><strong>lulianus</strong></span> <span class='ocrx_word' id='word_1_402' title='bbox 1335 3131 1353 3172; x_wconf 91' lang='lat' dir='ltr'><strong>a</strong></span> <span class='ocrx_word' id='word_1_403' title='bbox 1370 3113 1433 3170; x_wconf 91' lang='lat' dir='ltr'><strong>sub·</strong></span> <span class='ocrx_word' id='word_1_404' title='bbox 1451 3110 1507 3198; x_wconf 81' lang='grc' dir='ltr'><strong>Ιιιιι.</strong></span> <span class='ocrx_word' id='word_1_405' title='bbox 1519 3125 1575 3172; x_wconf 80' lang='grc' dir='ltr'><strong>ιιι</strong></span> <span class='ocrx_word' id='word_1_406' title='bbox 1587 3123 1624 3183; x_wconf 75' lang='grc' dir='ltr'><strong>ιι</strong></span> <span class='ocrx_word' id='word_1_407' title='bbox 1636 3123 1681 3172; x_wconf 79' lang='grc' dir='ltr'><strong>ιιι</strong></span> 
     </span>
     <span class='ocr_line' id='line_1_33' title="bbox 247 3201 995 3272; baseline 0 -12"><span class='ocrx_word' id='word_1_408' title='bbox 247 3203 343 3260; x_wconf 82' lang='grc' dir='ltr'><strong>ιιιιιιιι</strong></span> <span class='ocrx_word' id='word_1_409' title='bbox 362 3203 464 3271; x_wconf 86' lang='lat' dir='ltr'><strong>relicta,</strong></span> <span class='ocrx_word' id='word_1_410' title='bbox 483 3201 557 3272; x_wconf 91' lang='lat' dir='ltr'><strong>qnod</strong></span> <span class='ocrx_word' id='word_1_411' title='bbox 575 3201 648 3258; x_wconf 90' lang='lat' dir='ltr'><strong>idem</strong></span> <span class='ocrx_word' id='word_1_412' title='bbox 666 3203 736 3272; x_wconf 88' lang='lat' dir='ltr'><strong>patri</strong></span> <span class='ocrx_word' id='word_1_413' title='bbox 754 3202 834 3258; x_wconf 88' lang='lat' dir='ltr'><strong>heres</strong></span> <span class='ocrx_word' id='word_1_414' title='bbox 851 3205 995 3260; x_wconf 87' lang='lat' dir='ltr'><strong>exstiterit.</strong></span> 
     </span>
    </p>

    <p class='ocr_par' dir='ltr' id='par_1_6' title="bbox 191 3290 1702 3542">
     <span class='ocr_line' id='line_1_34' title="bbox 191 3290 1702 3361; baseline 0.004 -14"><span class='ocrx_word' id='word_1_415' title='bbox 191 3290 228 3348; x_wconf 80' lang='lat'><strong>12</strong></span> <span class='ocrx_word' id='word_1_416' title='bbox 300 3293 377 3348; x_wconf 80' lang='lat' dir='ltr'><strong>insu</strong></span> <span class='ocrx_word' id='word_1_417' title='bbox 403 3290 472 3348; x_wconf 87' lang='lat' dir='ltr'><strong>libro</strong></span> <span class='ocrx_word' id='word_1_418' title='bbox 496 3291 637 3360; x_wconf 77' lang='lat' dir='ltr'><strong>trigesimo</strong></span> <span class='ocrx_word' id='word_1_419' title='bbox 660 3291 861 3360; x_wconf 89' lang='lat' dir='ltr'><strong>quaestionum.</strong></span> <span class='ocrx_word' id='word_1_420' title='bbox 903 3291 932 3348; x_wconf 83' lang='lat' dir='ltr'><strong>Si</strong></span> <span class='ocrx_word' id='word_1_421' title='bbox 959 3291 1067 3348; x_wconf 88' lang='lat' dir='ltr'><strong>debitor</strong></span> <span class='ocrx_word' id='word_1_422' title='bbox 1090 3293 1224 3350; x_wconf 90' lang='lat' dir='ltr'><strong>creditore</strong></span> <span class='ocrx_word' id='word_1_423' title='bbox 1252 3293 1352 3350; x_wconf 86' lang='lat' dir='ltr'><strong>herede</strong></span> <span class='ocrx_word' id='word_1_424' title='bbox 1374 3293 1499 3350; x_wconf 87' lang='lat' dir='ltr'><strong>instituio</strong></span> <span class='ocrx_word' id='word_1_425' title='bbox 1536 3303 1612 3361; x_wconf 72' lang='lat' dir='ltr'><strong>aar,</strong></span> <span class='ocrx_word' id='word_1_426' title='bbox 1621 3305 1643 3360; x_wconf 89' lang='lat'><strong>1,</strong></span> <span class='ocrx_word' id='word_1_427' title='bbox 1652 3305 1682 3351; x_wconf 84' lang='grc' dir='ltr'><strong>ιι</strong></span> <span class='ocrx_word' id='word_1_428' title='bbox 1699 3345 1702 3354; x_wconf 90' lang='grc'><strong>.</strong></span> 
     </span>
     <span class='ocr_line' id='line_1_35' title="bbox 246 3380 1682 3454; baseline 0.001 -16"><span class='ocrx_word' id='word_1_429' title='bbox 246 3381 375 3452; x_wconf 88' lang='lat' dir='ltr'><strong>petisset,</strong></span> <span class='ocrx_word' id='word_1_430' title='bbox 399 3395 434 3436; x_wconf 92' lang='lat' dir='ltr'><strong>ne</strong></span> <span class='ocrx_word' id='word_1_431' title='bbox 457 3381 486 3434; x_wconf 90' lang='lat' dir='ltr'><strong>in</strong></span> <span class='ocrx_word' id='word_1_432' title='bbox 509 3380 613 3436; x_wconf 74' lang='lat' dir='ltr'><strong>radone</strong></span> <span class='ocrx_word' id='word_1_433' title='bbox 635 3381 704 3451; x_wconf 76' lang='lat' dir='ltr'><strong>legis</strong></span> <span class='ocrx_word' id='word_1_434' title='bbox 722 3381 860 3438; x_wconf 89' lang='lat' dir='ltr'><strong>Falcidiae</strong></span> <span class='ocrx_word' id='word_1_435' title='bbox 883 3382 1011 3452; x_wconf 88' lang='lat' dir='ltr'><strong>ponenda</strong></span> <span class='ocrx_word' id='word_1_436' title='bbox 1034 3382 1167 3438; x_wconf 88' lang='lat' dir='ltr'><strong>creditum</strong></span> <span class='ocrx_word' id='word_1_437' title='bbox 1188 3397 1268 3440; x_wconf 88' lang='lat' dir='ltr'><strong>suum</strong></span> <span class='ocrx_word' id='word_1_438' title='bbox 1286 3383 1426 3454; x_wconf 79' lang='lat' dir='ltr'><strong>legatariis</strong></span> <span class='ocrx_word' id='word_1_439' title='bbox 1443 3387 1598 3454; x_wconf 86' lang='lat' dir='ltr'><strong>reputaret,</strong></span> <span class='ocrx_word' id='word_1_440' title='bbox 1622 3384 1682 3440; x_wconf 86' lang='lat' dir='ltr'><strong>aine</strong></span> 
     </span>
     <span class='ocr_line' id='line_1_36' title="bbox 246 3468 1702 3542; baseline 0.001 -15"><span class='ocrx_word' id='word_1_441' title='bbox 246 3469 330 3526; x_wconf 91' lang='lat' dir='ltr'><strong>dubio</strong></span> <span class='ocrx_word' id='word_1_442' title='bbox 348 3469 453 3525; x_wconf 90' lang='lat' dir='ltr'><strong>ratione</strong></span> <span class='ocrx_word' id='word_1_443' title='bbox 470 3468 526 3524; x_wconf 91' lang='lat' dir='ltr'><strong>doli</strong></span> <span class='ocrx_word' id='word_1_444' title='bbox 544 3469 607 3524; x_wconf 91' lang='lat' dir='ltr'><strong>mali</strong></span> <span class='ocrx_word' id='word_1_445' title='bbox 625 3471 795 3540; x_wconf 90' lang='lat' dir='ltr'><strong>exceptionis</strong></span> <span class='ocrx_word' id='word_1_446' title='bbox 813 3471 887 3542; x_wconf 88' lang='lat' dir='ltr'><strong>apud</strong></span> <span class='ocrx_word' id='word_1_447' title='bbox 905 3469 1035 3528; x_wconf 88' lang='lat' dir='ltr'><strong>arbitrum</strong></span> <span class='ocrx_word' id='word_1_448' title='bbox 1054 3471 1193 3528; x_wconf 88' lang='lat' dir='ltr'><strong>Falcidiae</strong></span> <span class='ocrx_word' id='word_1_449' title='bbox 1210 3469 1332 3528; x_wconf 76' lang='lat' dir='ltr'><strong>defuncti</strong></span> <span class='ocrx_word' id='word_1_450' title='bbox 1349 3473 1477 3529; x_wconf 89' lang='lat' dir='ltr'><strong>uoluntas</strong></span> <span class='ocrx_word' id='word_1_451' title='bbox 1495 3477 1632 3528; x_wconf 86' lang='lat' dir='ltr'><strong>seruatur.</strong></span> <span class='ocrx_word' id='word_1_452' title='bbox 1699 3485 1702 3521; x_wconf 76' lang='grc' dir='ltr'><strong>ι</strong></span> 
     </span>
    </p>

    <p class='ocr_par' dir='ltr' id='par_1_7' title="bbox 64 3549 1702 3812">
     <span class='ocr_line' id='line_1_37' title="bbox 64 3549 1702 3632; baseline 0.003 -17"><span class='ocrx_word' id='word_1_453' title='bbox 64 3549 96 3570; x_wconf 70' lang='grc'><strong>”“</strong></span> <span class='ocrx_word' id='word_1_454' title='bbox 192 3559 228 3616; x_wconf 87' lang='grc'><strong>13</strong></span> <span class='ocrx_word' id='word_1_455' title='bbox 299 3561 377 3615; x_wconf 82' lang='lat' dir='ltr'><strong>lusu</strong></span> <span class='ocrx_word' id='word_1_456' title='bbox 389 3558 457 3615; x_wconf 89' lang='lat' dir='ltr'><strong>libro</strong></span> <span class='ocrx_word' id='word_1_457' title='bbox 469 3558 609 3627; x_wconf 84' lang='lat' dir='ltr'><strong>trigesimo</strong></span> <span class='ocrx_word' id='word_1_458' title='bbox 622 3559 738 3629; x_wconf 90' lang='lat' dir='ltr'><strong>septimo</strong></span> <span class='ocrx_word' id='word_1_459' title='bbox 750 3561 949 3630; x_wconf 88' lang='lat' dir='ltr'><strong>quaestionum.</strong></span> <span class='ocrx_word' id='word_1_460' title='bbox 973 3559 1002 3616; x_wconf 86' lang='lat' dir='ltr'><strong>Si</strong></span> <span class='ocrx_word' id='word_1_461' title='bbox 1019 3561 1133 3616; x_wconf 87' lang='lat' dir='ltr'><strong>tacitum</strong></span> <span class='ocrx_word' id='word_1_462' title='bbox 1152 3560 1392 3618; x_wconf 88' lang='lat' dir='ltr'><strong>fideicommissum</strong></span> <span class='ocrx_word' id='word_1_463' title='bbox 1407 3577 1504 3618; x_wconf 88' lang='lat' dir='ltr'><strong>seruus</strong></span> <span class='ocrx_word' id='word_1_464' title='bbox 1535 3573 1702 3632; x_wconf 83' lang='grc' dir='ltr'><strong>ι.ιι,ι,ιι.</strong></span> 
     </span>
     <span class='ocr_line' id='line_1_38' title="bbox 246 3648 1680 3722; baseline 0.003 -18"><span class='ocrx_word' id='word_1_465' title='bbox 246 3649 406 3719; x_wconf 76' lang='lat' dir='ltr'><strong>iniungente</strong></span> <span class='ocrx_word' id='word_1_466' title='bbox 424 3648 534 3704; x_wconf 92' lang='lat' dir='ltr'><strong>domiuo</strong></span> <span class='ocrx_word' id='word_1_467' title='bbox 552 3649 716 3718; x_wconf 89' lang='lat' dir='ltr'><strong>susceperit,</strong></span> <span class='ocrx_word' id='word_1_468' title='bbox 741 3649 897 3706; x_wconf 90' lang='lat' dir='ltr'><strong>habiturum</strong></span> <span class='ocrx_word' id='word_1_469' title='bbox 916 3665 979 3706; x_wconf 91' lang='lat' dir='ltr'><strong>eum</strong></span> <span class='ocrx_word' id='word_1_470' title='bbox 998 3650 1067 3720; x_wconf 74' lang='lat' dir='ltr'><strong>legis</strong></span> <span class='ocrx_word' id='word_1_471' title='bbox 1084 3650 1222 3706; x_wconf 83' lang='lat' dir='ltr'><strong>Falcidiae</strong></span> <span class='ocrx_word' id='word_1_472' title='bbox 1240 3649 1415 3720; x_wconf 71' lang='lat' dir='ltr'><strong>bonafidem,</strong></span> <span class='ocrx_word' id='word_1_473' title='bbox 1436 3651 1501 3722; x_wconf 87' lang='lat' dir='ltr'><strong>quia</strong></span> <span class='ocrx_word' id='word_1_474' title='bbox 1517 3667 1616 3722; x_wconf 85' lang='lat' dir='ltr'><strong>parere</strong></span> <span class='ocrx_word' id='word_1_475' title='bbox 1633 3651 1680 3708; x_wconf 92' lang='lat' dir='ltr'><strong>do·</strong></span> 
     </span>
     <span class='ocr_line' id='line_1_39' title="bbox 247 3736 1555 3812; baseline 0.001 -18"><span class='ocrx_word' id='word_1_476' title='bbox 247 3739 321 3794; x_wconf 92' lang='lat' dir='ltr'><strong>mino</strong></span> <span class='ocrx_word' id='word_1_477' title='bbox 339 3736 442 3806; x_wconf 88' lang='lat' dir='ltr'><strong>debuit,</strong></span> <span class='ocrx_word' id='word_1_478' title='bbox 460 3737 638 3792; x_wconf 89' lang='lat' dir='ltr'><strong>coustitutum</strong></span> <span class='ocrx_word' id='word_1_479' title='bbox 657 3743 712 3792; x_wconf 88' lang='lat' dir='ltr'><strong>est:</strong></span> <span class='ocrx_word' id='word_1_480' title='bbox 731 3737 859 3808; x_wconf 89' lang='lat' dir='ltr'><strong>idemque</strong></span> <span class='ocrx_word' id='word_1_481' title='bbox 876 3740 979 3809; x_wconf 87' lang='lat' dir='ltr'><strong>placuit</strong></span> <span class='ocrx_word' id='word_1_482' title='bbox 998 3739 1026 3794; x_wconf 90' lang='lat' dir='ltr'><strong>in</strong></span> <span class='ocrx_word' id='word_1_483' title='bbox 1044 3737 1108 3810; x_wconf 90' lang='lat' dir='ltr'><strong>filio,</strong></span> <span class='ocrx_word' id='word_1_484' title='bbox 1126 3741 1174 3810; x_wconf 92' lang='lat' dir='ltr'><strong>qui</strong></span> <span class='ocrx_word' id='word_1_485' title='bbox 1191 3738 1243 3796; x_wconf 86' lang='grc' dir='ltr'><strong>ιιιιι</strong></span> <span class='ocrx_word' id='word_1_486' title='bbox 1260 3740 1288 3795; x_wconf 91' lang='lat' dir='ltr'><strong>in</strong></span> <span class='ocrx_word' id='word_1_487' title='bbox 1306 3741 1391 3812; x_wconf 86' lang='lat' dir='ltr'><strong>patris</strong></span> <span class='ocrx_word' id='word_1_488' title='bbox 1408 3744 1555 3811; x_wconf 72' lang='lat' dir='ltr'><strong>potoetste.</strong></span> 
     </span>
    </p>

    <p class='ocr_par' dir='ltr' id='par_1_8' title="bbox 192 3825 1702 4169">
     <span class='ocr_line' id='line_1_40' title="bbox 192 3825 1702 3914; baseline 0.003 -29"><span class='ocrx_word' id='word_1_489' title='bbox 192 3827 229 3885; x_wconf 89' lang='grc'><strong>14</strong></span> <span class='ocrx_word' id='word_1_490' title='bbox 299 3827 378 3882; x_wconf 79' lang='lat' dir='ltr'><strong>lnam</strong></span> <span class='ocrx_word' id='word_1_491' title='bbox 395 3825 463 3881; x_wconf 87' lang='lat' dir='ltr'><strong>libro</strong></span> <span class='ocrx_word' id='word_1_492' title='bbox 482 3841 554 3882; x_wconf 90' lang='lat' dir='ltr'><strong>nouo</strong></span> <span class='ocrx_word' id='word_1_493' title='bbox 571 3841 773 3895; x_wconf 88' lang='lat' dir='ltr'><strong>responsorum.</strong></span> <span class='ocrx_word' id='word_1_494' title='bbox 801 3829 883 3883; x_wconf 88' lang='lat' dir='ltr'><strong>Pater</strong></span> <span class='ocrx_word' id='word_1_495' title='bbox 894 3826 986 3898; x_wconf 88' lang='lat' dir='ltr'><strong>filiam,</strong></span> <span class='ocrx_word' id='word_1_496' title='bbox 1005 3843 1076 3898; x_wconf 91' lang='lat' dir='ltr'><strong>qnae</strong></span> <span class='ocrx_word' id='word_1_497' title='bbox 1094 3845 1111 3884; x_wconf 92' lang='lat' dir='ltr'><strong>a</strong></span> <span class='ocrx_word' id='word_1_498' title='bbox 1130 3829 1189 3884; x_wconf 88' lang='lat' dir='ltr'><strong>uiro</strong></span> <span class='ocrx_word' id='word_1_499' title='bbox 1200 3829 1359 3900; x_wconf 89' lang='lat' dir='ltr'><strong>diuerterat,</strong></span> <span class='ocrx_word' id='word_1_500' title='bbox 1376 3829 1505 3886; x_wconf 87' lang='lat' dir='ltr'><strong>heredem</strong></span> <span class='ocrx_word' id='word_1_501' title='bbox 1523 3825 1702 3914; x_wconf 61' lang='lat' dir='ltr'><strong>Q.</strong></span> 
     </span>
     <span class='ocr_line' id='line_1_41' title="bbox 246 3913 1702 3991; baseline 0.003 -19"><span class='ocrx_word' id='word_1_502' title='bbox 246 3931 296 3987; x_wconf 93' lang='lat' dir='ltr'><strong>pro</strong></span> <span class='ocrx_word' id='word_1_503' title='bbox 313 3923 391 3987; x_wconf 87' lang='lat' dir='ltr'><strong>parte</strong></span> <span class='ocrx_word' id='word_1_504' title='bbox 409 3915 528 3970; x_wconf 88' lang='lat' dir='ltr'><strong>instituit</strong></span> <span class='ocrx_word' id='word_1_505' title='bbox 544 3919 573 3970; x_wconf 93' lang='lat' dir='ltr'><strong>st</strong></span> <span class='ocrx_word' id='word_1_506' title='bbox 590 3913 625 3970; x_wconf 91' lang='lat' dir='ltr'><strong>ab</strong></span> <span class='ocrx_word' id='word_1_507' title='bbox 644 3929 678 3970; x_wconf 91' lang='grc' dir='ltr'><strong>ιι</strong></span> <span class='ocrx_word' id='word_1_508' title='bbox 695 3917 772 3986; x_wconf 86' lang='lat' dir='ltr'><strong>petit,</strong></span> <span class='ocrx_word' id='word_1_509' title='bbox 790 3923 822 3972; x_wconf 93' lang='lat' dir='ltr'><strong>ut</strong></span> <span class='ocrx_word' id='word_1_510' title='bbox 839 3915 916 3972; x_wconf 82' lang='lat' dir='ltr'><strong>fratri</strong></span> <span class='ocrx_word' id='word_1_511' title='bbox 934 3928 962 3972; x_wconf 89' lang='lat' dir='ltr'><strong>et</strong></span> <span class='ocrx_word' id='word_1_512' title='bbox 979 3917 1107 3973; x_wconf 87' lang='lat' dir='ltr'><strong>coheredi</strong></span> <span class='ocrx_word' id='word_1_513' title='bbox 1124 3934 1175 3974; x_wconf 93' lang='lat' dir='ltr'><strong>suo</strong></span> <span class='ocrx_word' id='word_1_514' title='bbox 1193 3919 1344 3989; x_wconf 89' lang='lat' dir='ltr'><strong>portionem</strong></span> <span class='ocrx_word' id='word_1_515' title='bbox 1362 3918 1520 3976; x_wconf 84' lang='lat' dir='ltr'><strong>hereditatis</strong></span> <span class='ocrx_word' id='word_1_516' title='bbox 1537 3926 1681 3991; x_wconf 86' lang='lat' dir='ltr'><strong>acceptam</strong></span> <span class='ocrx_word' id='word_1_517' title='bbox 1698 3941 1702 3968; x_wconf 72' lang='grc' dir='ltr'><strong>ι</strong></span> 
     </span>
     <span class='ocr_line' id='line_1_42' title="bbox 247 4004 1680 4079; baseline 0.003 -19"><span class='ocrx_word' id='word_1_518' title='bbox 247 4005 366 4062; x_wconf 87' lang='lat' dir='ltr'><strong>deducta</strong></span> <span class='ocrx_word' id='word_1_519' title='bbox 383 4010 462 4060; x_wconf 85' lang='lat' dir='ltr'><strong>sexta</strong></span> <span class='ocrx_word' id='word_1_520' title='bbox 479 4004 644 4072; x_wconf 87' lang='lat' dir='ltr'><strong>restitueret,</strong></span> <span class='ocrx_word' id='word_1_521' title='bbox 663 4005 784 4062; x_wconf 88' lang='lat' dir='ltr'><strong>admissa</strong></span> <span class='ocrx_word' id='word_1_522' title='bbox 801 4006 1023 4076; x_wconf 87' lang='lat' dir='ltr'><strong>compensatione</strong></span> <span class='ocrx_word' id='word_1_523' title='bbox 1041 4006 1116 4062; x_wconf 87' lang='lat' dir='ltr'><strong>dotis</strong></span> <span class='ocrx_word' id='word_1_524' title='bbox 1132 4008 1160 4064; x_wconf 89' lang='lat' dir='ltr'><strong>iu</strong></span> <span class='ocrx_word' id='word_1_525' title='bbox 1172 4007 1309 4064; x_wconf 89' lang='lat' dir='ltr'><strong>Falcidiae</strong></span> <span class='ocrx_word' id='word_1_526' title='bbox 1320 4009 1433 4066; x_wconf 65' lang='lat' dir='ltr'><strong>atione.</strong></span> <span class='ocrx_word' id='word_1_527' title='bbox 1460 4009 1575 4079; x_wconf 82' lang='lat' dir='ltr'><strong>aipater</strong></span> <span class='ocrx_word' id='word_1_528' title='bbox 1586 4009 1680 4066; x_wconf 88' lang='lat' dir='ltr'><strong>dotem</strong></span> 
     </span>
     <span class='ocr_line' id='line_1_43' title="bbox 247 4091 1681 4169; baseline 0.003 -19"><span class='ocrx_word' id='word_1_529' title='bbox 247 4095 434 4150; x_wconf 84' lang='lat' dir='ltr'><strong>consentiente</strong></span> <span class='ocrx_word' id='word_1_530' title='bbox 452 4091 508 4150; x_wconf 89' lang='lat' dir='ltr'><strong>iilia</strong></span> <span class='ocrx_word' id='word_1_531' title='bbox 525 4109 580 4150; x_wconf 92' lang='lat' dir='ltr'><strong>uou</strong></span> <span class='ocrx_word' id='word_1_532' title='bbox 598 4095 721 4164; x_wconf 87' lang='lat' dir='ltr'><strong>petisset,</strong></span> <span class='ocrx_word' id='word_1_533' title='bbox 739 4095 888 4150; x_wconf 83' lang='lat' dir='ltr'><strong>Falcidiam</strong></span> <span class='ocrx_word' id='word_1_534' title='bbox 906 4094 1016 4164; x_wconf 87' lang='lat' dir='ltr'><strong>quidem</strong></span> <span class='ocrx_word' id='word_1_535' title='bbox 1029 4096 1087 4152; x_wconf 89' lang='lat' dir='ltr'><strong>iure</strong></span> <span class='ocrx_word' id='word_1_536' title='bbox 1099 4095 1271 4167; x_wconf 89' lang='lat' dir='ltr'><strong>hereditario,</strong></span> <span class='ocrx_word' id='word_1_537' title='bbox 1289 4097 1381 4154; x_wconf 87' lang='lat' dir='ltr'><strong>dotem</strong></span> <span class='ocrx_word' id='word_1_538' title='bbox 1394 4101 1486 4154; x_wconf 81' lang='lat' dir='ltr'><strong>antem</strong></span> <span class='ocrx_word' id='word_1_539' title='bbox 1498 4099 1557 4154; x_wconf 87' lang='lat' dir='ltr'><strong>iura</strong></span> <span class='ocrx_word' id='word_1_540' title='bbox 1568 4099 1681 4169; x_wconf 89' lang='lat' dir='ltr'><strong>proprio</strong></span> 
     </span>
    </p>

    <p class='ocr_par' dir='ltr' id='par_1_9' title="bbox 215 4181 1702 4431">
     <span class='ocr_line' id='line_1_44' title="bbox 215 4181 1681 4258; baseline 0.005 -22"><span class='ocrx_word' id='word_1_541' title='bbox 215 4193 227 4236; x_wconf 90' lang='lat'>1</span> <span class='ocrx_word' id='word_1_542' title='bbox 246 4181 328 4238; x_wconf 86' lang='lat' dir='ltr'><strong>filiam</strong></span> <span class='ocrx_word' id='word_1_543' title='bbox 352 4181 505 4238; x_wconf 90' lang='lat' dir='ltr'><strong>babituram</strong></span> <span class='ocrx_word' id='word_1_544' title='bbox 528 4183 669 4253; x_wconf 87' lang='lat' dir='ltr'><strong>respondi,</strong></span> <span class='ocrx_word' id='word_1_545' title='bbox 693 4185 758 4252; x_wconf 88' lang='lat' dir='ltr'><strong>quia</strong></span> <span class='ocrx_word' id='word_1_546' title='bbox 778 4183 830 4239; x_wconf 91' lang='lat' dir='ltr'><strong>dos</strong></span> <span class='ocrx_word' id='word_1_547' title='bbox 847 4185 875 4239; x_wconf 93' lang='lat' dir='ltr'><strong>lu</strong></span> <span class='ocrx_word' id='word_1_548' title='bbox 893 4183 1044 4240; x_wconf 86' lang='lat' dir='ltr'><strong>hereditate</strong></span> <span class='ocrx_word' id='word_1_549' title='bbox 1062 4185 1147 4256; x_wconf 87' lang='lat' dir='ltr'><strong>patris</strong></span> <span class='ocrx_word' id='word_1_550' title='bbox 1165 4201 1220 4242; x_wconf 90' lang='lat' dir='ltr'><strong>nou</strong></span> <span class='ocrx_word' id='word_1_551' title='bbox 1237 4187 1413 4244; x_wconf 88' lang='lat' dir='ltr'><strong>inueniretur.</strong></span> <span class='ocrx_word' id='word_1_552' title='bbox 1442 4187 1516 4244; x_wconf 79' lang='lat' dir='ltr'><strong>Auia</strong></span> <span class='ocrx_word' id='word_1_553' title='bbox 1533 4186 1681 4258; x_wconf 85' lang='lat' dir='ltr'><strong>nepotibus</strong></span> 
     </span>
     <span class='ocr_line' id='line_1_45' title="bbox 246 4270 1680 4346; baseline 0.003 -18"><span class='ocrx_word' id='word_1_554' title='bbox 246 4271 392 4328; x_wconf 89' lang='lat' dir='ltr'><strong>heredibus</strong></span> <span class='ocrx_word' id='word_1_555' title='bbox 410 4272 541 4328; x_wconf 88' lang='lat' dir='ltr'><strong>institutis</strong></span> <span class='ocrx_word' id='word_1_556' title='bbox 558 4270 783 4342; x_wconf 83' lang='lat' dir='ltr'><strong>fideicommissit,</strong></span> <span class='ocrx_word' id='word_1_557' title='bbox 802 4277 834 4328; x_wconf 90' lang='lat' dir='ltr'><strong>ut</strong></span> <span class='ocrx_word' id='word_1_558' title='bbox 850 4273 953 4330; x_wconf 91' lang='lat' dir='ltr'><strong>omissa</strong></span> <span class='ocrx_word' id='word_1_559' title='bbox 970 4274 1130 4344; x_wconf 78' lang='grc' dir='ltr'><strong>ιιιιιιιιιιιι,</strong></span> <span class='ocrx_word' id='word_1_560' title='bbox 1148 4289 1219 4344; x_wconf 86' lang='lat' dir='ltr'><strong>quae</strong></span> <span class='ocrx_word' id='word_1_561' title='bbox 1237 4290 1286 4345; x_wconf 92' lang='lat' dir='ltr'><strong>per</strong></span> <span class='ocrx_word' id='word_1_562' title='bbox 1303 4276 1392 4346; x_wconf 73' lang='lat' dir='ltr'><strong>legem</strong></span> <span class='ocrx_word' id='word_1_563' title='bbox 1404 4275 1554 4332; x_wconf 88' lang='lat' dir='ltr'><strong>Falcidiam</strong></span> <span class='ocrx_word' id='word_1_564' title='bbox 1572 4291 1609 4332; x_wconf 91' lang='lat' dir='ltr'><strong>ex</strong></span> <span class='ocrx_word' id='word_1_565' title='bbox 1626 4276 1680 4332; x_wconf 90' lang='lat' dir='ltr'><strong>alio</strong></span> 
     </span>
     <span class='ocr_line' id='line_1_46' title="bbox 246 4360 1702 4431; baseline 0.003 -15"><span class='ocrx_word' id='word_1_566' title='bbox 246 4365 411 4416; x_wconf 90' lang='lat' dir='ltr'><strong>testamento</strong></span> <span class='ocrx_word' id='word_1_567' title='bbox 428 4360 610 4431; x_wconf 87' lang='lat' dir='ltr'><strong>competebat,</strong></span> <span class='ocrx_word' id='word_1_568' title='bbox 628 4361 717 4418; x_wconf 90' lang='lat' dir='ltr'><strong>solida</strong></span> <span class='ocrx_word' id='word_1_569' title='bbox 733 4361 825 4431; x_wconf 73' lang='lat' dir='ltr'><strong>legata</strong></span> <span class='ocrx_word' id='word_1_570' title='bbox 842 4360 971 4420; x_wconf 76' lang='lat' dir='ltr'><strong>tacitus</strong></span> <span class='ocrx_word' id='word_1_571' title='bbox 988 4367 1017 4420; x_wconf 90' lang='lat' dir='ltr'><strong>et</strong></span> <span class='ocrx_word' id='word_1_572' title='bbox 1035 4363 1214 4420; x_wconf 87' lang='lat' dir='ltr'><strong>coheredibus</strong></span> <span class='ocrx_word' id='word_1_573' title='bbox 1225 4363 1371 4420; x_wconf 87' lang='lat' dir='ltr'><strong>soluereut</strong></span> <span class='ocrx_word' id='word_1_574' title='bbox 1398 4371 1472 4422; x_wconf 86' lang='lat' dir='ltr'><strong>recte</strong></span> <span class='ocrx_word' id='word_1_575' title='bbox 1490 4364 1586 4422; x_wconf 78' lang='grc' dir='ltr'><strong>(ιιιιιιιι</strong></span> <span class='ocrx_word' id='word_1_576' title='bbox 1603 4363 1680 4424; x_wconf 86' lang='lat' dir='ltr'><strong>fidei·</strong></span> <span class='ocrx_word' id='word_1_577' title='bbox 1697 4385 1702 4413; x_wconf 72' lang='grc' dir='ltr'><strong>ι</strong></span> 
     </span>
    </p>

    <p class='ocr_par' dir='ltr' id='par_1_10' title="bbox 214 4449 1679 4524">
     <span class='ocr_line' id='line_1_47' title="bbox 214 4449 1679 4524; baseline 0.004 -20"><span class='ocrx_word' id='word_1_578' title='bbox 214 4459 229 4504; x_wconf 81' lang='lat' dir='ltr'><strong>a</strong></span> <span class='ocrx_word' id='word_1_579' title='bbox 247 4451 421 4506; x_wconf 88' lang='lat' dir='ltr'><strong>commissum</strong></span> <span class='ocrx_word' id='word_1_580' title='bbox 444 4449 586 4520; x_wconf 89' lang='lat' dir='ltr'><strong>respondi,</strong></span> <span class='ocrx_word' id='word_1_581' title='bbox 611 4451 660 4505; x_wconf 90' lang='lat' dir='ltr'><strong>sed</strong></span> <span class='ocrx_word' id='word_1_582' title='bbox 684 4449 764 4506; x_wconf 86' lang='lat' dir='ltr'><strong>huius</strong></span> <span class='ocrx_word' id='word_1_583' title='bbox 782 4465 891 4521; x_wconf 91' lang='lat' dir='ltr'><strong>quoque</strong></span> <span class='ocrx_word' id='word_1_584' title='bbox 909 4467 979 4508; x_wconf 91' lang='lat' dir='ltr'><strong>onus</strong></span> <span class='ocrx_word' id='word_1_585' title='bbox 996 4453 1024 4508; x_wconf 90' lang='lat' dir='ltr'><strong>in</strong></span> <span class='ocrx_word' id='word_1_586' title='bbox 1042 4452 1270 4510; x_wconf 87' lang='lat' dir='ltr'><strong>contributionem</strong></span> <span class='ocrx_word' id='word_1_587' title='bbox 1288 4455 1391 4510; x_wconf 85' lang='lat' dir='ltr'><strong>uenire.</strong></span> <span class='ocrx_word' id='word_1_588' title='bbox 1423 4453 1539 4512; x_wconf 90' lang='lat' dir='ltr'><strong>Duobus</strong></span> <span class='ocrx_word' id='word_1_589' title='bbox 1556 4454 1679 4524; x_wconf 81' lang='lat' dir='ltr'><strong>impube</strong></span> 
     </span>
    </p>
   </div>
   <div class='ocr_carea' id='block_1_3' title="bbox 245 4555 488 4624">
    <p class='ocr_par' dir='ltr' id='par_1_11' title="bbox 245 4555 488 4624">
     <span class='ocr_line' id='line_1_48' title="bbox 245 4555 488 4624; baseline 0 -14"><span class='ocrx_word' id='word_1_590' title='bbox 245 4555 488 4624; x_wconf 64' lang='lat' dir='ltr'><strong>munacius)</strong></span> 
     </span>
    </p>
   </div>
   <div class='ocr_carea' id='block_1_4' title="bbox 245 4706 1679 4851">
    <p class='ocr_par' dir='ltr' id='par_1_12' title="bbox 245 4706 1679 4851">
     <span class='ocr_line' id='line_1_49' title="bbox 247 4706 1679 4784; baseline 0.006 -24"><span class='ocrx_word' id='word_1_591' title='bbox 247 4709 257 4743; x_wconf 83' lang='lat'><strong>¹</strong></span> <span class='ocrx_word' id='word_1_592' title='bbox 277 4709 342 4761; x_wconf 79' lang='lat' dir='ltr'><strong>idem</strong></span> <span class='ocrx_word' id='word_1_593' title='bbox 367 4706 461 4762; x_wconf 78' lang='lat' dir='ltr'><strong>Graeci</strong></span> <span class='ocrx_word' id='word_1_594' title='bbox 485 4709 520 4774; x_wconf 84' lang='lat' dir='ltr'><strong>(a.</strong></span> <span class='ocrx_word' id='word_1_595' title='bbox 533 4710 575 4774; x_wconf 77' lang='lat' dir='ltr'><strong>il:</strong></span> <span class='ocrx_word' id='word_1_596' title='bbox 599 4707 752 4778; x_wconf 88' lang='lat' dir='ltr'><strong>quadrante</strong></span> <span class='ocrx_word' id='word_1_597' title='bbox 775 4709 902 4765; x_wconf 89' lang='lat' dir='ltr'><strong>nimirum</strong></span> <span class='ocrx_word' id='word_1_598' title='bbox 926 4711 973 4766; x_wconf 84' lang='lat' dir='ltr'><strong>del.</strong></span> <span class='ocrx_word' id='word_1_599' title='bbox 996 4711 1157 4778; x_wconf 71' lang='lat' dir='ltr'><strong>(Graeceius)</strong></span> <span class='ocrx_word' id='word_1_600' title='bbox 1245 4713 1257 4748; x_wconf 80' lang='lat'>²</span> <span class='ocrx_word' id='word_1_601' title='bbox 1279 4713 1320 4768; x_wconf 89' lang='grc' dir='ltr'><strong>ιιι</strong></span> <span class='ocrx_word' id='word_1_602' title='bbox 1336 4713 1384 4769; x_wconf 80' lang='lat' dir='ltr'><strong>list</strong></span> <span class='ocrx_word' id='word_1_603' title='bbox 1472 4714 1484 4748; x_wconf 81' lang='lat'>⁸</span> <span class='ocrx_word' id='word_1_604' title='bbox 1507 4713 1537 4768; x_wconf 90' lang='lat' dir='ltr'><strong>id</strong></span> <span class='ocrx_word' id='word_1_605' title='bbox 1556 4714 1679 4784; x_wconf 81' lang='lat' dir='ltr'><strong>patitur?</strong></span> 
     </span>
     <span class='ocr_line' id='line_1_50' title="bbox 245 4778 592 4851; baseline 0.006 -19"><span class='ocrx_word' id='word_1_606' title='bbox 245 4780 257 4813; x_wconf 82' lang='lat'><strong>⁴</strong></span> <span class='ocrx_word' id='word_1_607' title='bbox 276 4778 380 4832; x_wconf 86' lang='lat' dir='ltr'><strong>saluam</strong></span> <span class='ocrx_word' id='word_1_608' title='bbox 399 4778 592 4851; x_wconf 56' lang='lat' dir='ltr'><strong>(Vanpsrososs</strong></span> 
     </span>
    </p>
   </div>
   <div class='ocr_carea' id='block_1_5' title="bbox 247 4928 1675 5144">
    <p class='ocr_par' dir='ltr' id='par_1_13' title="bbox 247 4928 1675 5144">
     <span class='ocr_line' id='line_1_51' title="bbox 247 4928 1675 5004; baseline 0.007 -22"><span class='ocrx_word' id='word_1_609' title='bbox 247 4928 310 4983; x_wconf 67' lang='lat' dir='ltr'><strong>ide</strong></span> <span class='ocrx_word' id='word_1_610' title='bbox 319 4944 370 4984; x_wconf 88' lang='lat' dir='ltr'><strong>suo</strong></span> <span class='ocrx_word' id='word_1_611' title='bbox 378 4928 530 4999; x_wconf 89' lang='lat' dir='ltr'><strong>quadrante</strong></span> <span class='ocrx_word' id='word_1_612' title='bbox 537 4930 663 4986; x_wconf 89' lang='lat' dir='ltr'><strong>nimirum</strong></span> <span class='ocrx_word' id='word_1_613' title='bbox 673 4930 750 4986; x_wconf 92' lang='lat' dir='ltr'><strong>dabit</strong></span> <span class='ocrx_word' id='word_1_614' title='bbox 759 4931 934 5002; x_wconf 88' lang='lat' dir='ltr'><strong>substitutus]</strong></span> <span class='ocrx_word' id='word_1_615' title='bbox 989 4935 1023 4988; x_wconf 86' lang='lat'><strong>16</strong></span> <span class='ocrx_word' id='word_1_616' title='bbox 1041 4931 1183 4990; x_wconf 87' lang='lat' dir='ltr'><strong>exs&#39;t‘istet</strong></span> <span class='ocrx_word' id='word_1_617' title='bbox 1200 4935 1239 4988; x_wconf 73' lang='lat' dir='ltr'><strong>F‘</strong></span> <span class='ocrx_word' id='word_1_618' title='bbox 1292 4936 1328 4990; x_wconf 86' lang='lat'><strong>38</strong></span> <span class='ocrx_word' id='word_1_619' title='bbox 1345 4935 1373 4990; x_wconf 89' lang='lat' dir='ltr'><strong>iu</strong></span> <span class='ocrx_word' id='word_1_620' title='bbox 1391 4933 1446 4992; x_wconf 88' lang='lat' dir='ltr'><strong>lilio</strong></span> <span class='ocrx_word' id='word_1_621' title='bbox 1463 4935 1519 5004; x_wconf 88' lang='lat' dir='ltr'><strong>quil</strong></span> <span class='ocrx_word' id='word_1_622' title='bbox 1538 4937 1624 5000; x_wconf 70' lang='lat' dir='ltr'><strong>ma,</strong></span> <span class='ocrx_word' id='word_1_623' title='bbox 1649 4935 1675 4992; x_wconf 92' lang='lat' dir='ltr'><strong>iu</strong></span> 
     </span>
     <span class='ocr_line' id='line_1_52' title="bbox 247 5001 1512 5078; baseline 0.007 -26"><span class='ocrx_word' id='word_1_624' title='bbox 247 5001 353 5056; x_wconf 76' lang='lat' dir='ltr'><strong>liemare</strong></span> <span class='ocrx_word' id='word_1_625' title='bbox 373 5001 389 5055; x_wconf 85' lang='grc' dir='ltr'>ὁ</span> <span class='ocrx_word' id='word_1_626' title='bbox 406 5001 616 5063; x_wconf 67' lang='lat' dir='ltr'><strong>¹siscitarioraroe</strong></span> <span class='ocrx_word' id='word_1_627' title='bbox 631 5002 659 5056; x_wconf 81' lang='lat' dir='ltr'><strong>&#39;ca</strong></span> <span class='ocrx_word' id='word_1_628' title='bbox 671 5004 719 5065; x_wconf 85' lang='grc' dir='ltr'><strong>τοῩ</strong></span> <span class='ocrx_word' id='word_1_629' title='bbox 730 5005 827 5068; x_wconf 66' lang='lat' dir='ltr'><strong>olarios</strong></span> <span class='ocrx_word' id='word_1_630' title='bbox 845 5005 933 5074; x_wconf 74' lang='lat' dir='ltr'><strong>epiros</strong></span> <span class='ocrx_word' id='word_1_631' title='bbox 987 5003 1043 5060; x_wconf 86' lang='lat' dir='ltr'><strong>tilia</strong></span> <span class='ocrx_word' id='word_1_632' title='bbox 1060 5006 1171 5076; x_wconf 87' lang='lat' dir='ltr'><strong>quidem</strong></span> <span class='ocrx_word' id='word_1_633' title='bbox 1186 5005 1228 5072; x_wconf 89' lang='lat' dir='ltr'><strong>W,</strong></span> <span class='ocrx_word' id='word_1_634' title='bbox 1245 5007 1274 5062; x_wconf 84' lang='lat' dir='ltr'><strong>iu</strong></span> <span class='ocrx_word' id='word_1_635' title='bbox 1291 5005 1348 5062; x_wconf 84' lang='lat' dir='ltr'><strong>filis</strong></span> <span class='ocrx_word' id='word_1_636' title='bbox 1364 5021 1418 5078; x_wconf 81' lang='lat' dir='ltr'><strong>qus</strong></span> <span class='ocrx_word' id='word_1_637' title='bbox 1436 5007 1512 5064; x_wconf 83' lang='lat' dir='ltr'><strong>Dlll</strong></span> 
     </span>
     <span class='ocr_line' id='line_1_53' title="bbox 247 5071 937 5144; baseline 0.006 -18"><span class='ocrx_word' id='word_1_638' title='bbox 247 5072 274 5126; x_wconf 89' lang='lat' dir='ltr'><em>B</em></span> <span class='ocrx_word' id='word_1_639' title='bbox 293 5071 401 5140; x_wconf 77' lang='lat' dir='ltr'><strong>(Anca.)</strong></span> <span class='ocrx_word' id='word_1_640' title='bbox 461 5075 495 5128; x_wconf 89' lang='grc'><strong>10</strong></span> <span class='ocrx_word' id='word_1_641' title='bbox 521 5074 560 5128; x_wconf 81' lang='grc' dir='ltr'><strong>ιιι</strong></span> <span class='ocrx_word' id='word_1_642' title='bbox 584 5074 616 5144; x_wconf 82' lang='lat' dir='ltr'><strong>sil</strong></span> <span class='ocrx_word' id='word_1_643' title='bbox 642 5075 729 5140; x_wconf 83' lang='lat' dir='ltr'><strong>FEK,</strong></span> <span class='ocrx_word' id='word_1_644' title='bbox 756 5076 779 5130; x_wconf 84' lang='lat' dir='ltr'><strong>si</strong></span> <span class='ocrx_word' id='word_1_645' title='bbox 802 5076 841 5130; x_wconf 87' lang='lat' dir='ltr'><strong>ita</strong></span> <span class='ocrx_word' id='word_1_646' title='bbox 864 5076 937 5130; x_wconf 80' lang='lat' dir='ltr'><strong>Dio</strong></span> 
     </span>
    </p>
   </div>
   <div class='ocr_carea' id='block_1_6' title="bbox 0 0 1744 5460">
    <p class='ocr_par' dir='ltr' id='par_1_14' title="bbox 0 0 1744 5460">
     <span class='ocr_line' id='line_1_54' title="bbox 0 0 1744 5460; baseline 0 0"><span class='ocrx_word' id='word_1_647' title='bbox 0 0 1744 5460; x_wconf 95' lang='lat' dir='ltr'><strong> </strong></span> 
     </span>
    </p>
   </div>
  </div>
 </body>
</html>
