3644 5460
279 247 429 340 XXXXII
449 273 470 339 5
492 280 605 336 12-17
841 317 846 330 r
949 267 1035 348 552
1270 245 1316 338 ns
1338 243 1447 339 sunus
1469 288 1705 339 sucuosmsrs

280 446 336 486 rem
355 431 519 502 permissum
538 431 637 487 uideri:
661 430 736 502 quod
754 435 782 486 st
799 427 893 486 Lebeo
910 435 998 500 putet.
1024 445 1075 486 nec
1098 428 1236 486 uidebitur
1255 427 1342 486 libers
1358 444 1476 500 persons
1494 428 1640 500 adquirere
1656 428 1706 497 eiii,

280 521 345 590 quin
362 535 413 574 nec
431 519 483 575 sibi
501 521 645 590 quicquum
665 520 794 590 udquirit,
812 520 857 578 cui
874 524 983 589 preetor
1000 517 1144 590 permittit,
1161 517 1211 574 sed
1230 519 1332 589 aliquid
1350 533 1384 574 ex
1396 517 1491 574 ordine
1503 515 1585 574 iecit:
1604 522 1633 573 et
1649 517 1707 574 ideo

280 609 378 664 ceteris
396 623 504 680 quoque
522 610 642 680 prodest.
669 611 749 680 piene
768 609 792 664 si
810 609 833 663 is
851 608 1045 678 postuinucrit,
1068 608 1115 678 qui
1139 607 1257 663 creditor
1280 623 1334 662 non
1355 611 1412 676 ost,
1436 607 1547 662 minime
1565 606 1707 662 dicendum

280 703 323 754 est
340 698 385 753 uel
402 714 473 766 eum,
492 700 539 768 qui
557 699 675 754 creditor
694 703 745 768 est,
763 696 905 767 possidere
923 711 1012 768 posse,
1031 697 1096 766 quic
1113 695 1178 750 nihii
1197 697 1254 766 egit
1270 697 1333 752 tulis
1350 695 1512 766 postulatio:
1531 696 1612 752 siiter
1629 701 1707 766 etque

280 787 304 842 si
322 786 448 858 creditor,
466 789 510 842 cui
528 789 690 858 permissum
703 793 746 842 est
757 786 907 858 possidere,
925 791 1023 857 postes
1036 786 1140 856 recepit
1151 783 1274 842 debittun
1288 800 1381 840 suum:
1400 785 1483 840 ceteri
1495 785 1570 840 enim
1582 789 1709 856 poterunt
1725 795 1737 836 1

249 885 260 930 r
279 891 410 946 peregere
428 875 561 932 bonorum
579 876 774 932 uenditionem.
810 876 853 946 Is,
876 876 923 945 qui
941 874 1082 946 possidere
1099 873 1222 944 iubetur,
1247 888 1280 930 co
1298 874 1358 930 loco
1375 873 1467 930 iussus
1484 873 1611 943 uidetur,
1634 875 1708 930 cuius

248 975 347 1020 roure
369 965 404 1020 ad
426 964 564 1021 iubentem
586 967 714 1036 pertinet
750 962 780 1020 st
804 968 916 1035 propter
940 969 1066 1020 usturam
1090 964 1129 1018 rei
1151 963 1247 1030 (ueluti
1270 965 1295 1020 si
1318 962 1459 1033 praedium
1482 962 1647 1019 inundetum
1665 963 1709 1030 sit)

281 1057 329 1109 eut
351 1059 461 1124 propter
483 1055 618 1110 latronum
642 1055 791 1125 potentium
815 1067 870 1108 non
894 1057 986 1122 potest
1010 1052 1164 1122 possidere,
1189 1058 1264 1108 recto
1286 1051 1386 1108 dicitur
1403 1067 1458 1108 non
1475 1066 1539 1108 csse
1556 1051 1633 1122 quod
1649 1066 1709 1122 pos·

280 1141 410 1198 sideetur.
1726 1151 1813 1192 -

225 1230 262 1288 13
334 1231 427 1286 (imus
451 1230 519 1286 lrbro
540 1231 670 1288 uicesimo
693 1230 775 1286 tertio
798 1229 834 1284 sd
856 1229 976 1286 edictum
995 1229 1170 1300 prouincinie.
1207 1229 1338 1295 Quamuis
1355 1243 1483 1299 possesse
1500 1243 1555 1285 non
1574 1224 1711 1313 Q
1726 1235 1820 1291 Π

280 1319 336 1374 sint
353 1318 433 1389 bons,
451 1320 516 1389 quia
533 1318 603 1376 sorte
621 1320 686 1374 nihil
705 1317 796 1388 fuerit,
813 1318 887 1389 qnod
905 1318 1088 1389 possideatur,
1107 1323 1155 1374 sut
1172 1319 1231 1374 sine
1249 1318 1436 1374 controuersia
1453 1332 1508 1374 non
1520 1317 1709 1389 possideatur¹

281 1407 399 1463 creditor
416 1409 463 1478 qui
474 1409 503 1464 iu
514 1409 714 1478 possessionem
733 1406 833 1462 missus
847 1413 898 1476 est,
917 1407 1030 1478 perinde
1042 1406 1165 1476 habetur,
1184 1422 1217 1462 uc
1229 1407 1253 1462 si
1265 1406 1347 1462 etism
1360 1421 1489 1477 possesse
1499 1405 1574 1464 bunc
1585 1405 1709 1464 inissent

226 1493 263 1550 rt
334 1497 452 1552 Psunus
470 1497 538 1553 iibro
556 1497 800 1566 quinquagensimo
824 1512 897 1554 nono
920 1496 956 1552 ed
978 1495 1107 1552 edictum.
1144 1495 1285 1551 Creditore
1307 1495 1335 1550 iu
1352 1495 1555 1564 possessionem
1574 1489 1710 1580 Q
1725 1501 1814 1555 J

234 1593 261 1638 ‚1
281 1599 371 1640 rerum
389 1583 520 1642 debitoris
538 1587 622 1642 misso
640 1590 750 1656 cunctor
768 1585 897 1642 cousfitni
916 1583 1007 1654 debet,
1026 1585 1067 1640 si²
1078 1584 1213 1654 qusedam
1233 1585 1354 1640 actiones
1372 1583 1510 1655 periturns
1522 1592 1596 1640 sunt
1624 1587 1710 1642 Detur
1727 1597 1813 1636 :ns

281 1675 310 1730 iu
327 1674 489 1730 creditorem
508 1673 592 1744 sotio,
615 1675 662 1744 qui
680 1675 708 1729 in
726 1675 927 1744 possessionem
946 1675 1046 1729 missus
1063 1679 1120 1744 ost,
1143 1672 1178 1728 de
1202 1687 1235 1730 co
1252 1672 1326 1744 qnod
1344 1687 1379 1728 ex
1397 1671 1476 1728 bonis
1494 1669 1505 1744 [Ι
1527 1673 1659 1730 debitoris
1676 1674 1710 1730 nd
1725 1679 1820 1726 tt

281 1777 343 1818 eum
362 1765 499 1832 peruenit:
523 1762 690 1820 sinendum
714 1765 751 1818 sit
773 1763 875 1834 aliquid
899 1768 1078 1833 consecutus,
1102 1762 1223 1820 cotiones
1246 1777 1311 1818 sues
1332 1761 1492 1833 prsestsbit.
1519 1762 1603 1818 osen
1619 1768 1709 1818 eutem

281 1852 310 1908 iu
327 1850 429 1908 sectum
448 1851 519 1907 sotio
537 1851 670 1908 aduersus
687 1865 750 1907 eum
769 1857 797 1908 et
814 1867 908 1922 omne,
932 1852 1006 1922 quod
1028 1852 1056 1906 in
1079 1852 1213 1908 octonem
1238 1851 1408 1921 negotiorum
1431 1857 1573 1921 gestorum
1597 1853 1709 1922 ueniret,

282 1942 306 1997 si
323 1947 417 2012 posset
434 1942 488 2010 agi,
506 1940 704 1996 restituendum
723 1957 741 1996 11
758 1941 901 1998 creditore.

227 2027 264 2087 15
335 2030 485 2086 Uncusus
507 2031 576 2087 libro
598 2031 770 2101 sexagesimo
793 2029 914 2086 seeundo
938 2029 974 2086 ed
998 2029 1127 2085 edictum.
1163 2027 1232 2086 (inm
1250 2029 1342 2098 piures
1360 2027 1510 2086 creditores
1527 2029 1556 2085 in
1575 2025 1710 2113 Q
1738 2028 1801 2084 λ

281 2120 483 2190 possessionem
501 2135 591 2176 rerum
609 2118 740 2178 debitoris
759 2119 909 2190 mittentur,
928 2135 959 2174 ue
977 2123 1185 2188 corrumpentur
1203 2117 1331 2186 ustiones,
1349 2118 1395 2172 uni
1407 2117 1459 2174 boc
1471 2119 1614 2188 negotium
1626 2135 1644 2174 s
1655 2134 1709 2174 cre·
1743 2121 1801 2164 ²⁰

282 2207 416 2264 ditoribus
438 2223 500 2264 esse
523 2207 657 2277 deudum,
681 2221 762 2277 quem
788 2208 873 2264 maior
896 2223 960 2278 pers
985 2206 1148 2263 creditorum
1167 2207 1289 2276 elegerit
1317 2221 1369 2276 ego
1387 2211 1455 2277 puto
1472 2206 1655 2264 creditoribus
1672 2208 1709 2263 in·

281 2303 492 2354 strumentorum
512 2298 593 2352 etism
616 2295 766 2366 issspsuis
790 2295 906 2366 iecere⁸,
930 2313 985 2352 uon
1007 2299 1038 2352 ut
1061 2294 1218 2352 describunt
1239 2296 1301 2366 ipss
1323 2310 1438 2366 corpore
1459 2296 1709 2366 instrumentorum,

272 2375 332 2444 ¹sed
349 2393 417 2457 quot
434 2388 496 2456 sint,
515 2386 551 2442 de
569 2401 624 2456 qus
641 2400 671 2440 rc
689 2385 752 2454 sint,
770 2385 919 2442 subnotent
936 2383 989 2441 sibi
1006 2391 1035 2440 et
1052 2385 1131 2454 quusi
1143 2384 1324 2440 inuenteriurn
1337 2382 1452 2440 fuciunt:
1470 2384 1545 2455 quod
1558 2386 1642 2441 etism
1654 2385 1709 2441 uni·

283 2477 441 2533 uersurum‘
454 2473 544 2530 iecere
556 2475 597 2530 eis
608 2475 661 2529 erit
672 2474 893 2544 permittendum.
911 2477 1055 2544 praetores
1067 2488 1270 2544 nonnumquam
1284 2477 1394 2543 proctor
1407 2489 1492 2530 ceusu
1504 2475 1618 2544 cognite
1629 2475 1709 2530 etism

282 2564 436 2622 describere
458 2563 560 2633 aliquid
583 2578 618 2618 ex
641 2563 828 2619 instrumentis
849 2562 1028 2618 creditoribus
1051 2561 1162 2618 debebit
1184 2563 1355 2634 permittere,
1379 2563 1403 2618 si
1426 2579 1482 2633 que
1505 2562 1607 2618 idonee
1628 2579 1710 2618 csuss
1747 2561 1801 2610 ’ὅ

251 2659 262 2703 1
282 2654 454 2710 interueniret
490 2651 586 2708 Utrum
605 2652 689 2708 semel
708 2667 743 2708 en
762 2653 844 2708 etiem
863 2652 973 2722 saepius
990 2652 1141 2721 recognitio
1160 2655 1189 2708 et
1205 2652 1360 2723 dispunctio
1377 2651 1556 2708 concedende
1573 2653 1611 2708 sit
1627 2651 1709 2710 credi·

281 2742 395 2812 toribus,
414 2742 565 2798 uideamus.
593 2743 622 2796 ct
639 2741 678 2796 nit
690 2741 783 2798 Labeo
795 2741 911 2812 emplius
922 2756 1005 2812 quum
1023 2741 1107 2796 semei
1119 2755 1174 2796 non
1188 2756 1250 2797 esse
1262 2740 1479 2796 concedendum:
1498 2741 1598 2810 siquis
1610 2746 1709 2811 umen,

282 2831 378 2900 inquit,
396 2831 528 2888 iurauerit
546 2847 601 2887 non
620 2831 771 2894 csiumniae
787 2845 874 2886 conss
892 2845 929 2894 se,
940 2831 1079 2901 postulare
1097 2845 1186 2901 neque
1204 2829 1304 2888 bebere
1321 2844 1393 2900 quoe
1411 2829 1592 2901 dispunxerit,
1613 2831 1709 2886 iterum

283 2921 308 2976 ei
326 2919 478 2976 iaciendum
496 2925 661 2990 potestatem
680 2920 719 2974 uit
736 2934 788 2974 neo
805 2919 922 2989 emplius
940 2935 1022 2989 quem
1040 2917 1092 2974 bis.
1742 2909 1814 2964 θ’

228 3001 265 3062 16
336 3008 430 3065 Gerus
446 3009 516 3066 libro
535 3009 664 3065 uicesimo
683 3013 781 3078 qusrto
799 3006 836 3062 sd
853 3007 972 3062 edictum
991 3006 1165 3077 prouinciale.
1193 3005 1261 3062 Cum
1280 3005 1353 3064 bone
1369 3011 1491 3074 ucueunt
1508 3006 1555 3062 de·
1574 3002 1710 3092 [3337OE
1724 2991 1816 3070 Α

283 3096 392 3167 bitoris,
414 3099 443 3154 iu
460 3099 663 3169 comparatione
680 3096 804 3153 extrsnei
821 3101 850 3152 et
868 3096 940 3164 eius,
958 3095 1006 3165 qui
1023 3094 1141 3150 creditor
1159 3099 1329 3165 cognstusuc
1347 3097 1397 3168 sit,
1414 3098 1504 3168 potior
1521 3095 1640 3154 hebetur
1655 3113 1710 3154 ore·

283 3185 356 3242 ditor
373 3193 555 3258 cognatusuc,
579 3187 668 3258 nugis
685 3192 777 3242 umen
795 3184 913 3242 creditor
931 3200 1013 3255 quum
1031 3189 1178 3254 cognatus,
1200 3190 1229 3240 et
1245 3185 1317 3242 intor
1333 3185 1482 3244 creditores
1499 3186 1592 3257 potior
1609 3188 1648 3258 is,
1668 3185 1710 3244 eui

284 3276 369 3332 tutior
386 3277 503 3346 pecunie
520 3276 672 3334 debebitur.
1818 3347 1820 3356 ,

229 3358 266 3416 17
337 3365 487 3422 Unmnuus
505 3365 573 3422 libro
592 3365 764 3434 scssgesimo
783 3363 863 3420 tertio
881 3362 917 3418 ed
934 3361 1063 3418 edictum.
1093 3361 1252 3428 Qusesitum
1270 3367 1326 3433 est,
1344 3368 1435 3420 utrum
1453 3363 1493 3418 its
1509 3345 1556 3420 de·
1575 3359 1711 3450 Q
1726 3369 1820 3429 »Α

285 3471 358 3512 nrum
377 3456 548 3526 priuilegium
568 3453 651 3511 habet
669 3452 813 3523 iuncturis,
832 3453 856 3508 si
874 3453 897 3507 is
915 3452 994 3508 cuius
1012 3450 1084 3508 bone
1100 3456 1222 3508 ueneuut
1239 3449 1381 3509 funeratus
1399 3453 1444 3522 sit,
1462 3468 1497 3508 eu
1516 3453 1601 3510 etism
1618 3455 1711 3526 sipro
1727 3445 1820 3510 θ’

284 3560 372 3614 pones
390 3545 472 3600 ciiurn
490 3559 552 3600 csse
570 3541 732 3600 funeratum.
766 3547 795 3598 et
811 3542 864 3598 hoc
882 3543 940 3598 iure
957 3542 1082 3610 utimur,
1090 3545 1122 3597 ut
1139 3541 1303 3612 quicumque
1320 3542 1358 3598 sit
1373 3540 1532 3612 iunerstus,
1547 3542 1577 3598 id
1596 3550 1640 3600 est
1656 3543 1712 3599 siue

285 3635 322 3704 is,
346 3634 424 3689 cuius
447 3633 482 3688 de
504 3632 584 3689 bonis
605 3633 709 3702 egitur,
734 3632 793 3687 sine
811 3631 878 3702 quid
896 3632 919 3687 is
938 3629 1045 3700 debuit,
1069 3629 1143 3701 quod
1161 3629 1276 3686 reddere
1293 3646 1369 3702 eum,
1393 3632 1417 3687 si
1436 3632 1555 3701 uiueret,
1579 3631 1713 3690 mucrene

285 3723 393 3779 actione
411 3723 474 3793 cogi
485 3729 632 3792 oporteret,
650 3721 793 3791 priuilegio
805 3721 881 3776 locus
893 3720 930 3775 sit
940 3718 1072 3789 paruique
1085 3717 1185 3776 reterre
1197 3719 1328 3790 dicemus,
1347 3735 1402 3790 qus
1412 3721 1520 3777 actione
1531 3719 1577 3777 bic
1589 3727 1712 3793 sumptus

285 3817 433 3883 repetetur,
452 3811 590 3868 iuueruric
607 3827 642 3866 en
660 3809 779 3865 familiae
797 3809 974 3864 erciscundae
992 3824 1028 3864 an
1045 3823 1100 3878 quo
1118 3809 1179 3879 niis,
1198 3808 1346 3865 dummodo
1364 3815 1490 3880 sumptus
1505 3808 1614 3886 ,tnnsru
1632 3825 1712 3868 usust

285 3899 374 3957 iectus
392 3903 436 3957 sit.
464 3915 635 3971 quocumque
653 3900 736 3969 igitur
754 3899 861 3955 untione
879 3897 914 3954 ob
931 3896 1034 3954 brueris
1052 3901 1190 3967 sumptum
1208 3901 1309 3969 ututur,
1326 3899 1408 3955 etiem
1426 3897 1593 3956 itinerariam
1607 3900 1633 3958 ei
1644 3915 1710 3958 com-
1727 3887 1810 3956 ,A

284 3996 387 4061 petere.
415 4005 500 4060 quere
518 3990 542 4045 si
560 3991 588 4044 in
606 3988 764 4059 stipulatum
783 3985 886 4044 funeris
903 3988 1018 4058 inpense
1035 3985 1155 4042 deductu
1173 3993 1224 4058 est,
1242 3987 1387 4044 dicendum
1403 3977 1446 4045 est
1457 3989 1548 4046 locum
1559 4004 1624 4047 esse
1635 3989 1712 4062 priui-

285 4089 477 4156 10111100)

286 4210 474 4281 ¹possideeti
544 4211 697 4280 ‘tempore
716 4217 762 4266 011.
780 4212 814 4278 (n.
828 4213 856 4279 i.)
927 4210 1037 4266 ³licere
1057 4221 1103 4267 1111.
1174 4209 1336 4267 ‘bonorum
1357 4219 1403 4266 011.
1420 4211 1602 4284 (Krceper).

288 4343 401 4398 llsueo
414 4343 450 4396 F¹
492 4341 675 4412 iquidqnem
689 4344 722 4397 F¹
763 4344 781 4398 5
811 4344 972 4400 ormiscum
1025 4359 1163 4414 uunquam
1178 4345 1212 4398 F¹
1262 4344 1297 4400 25
1314 4343 1474 4400 debeniti'1
1518 4347 1554 4402 26
1565 4347 1715 4419 recognitio

287 4415 324 4468 F²
369 4412 538 4484 8possideri
551 4415 586 4466 F²
632 4415 664 4470 14
677 4414 700 4468 si
712 4434 761 4468 0111.
775 4361 810 4468 ii
816 4433 823 4469 :
839 4423 973 4488 praeterea
1026 4421 1055 4470 et
1072 4415 1227 4486 dispunctio
1256 4417 1292 4470 F*
1307 4419 1347 4480 (et
1358 4437 1415 4471 1111111
1428 4424 1491 4471 sito
1504 4438 1537 4470 111.
1549 4419 1574 4482 2,
1594 4419 1715 4488 dubium),

288 4486 409 4540 excidisse
431 4493 554 4554 tempore
577 4493 682 4541 innuunt
706 4485 815 4540 Gracci:
838 4487 973 4557 rorpirrop
1027 4487 1177 4556 recognitio
1190 4487 1224 4542 do
1237 4489 1329 4544 unctio
1343 4489 1392 4541 F¹z
1410 4485 1474 4541 iusi
1487 4489 1518 4542 t'e
1531 4487 1642 4554 ὤφελοκ
1655 4489 1715 4544 iss·

287 4557 385 4612 tiburti
409 4556 450 4610 tri
473 4557 521 4610 sic
547 4556 667 4642 xfonrsic
693 4555 974 4624 transierimus.)
1028 4559 1160 4624 101ὠο11111
1173 4557 1394 4624 siriiiidnen.)
1440 4559 1618 4616 27111110οΡ
1635 4565 1716 4631 10011-

288 4631 322 4684 15
340 4629 387 4698 qui
400 4648 448 4682 om.
462 4627 496 4681 F¹
513 4631 518 4694 Ι
534 4628 734 4684 murusestde
747 4628 848 4698 eoru,
866 4628 975 4684 mis‘sus
1027 4629 1178 4686 cedendum
1199 4630 1295 4685 om.i'¹
1349 4631 1384 4686 28
1407 4645 1496 4700 neque
1519 4630 1624 4689 bebere
1647 4649 1717 4704 quse

287 4702 331 4755 est
349 4701 376 4754 in
395 4698 556 4754 creditorem
575 4699 646 4755 ectio
664 4700 756 4769 quiin
773 4701 974 4769 possessionem
1028 4702 1208 4772 dispunxerit]
1235 4699 1276 4755 nri
1303 4699 1335 4756 τὸ
1361 4699 1396 4754 nri
1423 4701 1490 4772 ἔχεικ
1521 4702 1570 4757 rins
1598 4705 1717 4761 tristius

287 4770 442 4825 missus'de
460 4785 493 4824 eo
512 4769 547 4823 F‘
605 4773 638 4826 16
655 4772 848 4841 proesteuitF
899 4773 932 4826 18
950 4773 974 4826 si
1027 4771 1154 4836 sirdnB
1202 4774 1237 4828 29
1255 4772 1308 4842 bis]
1326 4772 1369 4828 nis
1387 4771 1422 4826 Ρ
1469 4775 1506 4828 30
1524 4783 1583 4830 ants
1601 4777 1718 4832 tren-

287 4839 487 4912 pos'tee'setF‘
529 4842 973 4912 toncmrmmpnnrnqxruet,
1028 4846 1125 4916 bricam
1137 4843 1172 4898 de
1204 4843 1334 4914 riuilcgiis
1343 4843 1496 4914 (priuilegio
1506 4845 1543 4912 0)
1552 4847 1717 4904 creditorum

288 4913 330 4968 tri
348 4913 380 4968 τὸ
402 4913 436 4967 uis
462 4913 608 4984 toeipestsr
633 4914 679 4968 ric
702 4915 848 4978 tosouou'sc
867 4913 901 4978 B,
923 4929 975 4970 uec
1029 4915 1176 4970 ineXYM
1202 4917 1226 4970 0
1267 4917 1300 4970 31
1315 4917 1582 4985 comparutionemF
1617 4919 1719 4989 bidui]

288 4985 975 5128 0101110101
1028 4985 1467 5129 1111,
1486 4987 1720 5120 rtrum
