<?xml version="1.0" encoding="UTF-8"?>
<!DOCTYPE html PUBLIC "-//W3C//DTD XHTML 1.0 Transitional//EN"
    "http://www.w3.org/TR/xhtml1/DTD/xhtml1-transitional.dtd">
<html xmlns="http://www.w3.org/1999/xhtml" xml:lang="en" lang="en">
 <head>
  <title>
</title>
<meta http-equiv="Content-Type" content="text/html;charset=utf-8" />
  <meta name='ocr-system' content='tesseract 3.04.00' />
  <meta name='ocr-capabilities' content='ocr_page ocr_carea ocr_par ocr_line ocrx_word'/>
</head>
<body>
  <div class='ocr_page' id='page_1' title='image "./digestaiustinia00kruegoog_0653.png"; bbox 0 0 3608 5460; ppageno 0'>
   <div class='ocr_carea' id='block_1_1' title="bbox 161 231 1713 384">
    <p class='ocr_par' dir='ltr' id='par_1_1' title="bbox 161 231 1713 384">
     <span class='ocr_line' id='line_1_1' title="bbox 161 231 1713 384; baseline -0.007 -30"><span class='ocrx_word' id='word_1_1' title='bbox 161 231 169 242; x_wconf 26' lang='lat' dir='ltr'><strong><em>f</em></strong></span> <span class='ocrx_word' id='word_1_2' title='bbox 208 378 211 384; x_wconf 21' lang='grc' dir='ltr'>Ι</span> <span class='ocrx_word' id='word_1_3' title='bbox 291 283 470 353; x_wconf 86' lang='lat' dir='ltr'><strong>llllllllllll</strong></span> <span class='ocrx_word' id='word_1_4' title='bbox 490 283 546 349; x_wconf 81' lang='grc'><strong>51</strong></span> <span class='ocrx_word' id='word_1_5' title='bbox 970 257 1076 356; x_wconf 78' lang='grc'><strong>638</strong></span> <span class='ocrx_word' id='word_1_6' title='bbox 1136 297 1283 356; x_wconf 76' lang='lat' dir='ltr'><strong>Qunsuu</strong></span> <span class='ocrx_word' id='word_1_7' title='bbox 1298 297 1419 347; x_wconf 75' lang='lat' dir='ltr'><strong>aenou</strong></span> <span class='ocrx_word' id='word_1_8' title='bbox 1434 298 1512 346; x_wconf 80' lang='lat' dir='ltr'><strong>sor.</strong></span> <span class='ocrx_word' id='word_1_9' title='bbox 1526 295 1597 345; x_wconf 80' lang='lat' dir='ltr'><strong>uos</strong></span> <span class='ocrx_word' id='word_1_10' title='bbox 1611 297 1713 344; x_wconf 77' lang='lat' dir='ltr'><strong>onnon</strong></span> 
     </span>
    </p>
   </div>
   <div class='ocr_carea' id='block_1_2' title="bbox 487 499 1604 748">
    <p class='ocr_par' dir='ltr' id='par_1_2' title="bbox 487 499 1604 748">
     <span class='ocr_line' id='line_1_2' title="bbox 487 499 1604 748; baseline -0.004 -32"><span class='ocrx_word' id='word_1_11' title='bbox 487 639 524 716; x_wconf 74' lang='lat' dir='ltr'><strong>lt</strong></span> <span class='ocrx_word' id='word_1_12' title='bbox 564 637 761 730; x_wconf 82' lang='lat' dir='ltr'><strong>QUARUM</strong></span> <span class='ocrx_word' id='word_1_13' title='bbox 794 635 958 713; x_wconf 84' lang='lat' dir='ltr'><strong>RERUM</strong></span> <span class='ocrx_word' id='word_1_14' title='bbox 986 499 1134 713; x_wconf 50' lang='lat' dir='ltr'><strong>{elle</strong></span> <span class='ocrx_word' id='word_1_15' title='bbox 1170 635 1267 712; x_wconf 91' lang='lat' dir='ltr'><strong>NON</strong></span> <span class='ocrx_word' id='word_1_16' title='bbox 1300 634 1467 711; x_wconf 82' lang='lat' dir='ltr'><strong>DATUR</strong></span> <span class='ocrx_word' id='word_1_17' title='bbox 1507 635 1551 712; x_wconf 80' lang='lat' dir='ltr'><strong>lt</strong></span> <span class='ocrx_word' id='word_1_18' title='bbox 1601 743 1604 748; x_wconf 23' lang='grc' dir='ltr'>Ι</span> 
     </span>
    </p>
   </div>
   <div class='ocr_carea' id='block_1_3' title="bbox 219 786 1800 3257">
    <p class='ocr_par' dir='ltr' id='par_1_3' title="bbox 258 786 1779 952">
     <span class='ocr_line' id='line_1_3' title="bbox 258 786 1746 873; baseline -0.004 -21"><span class='ocrx_word' id='word_1_19' title='bbox 258 797 273 852; x_wconf 96' lang='grc'><strong>1</strong></span> <span class='ocrx_word' id='word_1_20' title='bbox 347 795 498 850; x_wconf 77' lang='lat' dir='ltr'><strong>Unerauus</strong></span> <span class='ocrx_word' id='word_1_21' title='bbox 523 793 592 850; x_wconf 91' lang='lat' dir='ltr'><strong>libro</strong></span> <span class='ocrx_word' id='word_1_22' title='bbox 618 792 841 864; x_wconf 81' lang='lat' dir='ltr'><strong>septuagensimo</strong></span> <span class='ocrx_word' id='word_1_23' title='bbox 868 796 948 847; x_wconf 89' lang='lat' dir='ltr'><strong>sexto</strong></span> <span class='ocrx_word' id='word_1_24' title='bbox 975 791 1011 848; x_wconf 88' lang='lat' dir='ltr'><strong>ad</strong></span> <span class='ocrx_word' id='word_1_25' title='bbox 1039 791 1169 847; x_wconf 88' lang='lat' dir='ltr'><strong>edietum.</strong></span> <span class='ocrx_word' id='word_1_26' title='bbox 1213 791 1404 846; x_wconf 78' lang='lat' dir='ltr'><strong>Iusiurandum</strong></span> <span class='ocrx_word' id='word_1_27' title='bbox 1431 786 1746 873; x_wconf 41' lang='lat' dir='ltr'><strong>Q-efflpfflell</strong></span> 
     </span>
     <span class='ocr_line' id='line_1_4' title="bbox 294 872 1779 952; baseline -0.009 -14"><span class='ocrx_word' id='word_1_28' title='bbox 294 884 383 940; x_wconf 89' lang='lat' dir='ltr'><strong>uicem</strong></span> <span class='ocrx_word' id='word_1_29' title='bbox 402 892 442 938; x_wconf 80' lang='lat' dir='ltr'><strong>rer·</strong></span> <span class='ocrx_word' id='word_1_30' title='bbox 459 883 596 938; x_wconf 84' lang='lat' dir='ltr'><strong>iudicatae</strong></span> <span class='ocrx_word' id='word_1_31' title='bbox 614 883 721 952; x_wconf 75' lang='lat' dir='ltr'><strong>optinet</strong></span> <span class='ocrx_word' id='word_1_32' title='bbox 737 896 792 937; x_wconf 91' lang='lat' dir='ltr'><strong>neu</strong></span> <span class='ocrx_word' id='word_1_33' title='bbox 811 879 822 950; x_wconf 82' lang='lat' dir='ltr'><strong>ll</strong></span> <span class='ocrx_word' id='word_1_34' title='bbox 842 881 992 950; x_wconf 83' lang='lat' dir='ltr'><strong>immerito,</strong></span> <span class='ocrx_word' id='word_1_35' title='bbox 1011 896 1073 936; x_wconf 90' lang='lat' dir='ltr'><strong>cum</strong></span> <span class='ocrx_word' id='word_1_36' title='bbox 1092 881 1152 950; x_wconf 83' lang='lat' dir='ltr'><strong>ipse</strong></span> <span class='ocrx_word' id='word_1_37' title='bbox 1171 879 1233 950; x_wconf 86' lang='lat' dir='ltr'><strong>quis</strong></span> <span class='ocrx_word' id='word_1_38' title='bbox 1251 880 1368 936; x_wconf 85' lang='lat' dir='ltr'><strong>indicem</strong></span> <span class='ocrx_word' id='word_1_39' title='bbox 1388 879 1578 936; x_wconf 85' lang='lat' dir='ltr'><strong>aduersarium</strong></span> <span class='ocrx_word' id='word_1_40' title='bbox 1597 892 1672 932; x_wconf 88' lang='lat' dir='ltr'><strong>suum</strong></span> <span class='ocrx_word' id='word_1_41' title='bbox 1688 875 1717 930; x_wconf 89' lang='lat' dir='ltr'><strong>de</strong></span> <span class='ocrx_word' id='word_1_42' title='bbox 1728 872 1779 927; x_wconf 78' lang='lat' dir='ltr'><strong>stit</strong></span> 
     </span>
    </p>

    <p class='ocr_par' dir='ltr' id='par_1_4' title="bbox 261 960 1740 1129">
     <span class='ocr_line' id='line_1_5' title="bbox 261 960 1740 1048; baseline -0.005 -20"><span class='ocrx_word' id='word_1_43' title='bbox 261 980 273 1023; x_wconf 95' lang='lat'>1</span> <span class='ocrx_word' id='word_1_44' title='bbox 295 987 379 1028; x_wconf 87' lang='lat' dir='ltr'><strong>cansa</strong></span> <span class='ocrx_word' id='word_1_45' title='bbox 397 987 448 1026; x_wconf 90' lang='lat' dir='ltr'><strong>sua</strong></span> <span class='ocrx_word' id='word_1_46' title='bbox 465 969 562 1026; x_wconf 83' lang='lat' dir='ltr'><strong>iecerit</strong></span> <span class='ocrx_word' id='word_1_47' title='bbox 578 970 727 1028; x_wconf 82' lang='lat' dir='ltr'><strong>deierando</strong></span> <span class='ocrx_word' id='word_1_48' title='bbox 746 979 773 1025; x_wconf 85' lang='lat' dir='ltr'><strong>et</strong></span> <span class='ocrx_word' id='word_1_49' title='bbox 790 969 987 1026; x_wconf 87' lang='lat' dir='ltr'><strong>iusiurandum.</strong></span> <span class='ocrx_word' id='word_1_50' title='bbox 1025 969 1054 1024; x_wconf 85' lang='lat' dir='ltr'><strong>si</strong></span> <span class='ocrx_word' id='word_1_51' title='bbox 1072 969 1192 1040; x_wconf 88' lang='lat' dir='ltr'><strong>pupillus</strong></span> <span class='ocrx_word' id='word_1_52' title='bbox 1214 969 1273 1024; x_wconf 91' lang='lat' dir='ltr'><strong>sine</strong></span> <span class='ocrx_word' id='word_1_53' title='bbox 1291 969 1391 1026; x_wconf 85' lang='lat' dir='ltr'><strong>tutoris</strong></span> <span class='ocrx_word' id='word_1_54' title='bbox 1408 967 1572 1023; x_wconf 84' lang='lat' dir='ltr'><strong>anctoritate</strong></span> <span class='ocrx_word' id='word_1_55' title='bbox 1590 966 1637 1021; x_wconf 91' lang='lat' dir='ltr'><strong>de·</strong></span> <span class='ocrx_word' id='word_1_56' title='bbox 1654 960 1740 1048; x_wconf 54' lang='lat' dir='ltr'><strong>[lepti</strong></span> 
     </span>
     <span class='ocr_line' id='line_1_6' title="bbox 294 1055 1720 1129; baseline -0.004 -15"><span class='ocrx_word' id='word_1_57' title='bbox 294 1061 387 1114; x_wconf 89' lang='lat' dir='ltr'><strong>tulerit</strong></span> <span class='ocrx_word' id='word_1_58' title='bbox 403 1059 600 1129; x_wconf 89' lang='lat' dir='ltr'><strong>iusiurandum,</strong></span> <span class='ocrx_word' id='word_1_59' title='bbox 618 1058 741 1114; x_wconf 76' lang='lat' dir='ltr'><strong>dicemus</strong></span> <span class='ocrx_word' id='word_1_60' title='bbox 760 1073 815 1113; x_wconf 89' lang='lat' dir='ltr'><strong>non</strong></span> <span class='ocrx_word' id='word_1_61' title='bbox 833 1057 943 1114; x_wconf 89' lang='lat' dir='ltr'><strong>obstare</strong></span> <span class='ocrx_word' id='word_1_62' title='bbox 961 1059 1150 1128; x_wconf 88' lang='lat' dir='ltr'><strong>exceptionem</strong></span> <span class='ocrx_word' id='word_1_63' title='bbox 1169 1059 1259 1128; x_wconf 84' lang='lat' dir='ltr'><strong>istam,</strong></span> <span class='ocrx_word' id='word_1_64' title='bbox 1278 1058 1331 1112; x_wconf 91' lang='lat' dir='ltr'><strong>nisi</strong></span> <span class='ocrx_word' id='word_1_65' title='bbox 1348 1060 1439 1112; x_wconf 90' lang='lat' dir='ltr'><strong>tutore</strong></span> <span class='ocrx_word' id='word_1_66' title='bbox 1452 1061 1566 1112; x_wconf 90' lang='lat' dir='ltr'><strong>auctore</strong></span> <span class='ocrx_word' id='word_1_67' title='bbox 1586 1055 1614 1110; x_wconf 93' lang='lat' dir='ltr'><strong>in</strong></span> <span class='ocrx_word' id='word_1_68' title='bbox 1629 1055 1720 1110; x_wconf 88' lang='lat' dir='ltr'><strong>indicio</strong></span> 
     </span>
    </p>

    <p class='ocr_par' dir='ltr' id='par_1_5' title="bbox 260 1143 1724 1308">
     <span class='ocr_line' id='line_1_7' title="bbox 260 1143 1722 1217; baseline -0.002 -17"><span class='ocrx_word' id='word_1_69' title='bbox 260 1156 275 1200; x_wconf 79' lang='lat'>2</span> <span class='ocrx_word' id='word_1_70' title='bbox 294 1148 395 1204; x_wconf 89' lang='lat' dir='ltr'><strong>delatio</strong></span> <span class='ocrx_word' id='word_1_71' title='bbox 414 1147 488 1203; x_wconf 85' lang='lat' dir='ltr'><strong>laeta</strong></span> <span class='ocrx_word' id='word_1_72' title='bbox 505 1149 568 1203; x_wconf 82' lang='lat' dir='ltr'><strong>slt1.</strong></span> <span class='ocrx_word' id='word_1_73' title='bbox 605 1147 634 1203; x_wconf 88' lang='lat' dir='ltr'><strong>Si</strong></span> <span class='ocrx_word' id='word_1_74' title='bbox 657 1147 758 1217; x_wconf 91' lang='lat' dir='ltr'><strong>petitor</strong></span> <span class='ocrx_word' id='word_1_75' title='bbox 780 1143 858 1202; x_wconf 81' lang='lat' dir='ltr'><strong>fundi</strong></span> <span class='ocrx_word' id='word_1_76' title='bbox 880 1146 1068 1202; x_wconf 87' lang='lat' dir='ltr'><strong>iusiurandum</strong></span> <span class='ocrx_word' id='word_1_77' title='bbox 1094 1146 1223 1202; x_wconf 89' lang='lat' dir='ltr'><strong>detulerit</strong></span> <span class='ocrx_word' id='word_1_78' title='bbox 1241 1145 1411 1215; x_wconf 86' lang='lat' dir='ltr'><strong>aduersario,</strong></span> <span class='ocrx_word' id='word_1_79' title='bbox 1435 1149 1479 1214; x_wconf 90' lang='lat' dir='ltr'><strong>ut,</strong></span> <span class='ocrx_word' id='word_1_80' title='bbox 1504 1145 1529 1200; x_wconf 88' lang='lat' dir='ltr'><strong>si</strong></span> <span class='ocrx_word' id='word_1_81' title='bbox 1551 1145 1722 1200; x_wconf 82' lang='lat' dir='ltr'><strong>auctoretas</strong></span> 
     </span>
     <span class='ocr_line' id='line_1_8' title="bbox 293 1232 1724 1308; baseline -0.003 -16"><span class='ocrx_word' id='word_1_82' title='bbox 293 1238 412 1292; x_wconf 87' lang='lat' dir='ltr'><strong>iurasset</strong></span> <span class='ocrx_word' id='word_1_83' title='bbox 429 1252 508 1292; x_wconf 89' lang='lat' dir='ltr'><strong>suum</strong></span> <span class='ocrx_word' id='word_1_84' title='bbox 527 1235 641 1292; x_wconf 82' lang='lat' dir='ltr'><strong>fundum</strong></span> <span class='ocrx_word' id='word_1_85' title='bbox 661 1252 691 1292; x_wconf 91' lang='lat' dir='ltr'><strong>se</strong></span> <span class='ocrx_word' id='word_1_86' title='bbox 709 1234 865 1304; x_wconf 71' lang='lat' dir='ltr'>tradidisse,</span> <span class='ocrx_word' id='word_1_87' title='bbox 884 1234 919 1290; x_wconf 91' lang='lat' dir='ltr'><strong>ab</strong></span> <span class='ocrx_word' id='word_1_88' title='bbox 938 1250 976 1308; x_wconf 30' lang='lat' dir='ltr'><strong>ea·</strong></span> <span class='ocrx_word' id='word_1_89' title='bbox 984 1236 1172 1292; x_wconf 89' lang='lat' dir='ltr'><strong>controuersia</strong></span> <span class='ocrx_word' id='word_1_90' title='bbox 1183 1235 1368 1290; x_wconf 87' lang='lat' dir='ltr'><strong>discessurum</strong></span> <span class='ocrx_word' id='word_1_91' title='bbox 1381 1249 1420 1302; x_wconf 88' lang='lat' dir='ltr'><strong>ee,</strong></span> <span class='ocrx_word' id='word_1_92' title='bbox 1439 1233 1566 1303; x_wconf 86' lang='lat' dir='ltr'><strong>exceptio</strong></span> <span class='ocrx_word' id='word_1_93' title='bbox 1578 1232 1724 1303; x_wconf 85' lang='lat' dir='ltr'><strong>possessori</strong></span> 
     </span>
    </p>

    <p class='ocr_par' dir='ltr' id='par_1_6' title="bbox 261 1322 1773 1484">
     <span class='ocr_line' id='line_1_9' title="bbox 261 1322 1724 1393; baseline 0 -17"><span class='ocrx_word' id='word_1_94' title='bbox 261 1333 275 1376; x_wconf 82' lang='lat' dir='ltr'><strong>e</strong></span> <span class='ocrx_word' id='word_1_95' title='bbox 295 1323 372 1380; x_wconf 82' lang='lat' dir='ltr'><strong>brndi</strong></span> <span class='ocrx_word' id='word_1_96' title='bbox 390 1323 507 1380; x_wconf 91' lang='lat' dir='ltr'><strong>dabitur.</strong></span> <span class='ocrx_word' id='word_1_97' title='bbox 545 1324 574 1381; x_wconf 85' lang='lat' dir='ltr'><strong>Si</strong></span> <span class='ocrx_word' id='word_1_98' title='bbox 593 1323 738 1380; x_wconf 86' lang='lat' dir='ltr'><strong>fideiussor</strong></span> <span class='ocrx_word' id='word_1_99' title='bbox 755 1323 870 1393; x_wconf 86' lang='lat' dir='ltr'><strong>iurauit,</strong></span> <span class='ocrx_word' id='word_1_100' title='bbox 894 1324 918 1378; x_wconf 87' lang='lat' dir='ltr'><strong>si</strong></span> <span class='ocrx_word' id='word_1_101' title='bbox 937 1324 1047 1393; x_wconf 86' lang='lat' dir='ltr'><strong>quidem</strong></span> <span class='ocrx_word' id='word_1_102' title='bbox 1066 1323 1101 1379; x_wconf 89' lang='lat' dir='ltr'><strong>de</strong></span> <span class='ocrx_word' id='word_1_103' title='bbox 1120 1339 1171 1378; x_wconf 87' lang='lat' dir='ltr'><strong>sua</strong></span> <span class='ocrx_word' id='word_1_104' title='bbox 1193 1338 1312 1393; x_wconf 88' lang='lat' dir='ltr'><strong>persona</strong></span> <span class='ocrx_word' id='word_1_105' title='bbox 1334 1327 1441 1378; x_wconf 61' lang='lat' dir='ltr'><strong>mutum</strong></span> <span class='ocrx_word' id='word_1_106' title='bbox 1465 1322 1581 1392; x_wconf 88' lang='lat' dir='ltr'><strong>iurauit,</strong></span> <span class='ocrx_word' id='word_1_107' title='bbox 1604 1323 1724 1392; x_wconf 82' lang='lat' dir='ltr'><strong>quasise</strong></span> 
     </span>
     <span class='ocr_line' id='line_1_10' title="bbox 294 1411 1773 1484; baseline -0.004 -14"><span class='ocrx_word' id='word_1_108' title='bbox 294 1429 350 1470; x_wconf 92' lang='lat' dir='ltr'><strong>non</strong></span> <span class='ocrx_word' id='word_1_109' title='bbox 367 1428 429 1470; x_wconf 86' lang='lat' dir='ltr'><strong>esse</strong></span> <span class='ocrx_word' id='word_1_110' title='bbox 447 1412 607 1484; x_wconf 77' lang='lat' dir='ltr'><strong>obligatum,</strong></span> <span class='ocrx_word' id='word_1_111' title='bbox 624 1412 691 1468; x_wconf 91' lang='lat' dir='ltr'><strong>nibil</strong></span> <span class='ocrx_word' id='word_1_112' title='bbox 709 1427 756 1470; x_wconf 89' lang='lat' dir='ltr'><strong>reo</strong></span> <span class='ocrx_word' id='word_1_113' title='bbox 774 1411 908 1483; x_wconf 89' lang='lat' dir='ltr'><strong>proderit:</strong></span> <span class='ocrx_word' id='word_1_114' title='bbox 928 1413 952 1466; x_wconf 88' lang='lat' dir='ltr'><strong>ai</strong></span> <span class='ocrx_word' id='word_1_115' title='bbox 970 1427 1037 1468; x_wconf 87' lang='lat' dir='ltr'><strong>uero</strong></span> <span class='ocrx_word' id='word_1_116' title='bbox 1049 1413 1076 1467; x_wconf 91' lang='lat' dir='ltr'><strong>in</strong></span> <span class='ocrx_word' id='word_1_117' title='bbox 1089 1429 1147 1467; x_wconf 88' lang='lat' dir='ltr'><strong>rem</strong></span> <span class='ocrx_word' id='word_1_118' title='bbox 1159 1412 1268 1482; x_wconf 85' lang='lat' dir='ltr'><strong>iurauit,</strong></span> <span class='ocrx_word' id='word_1_119' title='bbox 1287 1411 1397 1466; x_wconf 88' lang='lat' dir='ltr'><strong>dabitur</strong></span> <span class='ocrx_word' id='word_1_120' title='bbox 1414 1412 1542 1480; x_wconf 73' lang='lat' dir='ltr'>exceptio</span> <span class='ocrx_word' id='word_1_121' title='bbox 1553 1425 1601 1466; x_wconf 90' lang='lat' dir='ltr'><strong>reo</strong></span> <span class='ocrx_word' id='word_1_122' title='bbox 1613 1424 1725 1480; x_wconf 87' lang='lat' dir='ltr'><strong>quoqne.</strong></span> <span class='ocrx_word' id='word_1_123' title='bbox 1744 1411 1773 1454; x_wconf 67' lang='lat'><strong>1·</strong></span> 
     </span>
    </p>

    <p class='ocr_par' dir='ltr' id='par_1_7' title="bbox 261 1496 1727 1838">
     <span class='ocr_line' id='line_1_11' title="bbox 261 1496 1726 1571; baseline -0.002 -15"><span class='ocrx_word' id='word_1_124' title='bbox 261 1510 277 1556; x_wconf 78' lang='lat'>4</span> <span class='ocrx_word' id='word_1_125' title='bbox 295 1499 325 1558; x_wconf 84' lang='lat' dir='ltr'><strong>Si</strong></span> <span class='ocrx_word' id='word_1_126' title='bbox 343 1502 526 1558; x_wconf 74' lang='lat' dir='ltr'><strong>manumisero</strong></span> <span class='ocrx_word' id='word_1_127' title='bbox 545 1518 607 1558; x_wconf 90' lang='lat' dir='ltr'><strong>eum</strong></span> <span class='ocrx_word' id='word_1_128' title='bbox 626 1516 752 1571; x_wconf 89' lang='lat' dir='ltr'><strong>seruum,</strong></span> <span class='ocrx_word' id='word_1_129' title='bbox 777 1501 825 1570; x_wconf 87' lang='lat' dir='ltr'><strong>qui</strong></span> <span class='ocrx_word' id='word_1_130' title='bbox 843 1500 955 1570; x_wconf 78' lang='lat' dir='ltr'><strong>negotia</strong></span> <span class='ocrx_word' id='word_1_131' title='bbox 973 1515 1036 1558; x_wconf 87' lang='lat' dir='ltr'><strong>mea</strong></span> <span class='ocrx_word' id='word_1_132' title='bbox 1052 1504 1178 1570; x_wconf 77' lang='lat' dir='ltr'><strong>gesserat</strong></span> <span class='ocrx_word' id='word_1_133' title='bbox 1195 1501 1224 1556; x_wconf 92' lang='lat' dir='ltr'><strong>in</strong></span> <span class='ocrx_word' id='word_1_134' title='bbox 1242 1500 1388 1569; x_wconf 87' lang='lat' dir='ltr'><strong>seruitute,</strong></span> <span class='ocrx_word' id='word_1_135' title='bbox 1412 1499 1512 1554; x_wconf 86' lang='lat' dir='ltr'><strong>deinde</strong></span> <span class='ocrx_word' id='word_1_136' title='bbox 1531 1499 1677 1570; x_wconf 85' lang='lat' dir='ltr'><strong>stipulatus</strong></span> <span class='ocrx_word' id='word_1_137' title='bbox 1694 1496 1726 1552; x_wconf 83' lang='lat' dir='ltr'><strong>ab</strong></span> 
     </span>
     <span class='ocr_line' id='line_1_12' title="bbox 295 1587 1726 1662; baseline -0.001 -17"><span class='ocrx_word' id='word_1_138' title='bbox 295 1605 328 1646; x_wconf 91' lang='lat' dir='ltr'><strong>ee</strong></span> <span class='ocrx_word' id='word_1_139' title='bbox 346 1588 438 1660; x_wconf 82' lang='lat' dir='ltr'><strong>fuero,</strong></span> <span class='ocrx_word' id='word_1_140' title='bbox 462 1590 535 1660; x_wconf 85' lang='lat' dir='ltr'><strong>qued</strong></span> <span class='ocrx_word' id='word_1_141' title='bbox 554 1591 665 1662; x_wconf 77' lang='lat' dir='ltr'><strong>negotia</strong></span> <span class='ocrx_word' id='word_1_142' title='bbox 684 1605 746 1646; x_wconf 88' lang='lat' dir='ltr'><strong>mea</strong></span> <span class='ocrx_word' id='word_1_143' title='bbox 763 1590 893 1660; x_wconf 76' lang='lat' dir='ltr'><strong>gesserit,</strong></span> <span class='ocrx_word' id='word_1_144' title='bbox 917 1588 1050 1660; x_wconf 86' lang='lat' dir='ltr'><strong>quidquid</strong></span> <span class='ocrx_word' id='word_1_145' title='bbox 1073 1588 1109 1645; x_wconf 92' lang='lat' dir='ltr'><strong>eb</strong></span> <span class='ocrx_word' id='word_1_146' title='bbox 1132 1604 1194 1644; x_wconf 90' lang='lat' dir='ltr'><strong>eam</strong></span> <span class='ocrx_word' id='word_1_147' title='bbox 1217 1604 1290 1660; x_wconf 91' lang='lat' dir='ltr'><strong>rem,</strong></span> <span class='ocrx_word' id='word_1_148' title='bbox 1314 1589 1338 1644; x_wconf 89' lang='lat' dir='ltr'><strong>si</strong></span> <span class='ocrx_word' id='word_1_149' title='bbox 1360 1593 1426 1644; x_wconf 91' lang='lat' dir='ltr'><strong>tunc</strong></span> <span class='ocrx_word' id='word_1_150' title='bbox 1443 1587 1513 1644; x_wconf 90' lang='lat' dir='ltr'><strong>liber</strong></span> <span class='ocrx_word' id='word_1_151' title='bbox 1529 1587 1644 1658; x_wconf 85' lang='lat' dir='ltr'><strong>inisset,</strong></span> <span class='ocrx_word' id='word_1_152' title='bbox 1667 1601 1726 1644; x_wconf 85' lang='lat' dir='ltr'><strong>cum</strong></span> 
     </span>
     <span class='ocr_line' id='line_1_13' title="bbox 295 1677 1726 1750; baseline -0.003 -16"><span class='ocrx_word' id='word_1_153' title='bbox 295 1677 361 1734; x_wconf 87' lang='lat' dir='ltr'><strong>mibi</strong></span> <span class='ocrx_word' id='word_1_154' title='bbox 378 1679 444 1734; x_wconf 89' lang='lat' dir='ltr'><strong>dare</strong></span> <span class='ocrx_word' id='word_1_155' title='bbox 463 1684 614 1750; x_wconf 78' lang='lat' dir='ltr'><strong>oporteret,</strong></span> <span class='ocrx_word' id='word_1_156' title='bbox 637 1679 667 1734; x_wconf 90' lang='lat' dir='ltr'><strong>id</strong></span> <span class='ocrx_word' id='word_1_157' title='bbox 684 1678 758 1748; x_wconf 86' lang='lat' dir='ltr'><strong>dari,</strong></span> <span class='ocrx_word' id='word_1_158' title='bbox 782 1678 882 1734; x_wconf 89' lang='lat' dir='ltr'><strong>deinde</strong></span> <span class='ocrx_word' id='word_1_159' title='bbox 900 1693 935 1734; x_wconf 88' lang='lat' dir='ltr'><strong>ex</strong></span> <span class='ocrx_word' id='word_1_160' title='bbox 958 1678 1090 1748; x_wconf 90' lang='lat' dir='ltr'><strong>stipulatu</strong></span> <span class='ocrx_word' id='word_1_161' title='bbox 1112 1693 1207 1748; x_wconf 64' lang='lat' dir='ltr'><strong>agaim</strong></span> <span class='ocrx_word' id='word_1_162' title='bbox 1231 1693 1286 1734; x_wconf 92' lang='lat' dir='ltr'><strong>nen</strong></span> <span class='ocrx_word' id='word_1_163' title='bbox 1308 1677 1475 1734; x_wconf 87' lang='lat' dir='ltr'><strong>summoneri</strong></span> <span class='ocrx_word' id='word_1_164' title='bbox 1493 1692 1537 1732; x_wconf 89' lang='lat' dir='ltr'><strong>me</strong></span> <span class='ocrx_word' id='word_1_165' title='bbox 1556 1677 1726 1746; x_wconf 74' lang='lat' dir='ltr'><strong>exceptione:</strong></span> 
     </span>
     <span class='ocr_line' id='line_1_14' title="bbox 295 1765 1727 1838; baseline -0.001 -16"><span class='ocrx_word' id='word_1_166' title='bbox 295 1782 384 1837; x_wconf 77' lang='lat' dir='ltr'><strong>neqrm</strong></span> <span class='ocrx_word' id='word_1_167' title='bbox 402 1768 475 1824; x_wconf 90' lang='lat' dir='ltr'><strong>enim</strong></span> <span class='ocrx_word' id='word_1_168' title='bbox 493 1773 637 1824; x_wconf 89' lang='lat' dir='ltr'><strong>oneratum</strong></span> <span class='ocrx_word' id='word_1_169' title='bbox 655 1782 686 1822; x_wconf 88' lang='lat' dir='ltr'><strong>se</strong></span> <span class='ocrx_word' id='word_1_170' title='bbox 704 1765 756 1824; x_wconf 90' lang='lat' dir='ltr'><strong>hee</strong></span> <span class='ocrx_word' id='word_1_171' title='bbox 773 1767 883 1824; x_wconf 87' lang='lat' dir='ltr'><strong>nemine</strong></span> <span class='ocrx_word' id='word_1_172' title='bbox 901 1771 994 1836; x_wconf 84' lang='lat' dir='ltr'><strong>potest</strong></span> <span class='ocrx_word' id='word_1_173' title='bbox 1011 1767 1087 1837; x_wconf 88' lang='lat' dir='ltr'><strong>queri</strong></span> <span class='ocrx_word' id='word_1_174' title='bbox 1105 1765 1232 1838; x_wconf 92' lang='lat' dir='ltr'><strong>libertus,</strong></span> <span class='ocrx_word' id='word_1_175' title='bbox 1252 1767 1275 1822; x_wconf 90' lang='lat' dir='ltr'><strong>si</strong></span> <span class='ocrx_word' id='word_1_176' title='bbox 1292 1767 1397 1822; x_wconf 86' lang='lat' dir='ltr'><strong>lucrum</strong></span> <span class='ocrx_word' id='word_1_177' title='bbox 1416 1765 1565 1836; x_wconf 85' lang='lat' dir='ltr'><strong>abruptum</strong></span> <span class='ocrx_word' id='word_1_178' title='bbox 1583 1781 1619 1822; x_wconf 89' lang='lat' dir='ltr'><strong>ex</strong></span> <span class='ocrx_word' id='word_1_179' title='bbox 1636 1780 1666 1820; x_wconf 91' lang='lat' dir='ltr'><strong>re</strong></span> <span class='ocrx_word' id='word_1_180' title='bbox 1682 1779 1727 1834; x_wconf 89' lang='lat' dir='ltr'><strong>pa·</strong></span> 
     </span>
    </p>

    <p class='ocr_par' dir='ltr' id='par_1_8' title="bbox 263 1849 1800 2105">
     <span class='ocr_line' id='line_1_15' title="bbox 263 1849 1800 1926; baseline -0.001 -16"><span class='ocrx_word' id='word_1_181' title='bbox 263 1864 277 1909; x_wconf 87' lang='lat' dir='ltr'><strong>t</strong></span> <span class='ocrx_word' id='word_1_182' title='bbox 295 1857 367 1912; x_wconf 76' lang='lat' dir='ltr'><strong>ueni</strong></span> <span class='ocrx_word' id='word_1_183' title='bbox 385 1853 439 1912; x_wconf 84' lang='lat' dir='ltr'><strong>nen</strong></span> <span class='ocrx_word' id='word_1_184' title='bbox 458 1855 568 1912; x_wconf 69' lang='lat' dir='ltr'><strong>saciati.</strong></span> <span class='ocrx_word' id='word_1_185' title='bbox 605 1855 681 1922; x_wconf 85' lang='lat' dir='ltr'><strong>Quae</strong></span> <span class='ocrx_word' id='word_1_186' title='bbox 699 1857 855 1912; x_wconf 86' lang='lat' dir='ltr'><strong>onerandae</strong></span> <span class='ocrx_word' id='word_1_187' title='bbox 873 1855 1007 1911; x_wconf 81' lang='lat' dir='ltr'><strong>libertatis</strong></span> <span class='ocrx_word' id='word_1_188' title='bbox 1025 1871 1111 1912; x_wconf 86' lang='lat' dir='ltr'><strong>causa</strong></span> <span class='ocrx_word' id='word_1_189' title='bbox 1128 1856 1275 1926; x_wconf 87' lang='lat' dir='ltr'><strong>stipulatus</strong></span> <span class='ocrx_word' id='word_1_190' title='bbox 1294 1871 1369 1924; x_wconf 88' lang='lat' dir='ltr'><strong>sum,</strong></span> <span class='ocrx_word' id='word_1_191' title='bbox 1394 1855 1527 1911; x_wconf 87' lang='lat' dir='ltr'><strong>aliberto</strong></span> <span class='ocrx_word' id='word_1_192' title='bbox 1544 1855 1658 1925; x_wconf 82' lang='lat' dir='ltr'><strong>exigere</strong></span> <span class='ocrx_word' id='word_1_193' title='bbox 1676 1869 1727 1909; x_wconf 91' lang='lat' dir='ltr'><strong>nen</strong></span> <span class='ocrx_word' id='word_1_194' title='bbox 1776 1849 1800 1893; x_wconf 68' lang='lat'><strong>¹⁵</strong></span> 
     </span>
     <span class='ocr_line' id='line_1_16' title="bbox 295 1942 1727 2016; baseline -0.001 -15"><span class='ocrx_word' id='word_1_195' title='bbox 295 1961 417 2016; x_wconf 88' lang='lat' dir='ltr'><strong>possum.</strong></span> <span class='ocrx_word' id='word_1_196' title='bbox 445 1945 601 2001; x_wconf 85' lang='lat' dir='ltr'><strong>onerandas</strong></span> <span class='ocrx_word' id='word_1_197' title='bbox 619 1951 710 2000; x_wconf 65' lang='lat' dir='ltr'><strong>summ</strong></span> <span class='ocrx_word' id='word_1_198' title='bbox 729 1944 864 2000; x_wconf 81' lang='lat' dir='ltr'><strong>libertatis</strong></span> <span class='ocrx_word' id='word_1_199' title='bbox 882 1960 967 2000; x_wconf 82' lang='lat' dir='ltr'><strong>ostrea</strong></span> <span class='ocrx_word' id='word_1_200' title='bbox 983 1943 1058 2000; x_wconf 82' lang='lat' dir='ltr'><strong>saeta</strong></span> <span class='ocrx_word' id='word_1_201' title='bbox 1075 1943 1224 2000; x_wconf 89' lang='lat' dir='ltr'><strong>bellissime</strong></span> <span class='ocrx_word' id='word_1_202' title='bbox 1242 1945 1282 2000; x_wconf 89' lang='lat' dir='ltr'><strong>ita</strong></span> <span class='ocrx_word' id='word_1_203' title='bbox 1299 1942 1479 2013; x_wconf 79' lang='lat' dir='ltr'><strong>definiuntur,</strong></span> <span class='ocrx_word' id='word_1_204' title='bbox 1498 1959 1571 2013; x_wconf 76' lang='lat' dir='ltr'><strong>qliae</strong></span> <span class='ocrx_word' id='word_1_205' title='bbox 1589 1945 1630 1998; x_wconf 86' lang='lat' dir='ltr'><strong>its</strong></span> <span class='ocrx_word' id='word_1_206' title='bbox 1646 1944 1727 2012; x_wconf 80' lang='lat' dir='ltr'><strong>impe</strong></span> 
     </span>
     <span class='ocr_line' id='line_1_17' title="bbox 294 2031 1728 2105; baseline -0.003 -14"><span class='ocrx_word' id='word_1_207' title='bbox 294 2039 405 2105; x_wconf 82' lang='lat' dir='ltr'><strong>nunbrr,</strong></span> <span class='ocrx_word' id='word_1_208' title='bbox 423 2039 462 2103; x_wconf 90' lang='lat' dir='ltr'><strong>ut,</strong></span> <span class='ocrx_word' id='word_1_209' title='bbox 481 2034 504 2089; x_wconf 89' lang='lat' dir='ltr'><strong>si</strong></span> <span class='ocrx_word' id='word_1_210' title='bbox 522 2039 667 2104; x_wconf 88' lang='lat' dir='ltr'><strong>patronum</strong></span> <span class='ocrx_word' id='word_1_211' title='bbox 685 2033 799 2089; x_wconf 88' lang='lat' dir='ltr'><strong>libertus</strong></span> <span class='ocrx_word' id='word_1_212' title='bbox 818 2033 971 2102; x_wconf 83' lang='lat' dir='ltr'><strong>offenderit,</strong></span> <span class='ocrx_word' id='word_1_213' title='bbox 993 2037 1122 2102; x_wconf 88' lang='lat' dir='ltr'><strong>petantur</strong></span> <span class='ocrx_word' id='word_1_214' title='bbox 1140 2032 1176 2088; x_wconf 86' lang='lat' dir='ltr'><strong>ab</strong></span> <span class='ocrx_word' id='word_1_215' title='bbox 1194 2047 1228 2088; x_wconf 90' lang='lat' dir='ltr'><strong>eo</strong></span> <span class='ocrx_word' id='word_1_216' title='bbox 1247 2047 1411 2102; x_wconf 86' lang='lat' dir='ltr'><strong>semperque</strong></span> <span class='ocrx_word' id='word_1_217' title='bbox 1429 2033 1466 2088; x_wconf 92' lang='lat' dir='ltr'><strong>sit</strong></span> <span class='ocrx_word' id='word_1_218' title='bbox 1483 2037 1561 2088; x_wconf 89' lang='lat' dir='ltr'><strong>metu</strong></span> <span class='ocrx_word' id='word_1_219' title='bbox 1580 2031 1728 2087; x_wconf 82' lang='lat' dir='ltr'><strong>exactionis</strong></span> 
     </span>
    </p>

    <p class='ocr_par' dir='ltr' id='par_1_9' title="bbox 262 2118 1729 2370">
     <span class='ocr_line' id='line_1_18' title="bbox 262 2118 1729 2192; baseline -0.001 -16"><span class='ocrx_word' id='word_1_220' title='bbox 262 2129 278 2176; x_wconf 84' lang='lat' dir='ltr'><strong>e</strong></span> <span class='ocrx_word' id='word_1_221' title='bbox 296 2123 322 2178; x_wconf 93' lang='lat' dir='ltr'><strong>ei</strong></span> <span class='ocrx_word' id='word_1_222' title='bbox 339 2122 494 2192; x_wconf 90' lang='lat' dir='ltr'><strong>subiectus,</strong></span> <span class='ocrx_word' id='word_1_223' title='bbox 518 2125 630 2192; x_wconf 88' lang='lat' dir='ltr'><strong>propter</strong></span> <span class='ocrx_word' id='word_1_224' title='bbox 647 2137 728 2192; x_wconf 89' lang='lat' dir='ltr'><strong>quem</strong></span> <span class='ocrx_word' id='word_1_225' title='bbox 752 2127 856 2178; x_wconf 88' lang='lat' dir='ltr'><strong>metum</strong></span> <span class='ocrx_word' id='word_1_226' title='bbox 880 2118 998 2191; x_wconf 88' lang='lat' dir='ltr'><strong>quoduis</strong></span> <span class='ocrx_word' id='word_1_227' title='bbox 1016 2126 1152 2178; x_wconf 75' lang='lat' dir='ltr'><strong>sustineat</strong></span> <span class='ocrx_word' id='word_1_228' title='bbox 1169 2126 1285 2191; x_wconf 89' lang='lat' dir='ltr'><strong>patrone</strong></span> <span class='ocrx_word' id='word_1_229' title='bbox 1303 2121 1496 2191; x_wconf 79' lang='lat' dir='ltr'><strong>praecipiente.</strong></span> <span class='ocrx_word' id='word_1_230' title='bbox 1532 2121 1565 2176; x_wconf 92' lang='lat' dir='ltr'><strong>In</strong></span> <span class='ocrx_word' id='word_1_231' title='bbox 1584 2136 1692 2176; x_wconf 87' lang='lat' dir='ltr'><strong>summa</strong></span> <span class='ocrx_word' id='word_1_232' title='bbox 1707 2120 1729 2174; x_wconf 91' lang='lat' dir='ltr'><strong>si</strong></span> 
     </span>
     <span class='ocr_line' id='line_1_19' title="bbox 296 2209 1729 2282; baseline -0.002 -16"><span class='ocrx_word' id='word_1_233' title='bbox 296 2212 324 2267; x_wconf 92' lang='lat' dir='ltr'><strong>in</strong></span> <span class='ocrx_word' id='word_1_234' title='bbox 343 2211 493 2267; x_wconf 90' lang='lat' dir='ltr'><strong>continenti</strong></span> <span class='ocrx_word' id='word_1_235' title='bbox 510 2211 669 2281; x_wconf 88' lang='lat' dir='ltr'><strong>impositum</strong></span> <span class='ocrx_word' id='word_1_236' title='bbox 687 2211 753 2280; x_wconf 88' lang='lat' dir='ltr'><strong>quid</strong></span> <span class='ocrx_word' id='word_1_237' title='bbox 772 2211 809 2266; x_wconf 88' lang='lat' dir='ltr'><strong>sit</strong></span> <span class='ocrx_word' id='word_1_238' title='bbox 825 2209 933 2278; x_wconf 88' lang='lat' dir='ltr'><strong>liberto,</strong></span> <span class='ocrx_word' id='word_1_239' title='bbox 951 2210 1025 2281; x_wconf 89' lang='lat' dir='ltr'><strong>qued</strong></span> <span class='ocrx_word' id='word_1_240' title='bbox 1044 2209 1258 2282; x_wconf 72' lang='lat' dir='ltr'><strong>tranupoiaeaoa</strong></span> <span class='ocrx_word' id='word_1_241' title='bbox 1277 2215 1373 2266; x_wconf 88' lang='lat' dir='ltr'><strong>oneret</strong></span> <span class='ocrx_word' id='word_1_242' title='bbox 1387 2211 1447 2264; x_wconf 90' lang='lat' dir='ltr'><strong>eins</strong></span> <span class='ocrx_word' id='word_1_243' title='bbox 1458 2209 1624 2278; x_wconf 89' lang='lat' dir='ltr'><strong>libertatem,</strong></span> <span class='ocrx_word' id='word_1_244' title='bbox 1642 2209 1729 2264; x_wconf 91' lang='lat' dir='ltr'><strong>dieen-</strong></span> 
     </span>
     <span class='ocr_line' id='line_1_20' title="bbox 297 2297 1728 2370; baseline -0.003 -14"><span class='ocrx_word' id='word_1_245' title='bbox 297 2300 363 2356; x_wconf 89' lang='lat' dir='ltr'><strong>dum</strong></span> <span class='ocrx_word' id='word_1_246' title='bbox 387 2305 430 2356; x_wconf 89' lang='lat' dir='ltr'><strong>est</strong></span> <span class='ocrx_word' id='word_1_247' title='bbox 452 2299 607 2370; x_wconf 77' lang='lat' dir='ltr'><strong>exceptioni</strong></span> <span class='ocrx_word' id='word_1_248' title='bbox 631 2300 720 2354; x_wconf 89' lang='lat' dir='ltr'><strong>locum</strong></span> <span class='ocrx_word' id='word_1_249' title='bbox 744 2297 843 2355; x_wconf 84' lang='lat' dir='ltr'><strong>lacere.</strong></span> <span class='ocrx_word' id='word_1_250' title='bbox 872 2299 921 2354; x_wconf 89' lang='lat' dir='ltr'><strong>sed</strong></span> <span class='ocrx_word' id='word_1_251' title='bbox 945 2299 968 2354; x_wconf 91' lang='lat' dir='ltr'><strong>si</strong></span> <span class='ocrx_word' id='word_1_252' title='bbox 992 2303 1056 2368; x_wconf 93' lang='lat' dir='ltr'><strong>post</strong></span> <span class='ocrx_word' id='word_1_253' title='bbox 1073 2299 1259 2368; x_wconf 85' lang='lat' dir='ltr'><strong>interuallum,</strong></span> <span class='ocrx_word' id='word_1_254' title='bbox 1282 2297 1366 2353; x_wconf 87' lang='lat' dir='ltr'><strong>babet</strong></span> <span class='ocrx_word' id='word_1_255' title='bbox 1388 2298 1500 2368; x_wconf 88' lang='lat' dir='ltr'><strong>quidem</strong></span> <span class='ocrx_word' id='word_1_256' title='bbox 1525 2297 1728 2365; x_wconf 84' lang='lat' dir='ltr'><strong>dubitationem,</strong></span> 
     </span>
    </p>

    <p class='ocr_par' dir='ltr' id='par_1_10' title="bbox 219 2385 1729 2548">
     <span class='ocr_line' id='line_1_21' title="bbox 219 2385 1729 2460; baseline -0.005 -12"><span class='ocrx_word' id='word_1_257' title='bbox 219 2437 230 2448; x_wconf 92' lang='lat'>.</span> <span class='ocrx_word' id='word_1_258' title='bbox 297 2390 362 2460; x_wconf 85' lang='lat' dir='ltr'><strong>qnia</strong></span> <span class='ocrx_word' id='word_1_259' title='bbox 379 2403 461 2444; x_wconf 89' lang='lat' dir='ltr'><strong>neme</strong></span> <span class='ocrx_word' id='word_1_260' title='bbox 479 2402 541 2444; x_wconf 88' lang='lat' dir='ltr'><strong>eurn</strong></span> <span class='ocrx_word' id='word_1_261' title='bbox 561 2386 679 2458; x_wconf 78' lang='lat' dir='ltr'><strong>cogebat</strong></span> <span class='ocrx_word' id='word_1_262' title='bbox 696 2387 748 2444; x_wconf 87' lang='lat' dir='ltr'><strong>boe</strong></span> <span class='ocrx_word' id='word_1_263' title='bbox 765 2389 937 2458; x_wconf 88' lang='lat' dir='ltr'><strong>promittere:</strong></span> <span class='ocrx_word' id='word_1_264' title='bbox 961 2388 1011 2444; x_wconf 89' lang='lat' dir='ltr'><strong>sed</strong></span> <span class='ocrx_word' id='word_1_265' title='bbox 1034 2388 1106 2443; x_wconf 90' lang='lat' dir='ltr'><strong>idem</strong></span> <span class='ocrx_word' id='word_1_266' title='bbox 1132 2388 1185 2442; x_wconf 89' lang='lat' dir='ltr'><strong>erit</strong></span> <span class='ocrx_word' id='word_1_267' title='bbox 1207 2385 1379 2456; x_wconf 88' lang='lat' dir='ltr'><strong>probandum</strong></span> <span class='ocrx_word' id='word_1_268' title='bbox 1403 2390 1433 2441; x_wconf 90' lang='lat' dir='ltr'><strong>et</strong></span> <span class='ocrx_word' id='word_1_269' title='bbox 1454 2385 1513 2454; x_wconf 92' lang='lat' dir='ltr'><strong>hic,</strong></span> <span class='ocrx_word' id='word_1_270' title='bbox 1537 2391 1632 2442; x_wconf 80' lang='lat' dir='ltr'><strong>tamen</strong></span> <span class='ocrx_word' id='word_1_271' title='bbox 1650 2401 1729 2441; x_wconf 82' lang='lat' dir='ltr'><strong>eausa</strong></span> 
     </span>
     <span class='ocr_line' id='line_1_22' title="bbox 297 2473 1728 2548; baseline -0.003 -14"><span class='ocrx_word' id='word_1_272' title='bbox 297 2481 416 2548; x_wconf 82' lang='lat' dir='ltr'><strong>eognlts,</strong></span> <span class='ocrx_word' id='word_1_273' title='bbox 436 2478 460 2532; x_wconf 94' lang='lat' dir='ltr'><strong>si</strong></span> <span class='ocrx_word' id='word_1_274' title='bbox 476 2476 579 2546; x_wconf 80' lang='lat' dir='ltr'><strong>llqrtido</strong></span> <span class='ocrx_word' id='word_1_275' title='bbox 598 2482 732 2546; x_wconf 83' lang='lat' dir='ltr'><strong>appareat</strong></span> <span class='ocrx_word' id='word_1_276' title='bbox 748 2477 875 2534; x_wconf 90' lang='lat' dir='ltr'><strong>libertum</strong></span> <span class='ocrx_word' id='word_1_277' title='bbox 894 2481 969 2532; x_wconf 89' lang='lat' dir='ltr'><strong>metu</strong></span> <span class='ocrx_word' id='word_1_278' title='bbox 987 2477 1045 2532; x_wconf 91' lang='lat' dir='ltr'><strong>sole</strong></span> <span class='ocrx_word' id='word_1_279' title='bbox 1064 2477 1108 2531; x_wconf 91' lang='lat' dir='ltr'><strong>uel</strong></span> <span class='ocrx_word' id='word_1_280' title='bbox 1126 2476 1211 2531; x_wconf 87' lang='lat' dir='ltr'><strong>nimia</strong></span> <span class='ocrx_word' id='word_1_281' title='bbox 1228 2480 1344 2545; x_wconf 87' lang='lat' dir='ltr'><strong>patrono</strong></span> <span class='ocrx_word' id='word_1_282' title='bbox 1365 2474 1521 2530; x_wconf 86' lang='lat' dir='ltr'><strong>reuerentia</strong></span> <span class='ocrx_word' id='word_1_283' title='bbox 1537 2475 1578 2530; x_wconf 86' lang='lat' dir='ltr'><strong>ita</strong></span> <span class='ocrx_word' id='word_1_284' title='bbox 1596 2490 1627 2530; x_wconf 91' lang='lat' dir='ltr'><strong>se</strong></span> <span class='ocrx_word' id='word_1_285' title='bbox 1644 2473 1728 2530; x_wconf 86' lang='lat' dir='ltr'><strong>subie-</strong></span> 
     </span>
    </p>

    <p class='ocr_par' dir='ltr' id='par_1_11' title="bbox 265 2563 1730 2724">
     <span class='ocr_line' id='line_1_23' title="bbox 265 2563 1727 2636; baseline -0.001 -16"><span class='ocrx_word' id='word_1_286' title='bbox 265 2567 383 2636; x_wconf 81' lang='lat' dir='ltr'><strong>teisse,</strong></span> <span class='ocrx_word' id='word_1_287' title='bbox 405 2570 437 2621; x_wconf 92' lang='lat' dir='ltr'><strong>ut</strong></span> <span class='ocrx_word' id='word_1_288' title='bbox 459 2566 502 2622; x_wconf 91' lang='lat' dir='ltr'><strong>uel</strong></span> <span class='ocrx_word' id='word_1_289' title='bbox 524 2565 632 2635; x_wconf 90' lang='lat' dir='ltr'><strong>poenali</strong></span> <span class='ocrx_word' id='word_1_290' title='bbox 656 2565 775 2634; x_wconf 83' lang='lat' dir='ltr'><strong>quedam</strong></span> <span class='ocrx_word' id='word_1_291' title='bbox 798 2565 975 2636; x_wconf 85' lang='lat' dir='ltr'><strong>stipulatione</strong></span> <span class='ocrx_word' id='word_1_292' title='bbox 998 2581 1028 2620; x_wconf 89' lang='lat' dir='ltr'><strong>se</strong></span> <span class='ocrx_word' id='word_1_293' title='bbox 1052 2563 1216 2620; x_wconf 70' lang='lat' dir='ltr'><strong>subieereti.</strong></span> <span class='ocrx_word' id='word_1_294' title='bbox 1252 2563 1282 2620; x_wconf 87' lang='lat' dir='ltr'><strong>Si</strong></span> <span class='ocrx_word' id='word_1_295' title='bbox 1305 2563 1439 2620; x_wconf 84' lang='lat' dir='ltr'><strong>libertatis</strong></span> <span class='ocrx_word' id='word_1_296' title='bbox 1462 2578 1548 2618; x_wconf 88' lang='lat' dir='ltr'><strong>cansa</strong></span> <span class='ocrx_word' id='word_1_297' title='bbox 1572 2564 1727 2619; x_wconf 86' lang='lat' dir='ltr'><strong>societatem</strong></span> 
     </span>
     <span class='ocr_line' id='line_1_24' title="bbox 297 2651 1730 2724; baseline -0.003 -14"><span class='ocrx_word' id='word_1_298' title='bbox 297 2654 412 2710; x_wconf 90' lang='lat' dir='ltr'><strong>libertus</strong></span> <span class='ocrx_word' id='word_1_299' title='bbox 430 2669 493 2710; x_wconf 91' lang='lat' dir='ltr'><strong>eum</strong></span> <span class='ocrx_word' id='word_1_300' title='bbox 510 2658 626 2724; x_wconf 88' lang='lat' dir='ltr'><strong>patrono</strong></span> <span class='ocrx_word' id='word_1_301' title='bbox 644 2655 741 2709; x_wconf 90' lang='lat' dir='ltr'><strong>coierit</strong></span> <span class='ocrx_word' id='word_1_302' title='bbox 758 2660 788 2710; x_wconf 89' lang='lat' dir='ltr'><strong>et</strong></span> <span class='ocrx_word' id='word_1_303' title='bbox 804 2660 936 2724; x_wconf 87' lang='lat' dir='ltr'><strong>patronus</strong></span> <span class='ocrx_word' id='word_1_304' title='bbox 955 2669 1017 2710; x_wconf 90' lang='lat' dir='ltr'><strong>oum</strong></span> <span class='ocrx_word' id='word_1_305' title='bbox 1036 2653 1133 2708; x_wconf 90' lang='lat' dir='ltr'><strong>liberte</strong></span> <span class='ocrx_word' id='word_1_306' title='bbox 1151 2669 1201 2724; x_wconf 94' lang='lat' dir='ltr'><strong>pro</strong></span> <span class='ocrx_word' id='word_1_307' title='bbox 1219 2653 1295 2710; x_wconf 90' lang='lat' dir='ltr'><strong>soeio</strong></span> <span class='ocrx_word' id='word_1_308' title='bbox 1312 2657 1392 2724; x_wconf 81' lang='lat' dir='ltr'><strong>agat,</strong></span> <span class='ocrx_word' id='word_1_309' title='bbox 1410 2667 1446 2708; x_wconf 89' lang='lat' dir='ltr'><strong>an</strong></span> <span class='ocrx_word' id='word_1_310' title='bbox 1464 2651 1534 2708; x_wconf 88' lang='lat' dir='ltr'><strong>baec</strong></span> <span class='ocrx_word' id='word_1_311' title='bbox 1552 2653 1680 2724; x_wconf 86' lang='lat' dir='ltr'><strong>exceptio</strong></span> <span class='ocrx_word' id='word_1_312' title='bbox 1695 2652 1730 2706; x_wconf 83' lang='lat' dir='ltr'><strong>sit</strong></span> 
     </span>
    </p>

    <p class='ocr_par' dir='ltr' id='par_1_12' title="bbox 265 2741 1800 3257">
     <span class='ocr_line' id='line_1_25' title="bbox 265 2741 1728 2814; baseline -0.002 -16"><span class='ocrx_word' id='word_1_313' title='bbox 265 2742 475 2800; x_wconf 81' lang='lat' dir='ltr'><strong>snecessariai</strong></span> <span class='ocrx_word' id='word_1_314' title='bbox 506 2748 535 2798; x_wconf 89' lang='lat' dir='ltr'><strong>et</strong></span> <span class='ocrx_word' id='word_1_315' title='bbox 557 2747 625 2814; x_wconf 92' lang='lat' dir='ltr'><strong>puto</strong></span> <span class='ocrx_word' id='word_1_316' title='bbox 649 2742 709 2812; x_wconf 92' lang='lat' dir='ltr'><strong>ipso</strong></span> <span class='ocrx_word' id='word_1_317' title='bbox 732 2743 791 2798; x_wconf 87' lang='lat' dir='ltr'><strong>iure</strong></span> <span class='ocrx_word' id='word_1_318' title='bbox 812 2748 903 2798; x_wconf 92' lang='lat' dir='ltr'><strong>tutum</strong></span> <span class='ocrx_word' id='word_1_319' title='bbox 927 2757 988 2798; x_wconf 89' lang='lat' dir='ltr'><strong>esse</strong></span> <span class='ocrx_word' id='word_1_320' title='bbox 1015 2741 1141 2798; x_wconf 89' lang='lat' dir='ltr'><strong>libertum</strong></span> <span class='ocrx_word' id='word_1_321' title='bbox 1166 2741 1300 2796; x_wconf 89' lang='lat' dir='ltr'><strong>aduersus</strong></span> <span class='ocrx_word' id='word_1_322' title='bbox 1327 2741 1499 2798; x_wconf 84' lang='lat' dir='ltr'><strong>exactionem</strong></span> <span class='ocrx_word' id='word_1_323' title='bbox 1520 2742 1640 2812; x_wconf 89' lang='lat' dir='ltr'><strong>patroni.</strong></span> <span class='ocrx_word' id='word_1_324' title='bbox 1679 2741 1728 2796; x_wconf 83' lang='lat' dir='ltr'><strong>Ex-</strong></span> 
     </span>
     <span class='ocr_line' id='line_1_26' title="bbox 298 2827 1728 2902; baseline -0.003 -14"><span class='ocrx_word' id='word_1_325' title='bbox 298 2833 451 2902; x_wconf 89' lang='lat' dir='ltr'><strong>ceptionem</strong></span> <span class='ocrx_word' id='word_1_326' title='bbox 474 2831 630 2888; x_wconf 88' lang='lat' dir='ltr'><strong>onerandae</strong></span> <span class='ocrx_word' id='word_1_327' title='bbox 650 2831 784 2886; x_wconf 79' lang='lat' dir='ltr'><strong>libertatis</strong></span> <span class='ocrx_word' id='word_1_328' title='bbox 807 2847 904 2901; x_wconf 89' lang='lat' dir='ltr'><strong>eausa,</strong></span> <span class='ocrx_word' id='word_1_329' title='bbox 928 2832 1001 2888; x_wconf 89' lang='lat' dir='ltr'><strong>sieut</strong></span> <span class='ocrx_word' id='word_1_330' title='bbox 1024 2837 1053 2886; x_wconf 92' lang='lat' dir='ltr'><strong>et</strong></span> <span class='ocrx_word' id='word_1_331' title='bbox 1076 2837 1183 2886; x_wconf 88' lang='lat' dir='ltr'><strong>eeteras</strong></span> <span class='ocrx_word' id='word_1_332' title='bbox 1205 2827 1360 2886; x_wconf 82' lang='lat' dir='ltr'><strong>fideiussori</strong></span> <span class='ocrx_word' id='word_1_333' title='bbox 1383 2846 1439 2886; x_wconf 91' lang='lat' dir='ltr'><strong>nou</strong></span> <span class='ocrx_word' id='word_1_334' title='bbox 1457 2845 1521 2886; x_wconf 90' lang='lat' dir='ltr'><strong>esse</strong></span> <span class='ocrx_word' id='word_1_335' title='bbox 1537 2829 1728 2900; x_wconf 72' lang='lat' dir='ltr'><strong>tlenegnndas¹</strong></span> 
     </span>
     <span class='ocr_line' id='line_1_27' title="bbox 298 2917 1800 2990; baseline -0.003 -14"><span class='ocrx_word' id='word_1_336' title='bbox 298 2920 439 2976; x_wconf 87' lang='lat' dir='ltr'><strong>selendum</strong></span> <span class='ocrx_word' id='word_1_337' title='bbox 458 2925 509 2990; x_wconf 88' lang='lat' dir='ltr'><strong>est,</strong></span> <span class='ocrx_word' id='word_1_338' title='bbox 527 2935 579 2976; x_wconf 92' lang='lat' dir='ltr'><strong>nec</strong></span> <span class='ocrx_word' id='word_1_339' title='bbox 596 2920 622 2975; x_wconf 92' lang='lat' dir='ltr'><strong>ei</strong></span> <span class='ocrx_word' id='word_1_340' title='bbox 640 2920 765 2989; x_wconf 88' lang='lat' dir='ltr'><strong>quidem,</strong></span> <span class='ocrx_word' id='word_1_341' title='bbox 784 2921 832 2990; x_wconf 88' lang='lat' dir='ltr'><strong>qni</strong></span> <span class='ocrx_word' id='word_1_342' title='bbox 849 2925 948 2989; x_wconf 78' lang='lat' dir='ltr'><strong>rogatu</strong></span> <span class='ocrx_word' id='word_1_343' title='bbox 966 2919 1056 2975; x_wconf 89' lang='lat' dir='ltr'><strong>liberti</strong></span> <span class='ocrx_word' id='word_1_344' title='bbox 1075 2935 1138 2974; x_wconf 88' lang='lat' dir='ltr'><strong>reue</strong></span> <span class='ocrx_word' id='word_1_345' title='bbox 1156 2917 1247 2975; x_wconf 84' lang='lat' dir='ltr'><strong>faetus</strong></span> <span class='ocrx_word' id='word_1_346' title='bbox 1266 2923 1321 2974; x_wconf 88' lang='lat' dir='ltr'><strong>est:</strong></span> <span class='ocrx_word' id='word_1_347' title='bbox 1340 2917 1391 2974; x_wconf 90' lang='lat' dir='ltr'><strong>sed</strong></span> <span class='ocrx_word' id='word_1_348' title='bbox 1408 2921 1454 2974; x_wconf 74' lang='lat' dir='ltr'><strong>et⁴</strong></span> <span class='ocrx_word' id='word_1_349' title='bbox 1472 2919 1527 2988; x_wconf 90' lang='lat' dir='ltr'><strong>ipsi</strong></span> <span class='ocrx_word' id='word_1_350' title='bbox 1543 2917 1656 2988; x_wconf 89' lang='lat' dir='ltr'><strong>liberto,</strong></span> <span class='ocrx_word' id='word_1_351' title='bbox 1674 2919 1729 2973; x_wconf 89' lang='lat' dir='ltr'><strong>sine</strong></span> <span class='ocrx_word' id='word_1_352' title='bbox 1780 2923 1800 2954; x_wconf 78' lang='lat'><strong>⁴·</strong></span> 
     </span>
     <span class='ocr_line' id='line_1_28' title="bbox 297 3006 1800 3081; baseline -0.002 -16"><span class='ocrx_word' id='word_1_353' title='bbox 297 3015 459 3081; x_wconf 88' lang='lat' dir='ltr'><strong>proenrator</strong></span> <span class='ocrx_word' id='word_1_354' title='bbox 476 3009 512 3064; x_wconf 92' lang='lat' dir='ltr'><strong>ad</strong></span> <span class='ocrx_word' id='word_1_355' title='bbox 530 3007 732 3064; x_wconf 80' lang='lat' dir='ltr'><strong>defendendum</strong></span> <span class='ocrx_word' id='word_1_356' title='bbox 751 3024 770 3064; x_wconf 90' lang='lat' dir='ltr'><strong>a</strong></span> <span class='ocrx_word' id='word_1_357' title='bbox 787 3024 834 3064; x_wconf 89' lang='lat' dir='ltr'><strong>reo</strong></span> <span class='ocrx_word' id='word_1_358' title='bbox 852 3008 934 3064; x_wconf 86' lang='lat' dir='ltr'><strong>datus</strong></span> <span class='ocrx_word' id='word_1_359' title='bbox 952 3006 1035 3064; x_wconf 85' lang='lat' dir='ltr'><strong>inerit</strong></span> <span class='ocrx_word' id='word_1_360' title='bbox 1057 3009 1118 3063; x_wconf 88' lang='lat' dir='ltr'><strong>siue</strong></span> <span class='ocrx_word' id='word_1_361' title='bbox 1141 3007 1221 3063; x_wconf 87' lang='lat' dir='ltr'><strong>heres</strong></span> <span class='ocrx_word' id='word_1_362' title='bbox 1245 3009 1271 3062; x_wconf 90' lang='lat' dir='ltr'><strong>ei</strong></span> <span class='ocrx_word' id='word_1_363' title='bbox 1289 3007 1433 3064; x_wconf 84' lang='lat' dir='ltr'><strong>exstiterit</strong></span> <span class='ocrx_word' id='word_1_364' title='bbox 1461 3021 1525 3062; x_wconf 91' lang='lat' dir='ltr'><strong>eum</strong></span> <span class='ocrx_word' id='word_1_365' title='bbox 1544 3007 1618 3062; x_wconf 90' lang='lat' dir='ltr'><strong>enim</strong></span> <span class='ocrx_word' id='word_1_366' title='bbox 1637 3021 1729 3077; x_wconf 82' lang='lat' dir='ltr'><strong>propo</strong></span> <span class='ocrx_word' id='word_1_367' title='bbox 1781 3020 1800 3032; x_wconf 73' lang='lat'>‘</span> 
     </span>
     <span class='ocr_line' id='line_1_29' title="bbox 298 3095 1728 3167; baseline -0.003 -13"><span class='ocrx_word' id='word_1_368' title='bbox 298 3098 381 3154; x_wconf 89' lang='lat' dir='ltr'><strong>sitnm</strong></span> <span class='ocrx_word' id='word_1_369' title='bbox 399 3099 436 3154; x_wconf 89' lang='lat' dir='ltr'><strong>sit</strong></span> <span class='ocrx_word' id='word_1_370' title='bbox 452 3099 573 3167; x_wconf 85' lang='lat' dir='ltr'><strong>praetori</strong></span> <span class='ocrx_word' id='word_1_371' title='bbox 591 3099 618 3154; x_wconf 91' lang='lat' dir='ltr'><strong>in</strong></span> <span class='ocrx_word' id='word_1_372' title='bbox 637 3095 793 3154; x_wconf 90' lang='lat' dir='ltr'><strong>huiuamodi</strong></span> <span class='ocrx_word' id='word_1_373' title='bbox 812 3095 1025 3167; x_wconf 82' lang='lat' dir='ltr'><strong>obligationibus</strong></span> <span class='ocrx_word' id='word_1_374' title='bbox 1043 3112 1090 3152; x_wconf 89' lang='lat' dir='ltr'><strong>rso</strong></span> <span class='ocrx_word' id='word_1_375' title='bbox 1108 3111 1279 3166; x_wconf 89' lang='lat' dir='ltr'><strong>succurrere,</strong></span> <span class='ocrx_word' id='word_1_376' title='bbox 1299 3111 1354 3152; x_wconf 93' lang='lat' dir='ltr'><strong>non</strong></span> <span class='ocrx_word' id='word_1_377' title='bbox 1371 3099 1545 3150; x_wconf 88' lang='lat' dir='ltr'><strong>seruaturum</strong></span> <span class='ocrx_word' id='word_1_378' title='bbox 1564 3097 1728 3167; x_wconf 87' lang='lat' dir='ltr'><strong>propesitum</strong></span> 
     </span>
     <span class='ocr_line' id='line_1_30' title="bbox 298 3181 1800 3257; baseline -0.002 -15"><span class='ocrx_word' id='word_1_379' title='bbox 298 3203 388 3257; x_wconf 86' lang='lat' dir='ltr'><strong>suum,</strong></span> <span class='ocrx_word' id='word_1_380' title='bbox 406 3187 459 3242; x_wconf 91' lang='lat' dir='ltr'><strong>nisi</strong></span> <span class='ocrx_word' id='word_1_381' title='bbox 476 3185 665 3242; x_wconf 86' lang='lat' dir='ltr'><strong>fideiussorem</strong></span> <span class='ocrx_word' id='word_1_382' title='bbox 683 3201 793 3256; x_wconf 85' lang='lat' dir='ltr'><strong>queque</strong></span> <span class='ocrx_word' id='word_1_383' title='bbox 811 3189 840 3240; x_wconf 90' lang='lat' dir='ltr'><strong>et</strong></span> <span class='ocrx_word' id='word_1_384' title='bbox 857 3201 929 3256; x_wconf 88' lang='lat' dir='ltr'><strong>eum,</strong></span> <span class='ocrx_word' id='word_1_385' title='bbox 947 3186 994 3255; x_wconf 86' lang='lat' dir='ltr'><strong>qui</strong></span> <span class='ocrx_word' id='word_1_386' title='bbox 1013 3191 1111 3256; x_wconf 82' lang='lat' dir='ltr'><strong>rogatu</strong></span> <span class='ocrx_word' id='word_1_387' title='bbox 1129 3185 1220 3240; x_wconf 90' lang='lat' dir='ltr'><strong>liberti</strong></span> <span class='ocrx_word' id='word_1_388' title='bbox 1237 3199 1300 3242; x_wconf 89' lang='lat' dir='ltr'><strong>reus</strong></span> <span class='ocrx_word' id='word_1_389' title='bbox 1318 3182 1408 3239; x_wconf 85' lang='lat' dir='ltr'><strong>iaetus</strong></span> <span class='ocrx_word' id='word_1_390' title='bbox 1423 3181 1516 3254; x_wconf 86' lang='lat' dir='ltr'><strong>inerit,</strong></span> <span class='ocrx_word' id='word_1_391' title='bbox 1534 3184 1670 3242; x_wconf 88' lang='lat' dir='ltr'><strong>aduersus</strong></span> <span class='ocrx_word' id='word_1_392' title='bbox 1685 3199 1729 3254; x_wconf 85' lang='lat' dir='ltr'><strong>pa·</strong></span> <span class='ocrx_word' id='word_1_393' title='bbox 1788 3197 1800 3208; x_wconf 84' lang='lat'><em>·</em></span> 
     </span>
    </p>
   </div>
   <div class='ocr_carea' id='block_1_4' title="bbox 168 3269 1800 3345">
    <p class='ocr_par' dir='ltr' id='par_1_13' title="bbox 168 3269 1800 3345">
     <span class='ocr_line' id='line_1_31' title="bbox 168 3269 1800 3345; baseline -0.002 -14"><span class='ocrx_word' id='word_1_394' title='bbox 168 3269 182 3292; x_wconf 78' lang='lat'><em>&#39;</em></span> <span class='ocrx_word' id='word_1_395' title='bbox 298 3280 407 3331; x_wconf 89' lang='lat' dir='ltr'><strong>tronum</strong></span> <span class='ocrx_word' id='word_1_396' title='bbox 432 3273 599 3330; x_wconf 85' lang='lat' dir='ltr'><strong>defenderit:</strong></span> <span class='ocrx_word' id='word_1_397' title='bbox 627 3275 727 3330; x_wconf 91' lang='lat' dir='ltr'><strong>etenim</strong></span> <span class='ocrx_word' id='word_1_398' title='bbox 751 3274 829 3344; x_wconf 86' lang='lat' dir='ltr'><strong>parui</strong></span> <span class='ocrx_word' id='word_1_399' title='bbox 852 3272 949 3345; x_wconf 88' lang='lat' dir='ltr'><strong>reiert,</strong></span> <span class='ocrx_word' id='word_1_400' title='bbox 972 3275 1098 3344; x_wconf 88' lang='lat' dir='ltr'><strong>protinus</strong></span> <span class='ocrx_word' id='word_1_401' title='bbox 1120 3272 1234 3330; x_wconf 87' lang='lat' dir='ltr'><strong>libertus</strong></span> <span class='ocrx_word' id='word_1_402' title='bbox 1258 3279 1373 3343; x_wconf 90' lang='lat' dir='ltr'><strong>patrono</strong></span> <span class='ocrx_word' id='word_1_403' title='bbox 1397 3279 1515 3342; x_wconf 79' lang='lat' dir='ltr'><strong>eogatnr</strong></span> <span class='ocrx_word' id='word_1_404' title='bbox 1537 3272 1606 3329; x_wconf 82' lang='lat' dir='ltr'><strong>dare</strong></span> <span class='ocrx_word' id='word_1_405' title='bbox 1629 3290 1664 3329; x_wconf 90' lang='lat' dir='ltr'><strong>an</strong></span> <span class='ocrx_word' id='word_1_406' title='bbox 1685 3287 1731 3344; x_wconf 89' lang='lat' dir='ltr'><strong>per</strong></span> <span class='ocrx_word' id='word_1_407' title='bbox 1778 3271 1800 3288; x_wconf 71' lang='lat'><em>⁶</em></span> 
     </span>
    </p>
   </div>
   <div class='ocr_carea' id='block_1_5' title="bbox 251 3361 1800 3966">
    <p class='ocr_par' dir='ltr' id='par_1_14' title="bbox 266 3361 1800 3522">
     <span class='ocr_line' id='line_1_32' title="bbox 266 3361 1800 3434; baseline 0 -18"><span class='ocrx_word' id='word_1_408' title='bbox 266 3363 487 3434; x_wconf 77' lang='lat' dir='ltr'><strong>sinterpositam</strong></span> <span class='ocrx_word' id='word_1_409' title='bbox 506 3361 674 3419; x_wconf 85' lang='lat' dir='ltr'><strong>fideiussoris</strong></span> <span class='ocrx_word' id='word_1_410' title='bbox 692 3363 736 3418; x_wconf 90' lang='lat' dir='ltr'><strong>nel</strong></span> <span class='ocrx_word' id='word_1_411' title='bbox 755 3363 795 3418; x_wconf 88' lang='lat' dir='ltr'><strong>rei</strong></span> <span class='ocrx_word' id='word_1_412' title='bbox 812 3377 967 3432; x_wconf 88' lang='lat' dir='ltr'><strong>personam.</strong></span> <span class='ocrx_word' id='word_1_413' title='bbox 1004 3361 1069 3418; x_wconf 87' lang='lat' dir='ltr'><strong>Siue</strong></span> <span class='ocrx_word' id='word_1_414' title='bbox 1094 3366 1186 3418; x_wconf 87' lang='lat' dir='ltr'><strong>autem</strong></span> <span class='ocrx_word' id='word_1_415' title='bbox 1210 3362 1263 3432; x_wconf 93' lang='lat' dir='ltr'><strong>ipsi</strong></span> <span class='ocrx_word' id='word_1_416' title='bbox 1285 3366 1402 3431; x_wconf 85' lang='lat' dir='ltr'><strong>patrono</strong></span> <span class='ocrx_word' id='word_1_417' title='bbox 1426 3362 1463 3417; x_wconf 89' lang='lat' dir='ltr'><strong>sit</strong></span> <span class='ocrx_word' id='word_1_418' title='bbox 1485 3363 1653 3432; x_wconf 88' lang='lat' dir='ltr'><strong>promissum</strong></span> <span class='ocrx_word' id='word_1_419' title='bbox 1675 3363 1730 3418; x_wconf 88' lang='lat' dir='ltr'><strong>siue</strong></span> <span class='ocrx_word' id='word_1_420' title='bbox 1797 3367 1800 3378; x_wconf 75' lang='lat'><strong><em>⁴</em></strong></span> 
     </span>
     <span class='ocr_line' id='line_1_33' title="bbox 300 3447 1731 3522; baseline -0.003 -14"><span class='ocrx_word' id='word_1_421' title='bbox 300 3453 345 3508; x_wconf 89' lang='lat' dir='ltr'><strong>alii</strong></span> <span class='ocrx_word' id='word_1_422' title='bbox 363 3453 506 3508; x_wconf 86' lang='lat' dir='ltr'><strong>uoluntate</strong></span> <span class='ocrx_word' id='word_1_423' title='bbox 527 3453 650 3522; x_wconf 89' lang='lat' dir='ltr'><strong>patroni,</strong></span> <span class='ocrx_word' id='word_1_424' title='bbox 674 3451 830 3507; x_wconf 86' lang='lat' dir='ltr'><strong>onerandae</strong></span> <span class='ocrx_word' id='word_1_425' title='bbox 851 3449 987 3506; x_wconf 88' lang='lat' dir='ltr'><strong>libertatis</strong></span> <span class='ocrx_word' id='word_1_426' title='bbox 1011 3465 1095 3506; x_wconf 87' lang='lat' dir='ltr'><strong>causa</strong></span> <span class='ocrx_word' id='word_1_427' title='bbox 1119 3450 1229 3506; x_wconf 89' lang='lat' dir='ltr'><strong>uidetur</strong></span> <span class='ocrx_word' id='word_1_428' title='bbox 1251 3447 1355 3506; x_wconf 84' lang='lat' dir='ltr'><strong>fantum</strong></span> <span class='ocrx_word' id='word_1_429' title='bbox 1378 3449 1492 3505; x_wconf 86' lang='lat' dir='ltr'><strong>ntideo</strong></span> <span class='ocrx_word' id='word_1_430' title='bbox 1516 3450 1731 3522; x_wconf 83' lang='lat' dir='ltr'><strong>baec&#39;excsptin</strong></span> 
     </span>
    </p>

    <p class='ocr_par' dir='ltr' id='par_1_15' title="bbox 251 3537 1733 3878">
     <span class='ocr_line' id='line_1_34' title="bbox 251 3537 1731 3610; baseline 0.001 -15"><span class='ocrx_word' id='word_1_431' title='bbox 251 3549 281 3595; x_wconf 92' lang='lat'><strong>10</strong></span> <span class='ocrx_word' id='word_1_432' title='bbox 299 3541 388 3596; x_wconf 89' lang='lat' dir='ltr'><strong>loeum</strong></span> <span class='ocrx_word' id='word_1_433' title='bbox 407 3539 528 3596; x_wconf 88' lang='lat' dir='ltr'><strong>babebit.</strong></span> <span class='ocrx_word' id='word_1_434' title='bbox 564 3541 643 3607; x_wconf 85' lang='lat' dir='ltr'><strong>Quod</strong></span> <span class='ocrx_word' id='word_1_435' title='bbox 661 3541 685 3598; x_wconf 92' lang='lat' dir='ltr'><strong>si</strong></span> <span class='ocrx_word' id='word_1_436' title='bbox 703 3545 836 3610; x_wconf 89' lang='lat' dir='ltr'><strong>patronus</strong></span> <span class='ocrx_word' id='word_1_437' title='bbox 854 3538 981 3595; x_wconf 90' lang='lat' dir='ltr'><strong>libertum</strong></span> <span class='ocrx_word' id='word_1_438' title='bbox 1000 3555 1081 3594; x_wconf 90' lang='lat' dir='ltr'><strong>suum</strong></span> <span class='ocrx_word' id='word_1_439' title='bbox 1100 3537 1271 3609; x_wconf 81' lang='lat' dir='ltr'><strong>delegauerit</strong></span> <span class='ocrx_word' id='word_1_440' title='bbox 1288 3539 1424 3608; x_wconf 87' lang='lat' dir='ltr'><strong>creditori,</strong></span> <span class='ocrx_word' id='word_1_441' title='bbox 1443 3554 1478 3594; x_wconf 85' lang='lat' dir='ltr'><strong>an</strong></span> <span class='ocrx_word' id='word_1_442' title='bbox 1497 3539 1634 3604; x_wconf 79' lang='lat' dir='ltr'><strong>aduersm</strong></span> <span class='ocrx_word' id='word_1_443' title='bbox 1651 3538 1731 3596; x_wconf 86' lang='lat' dir='ltr'><strong>credi·</strong></span> 
     </span>
     <span class='ocr_line' id='line_1_35' title="bbox 299 3627 1731 3700; baseline -0.003 -14"><span class='ocrx_word' id='word_1_444' title='bbox 299 3635 396 3700; x_wconf 85' lang='lat' dir='ltr'><strong>torem,</strong></span> <span class='ocrx_word' id='word_1_445' title='bbox 414 3629 459 3684; x_wconf 90' lang='lat' dir='ltr'><strong>cui</strong></span> <span class='ocrx_word' id='word_1_446' title='bbox 476 3629 620 3698; x_wconf 78' lang='lat' dir='ltr'><strong>delegatus</strong></span> <span class='ocrx_word' id='word_1_447' title='bbox 637 3629 763 3698; x_wconf 89' lang='lat' dir='ltr'><strong>promisit</strong></span> <span class='ocrx_word' id='word_1_448' title='bbox 779 3627 914 3684; x_wconf 86' lang='lat' dir='ltr'><strong>libertatis</strong></span> <span class='ocrx_word' id='word_1_449' title='bbox 932 3643 1017 3683; x_wconf 84' lang='lat' dir='ltr'><strong>cause</strong></span> <span class='ocrx_word' id='word_1_450' title='bbox 1034 3627 1198 3698; x_wconf 87' lang='lat' dir='ltr'><strong>onerandae,</strong></span> <span class='ocrx_word' id='word_1_451' title='bbox 1217 3628 1379 3698; x_wconf 83' lang='lat' dir='ltr'><strong>exceptione</strong></span> <span class='ocrx_word' id='word_1_452' title='bbox 1396 3628 1451 3682; x_wconf 88' lang='lat' dir='ltr'><strong>ieta</strong></span> <span class='ocrx_word' id='word_1_453' title='bbox 1467 3628 1509 3682; x_wconf 87' lang='lat' dir='ltr'><strong>uti</strong></span> <span class='ocrx_word' id='word_1_454' title='bbox 1527 3629 1626 3700; x_wconf 83' lang='lat' dir='ltr'><strong>pessit,</strong></span> <span class='ocrx_word' id='word_1_455' title='bbox 1644 3628 1731 3684; x_wconf 87' lang='lat' dir='ltr'><strong>uidea-</strong></span> 
     </span>
     <span class='ocr_line' id='line_1_36' title="bbox 299 3715 1732 3786; baseline -0.001 -14"><span class='ocrx_word' id='word_1_456' title='bbox 299 3733 369 3773; x_wconf 89' lang='lat' dir='ltr'><strong>mus.</strong></span> <span class='ocrx_word' id='word_1_457' title='bbox 397 3723 426 3772; x_wconf 88' lang='lat' dir='ltr'><strong>et</strong></span> <span class='ocrx_word' id='word_1_458' title='bbox 437 3716 549 3774; x_wconf 77' lang='lat' dir='ltr'><strong>Cassius</strong></span> <span class='ocrx_word' id='word_1_459' title='bbox 567 3718 739 3773; x_wconf 86' lang='lat' dir='ltr'><strong>existimasse</strong></span> <span class='ocrx_word' id='word_1_460' title='bbox 752 3717 893 3772; x_wconf 72' lang='lat' dir='ltr'><strong>Urseiumi</strong></span> <span class='ocrx_word' id='word_1_461' title='bbox 907 3715 991 3772; x_wconf 86' lang='lat' dir='ltr'><strong>refert</strong></span> <span class='ocrx_word' id='word_1_462' title='bbox 1002 3716 1165 3772; x_wconf 87' lang='lat' dir='ltr'><strong>creditorem</strong></span> <span class='ocrx_word' id='word_1_463' title='bbox 1178 3716 1288 3786; x_wconf 89' lang='lat' dir='ltr'><strong>quidem</strong></span> <span class='ocrx_word' id='word_1_464' title='bbox 1306 3716 1418 3771; x_wconf 90' lang='lat' dir='ltr'><strong>minime</strong></span> <span class='ocrx_word' id='word_1_465' title='bbox 1435 3731 1498 3771; x_wconf 88' lang='lat' dir='ltr'><strong>esse</strong></span> <span class='ocrx_word' id='word_1_466' title='bbox 1516 3715 1732 3773; x_wconf 85' lang='lat' dir='ltr'><strong>submonendum</strong></span> 
     </span>
     <span class='ocr_line' id='line_1_37' title="bbox 300 3804 1733 3878; baseline -0.001 -17"><span class='ocrx_word' id='word_1_467' title='bbox 300 3806 474 3876; x_wconf 87' lang='lat' dir='ltr'><strong>exceptione,</strong></span> <span class='ocrx_word' id='word_1_468' title='bbox 502 3806 567 3877; x_wconf 84' lang='lat' dir='ltr'><strong>quia</strong></span> <span class='ocrx_word' id='word_1_469' title='bbox 590 3823 670 3862; x_wconf 90' lang='lat' dir='ltr'><strong>suum</strong></span> <span class='ocrx_word' id='word_1_470' title='bbox 694 3807 810 3877; x_wconf 88' lang='lat' dir='ltr'><strong>recepit:</strong></span> <span class='ocrx_word' id='word_1_471' title='bbox 838 3811 1028 3862; x_wconf 87' lang='lat' dir='ltr'><strong>uerumtamen</strong></span> <span class='ocrx_word' id='word_1_472' title='bbox 1049 3804 1177 3860; x_wconf 89' lang='lat' dir='ltr'><strong>libertum</strong></span> <span class='ocrx_word' id='word_1_473' title='bbox 1201 3809 1317 3873; x_wconf 87' lang='lat' dir='ltr'><strong>patrone</strong></span> <span class='ocrx_word' id='word_1_474' title='bbox 1339 3819 1423 3874; x_wconf 88' lang='lat' dir='ltr'><strong>posse</strong></span> <span class='ocrx_word' id='word_1_475' title='bbox 1446 3804 1608 3878; x_wconf 88' lang='lat' dir='ltr'><strong>condicere,</strong></span> <span class='ocrx_word' id='word_1_476' title='bbox 1635 3807 1659 3862; x_wconf 91' lang='lat' dir='ltr'><strong>si</strong></span> <span class='ocrx_word' id='word_1_477' title='bbox 1684 3819 1733 3860; x_wconf 92' lang='lat' dir='ltr'><strong>non</strong></span> 
     </span>
    </p>

    <p class='ocr_par' dir='ltr' id='par_1_16' title="bbox 252 3892 1733 3966">
     <span class='ocr_line' id='line_1_38' title="bbox 252 3892 1733 3966; baseline -0.001 -17"><span class='ocrx_word' id='word_1_478' title='bbox 252 3903 280 3948; x_wconf 91' lang='lat'><strong>11</strong></span> <span class='ocrx_word' id='word_1_479' title='bbox 299 3895 493 3964; x_wconf 71' lang='lat' dir='ltr'><strong>morigennae</strong></span> <span class='ocrx_word' id='word_1_480' title='bbox 512 3896 716 3951; x_wconf 88' lang='lat' dir='ltr'><strong>controuersiae</strong></span> <span class='ocrx_word' id='word_1_481' title='bbox 733 3897 824 3966; x_wconf 77' lang='lat' dir='ltr'><strong>gratie</strong></span> <span class='ocrx_word' id='word_1_482' title='bbox 841 3895 869 3950; x_wconf 87' lang='lat' dir='ltr'><strong>id</strong></span> <span class='ocrx_word' id='word_1_483' title='bbox 888 3893 961 3951; x_wconf 85' lang='lat' dir='ltr'><strong>lecit.</strong></span> <span class='ocrx_word' id='word_1_484' title='bbox 997 3895 1067 3949; x_wconf 90' lang='lat' dir='ltr'><strong>Item</strong></span> <span class='ocrx_word' id='word_1_485' title='bbox 1086 3893 1110 3948; x_wconf 87' lang='lat' dir='ltr'><strong>si</strong></span> <span class='ocrx_word' id='word_1_486' title='bbox 1128 3892 1242 3948; x_wconf 88' lang='lat' dir='ltr'><strong>libertus</strong></span> <span class='ocrx_word' id='word_1_487' title='bbox 1260 3892 1412 3949; x_wconf 89' lang='lat' dir='ltr'><strong>debitorem</strong></span> <span class='ocrx_word' id='word_1_488' title='bbox 1430 3909 1512 3950; x_wconf 89' lang='lat' dir='ltr'><strong>sunm</strong></span> <span class='ocrx_word' id='word_1_489' title='bbox 1530 3901 1648 3964; x_wconf 88' lang='lat' dir='ltr'><strong>patrono</strong></span> <span class='ocrx_word' id='word_1_490' title='bbox 1667 3894 1733 3950; x_wconf 76' lang='lat' dir='ltr'><strong>dele</strong></span> 
     </span>
    </p>
   </div>
   <div class='ocr_carea' id='block_1_6' title="bbox 300 3992 493 4062">
    <p class='ocr_par' dir='ltr' id='par_1_17' title="bbox 300 3992 493 4062">
     <span class='ocr_line' id='line_1_39' title="bbox 300 3992 493 4062; baseline 0.016 -17"><span class='ocrx_word' id='word_1_491' title='bbox 300 3992 493 4062; x_wconf 60' lang='lat' dir='ltr'><strong>sannen)</strong></span> 
     </span>
    </p>
   </div>
   <div class='ocr_carea' id='block_1_7' title="bbox 300 4132 1734 4350">
    <p class='ocr_par' dir='ltr' id='par_1_18' title="bbox 300 4132 1734 4350">
     <span class='ocr_line' id='line_1_40' title="bbox 301 4132 1734 4208; baseline 0.001 -20"><span class='ocrx_word' id='word_1_492' title='bbox 301 4135 311 4168; x_wconf 86' lang='lat'>¹</span> <span class='ocrx_word' id='word_1_493' title='bbox 329 4134 382 4188; x_wconf 90' lang='lat' dir='ltr'><strong>nisi</strong></span> <span class='ocrx_word' id='word_1_494' title='bbox 399 4139 490 4190; x_wconf 89' lang='lat' dir='ltr'><strong>tutore</strong></span> <span class='ocrx_word' id='word_1_495' title='bbox 508 4139 620 4190; x_wconf 89' lang='lat' dir='ltr'><strong>auctore</strong></span> <span class='ocrx_word' id='word_1_496' title='bbox 637 4135 665 4190; x_wconf 91' lang='lat' dir='ltr'><strong>in</strong></span> <span class='ocrx_word' id='word_1_497' title='bbox 683 4134 784 4189; x_wconf 90' lang='lat' dir='ltr'><strong>iudicio</strong></span> <span class='ocrx_word' id='word_1_498' title='bbox 802 4133 903 4190; x_wconf 86' lang='lat' dir='ltr'><strong>delatio</strong></span> <span class='ocrx_word' id='word_1_499' title='bbox 921 4132 995 4188; x_wconf 87' lang='lat' dir='ltr'><strong>iacta</strong></span> <span class='ocrx_word' id='word_1_500' title='bbox 1013 4133 1049 4187; x_wconf 89' lang='lat' dir='ltr'><strong>sit</strong></span> <span class='ocrx_word' id='word_1_501' title='bbox 1061 4133 1108 4188; x_wconf 79' lang='lat' dir='ltr'><strong>det</strong></span> <span class='ocrx_word' id='word_1_502' title='bbox 1120 4134 1162 4198; x_wconf 88' lang='lat' dir='ltr'><strong>(P.</strong></span> <span class='ocrx_word' id='word_1_503' title='bbox 1175 4133 1264 4198; x_wconf 81' lang='lat' dir='ltr'><strong>Faber)</strong></span> <span class='ocrx_word' id='word_1_504' title='bbox 1318 4133 1330 4168; x_wconf 72' lang='lat'><strong>⁹</strong></span> <span class='ocrx_word' id='word_1_505' title='bbox 1348 4148 1379 4190; x_wconf 92' lang='lat' dir='ltr'><strong>se</strong></span> <span class='ocrx_word' id='word_1_506' title='bbox 1397 4133 1535 4188; x_wconf 82' lang='lat' dir='ltr'><strong>uinciret?</strong></span> <span class='ocrx_word' id='word_1_507' title='bbox 1554 4144 1644 4208; x_wconf 80' lang='lat' dir='ltr'><strong>ceptro</strong></span> <span class='ocrx_word' id='word_1_508' title='bbox 1656 4142 1734 4190; x_wconf 70' lang='lat' dir='ltr'><strong>natm</strong></span> 
     </span>
     <span class='ocr_line' id='line_1_41' title="bbox 300 4204 1734 4274; baseline 0.003 -17"><span class='ocrx_word' id='word_1_509' title='bbox 300 4214 338 4259; x_wconf 81' lang='lat' dir='ltr'><strong>ric</strong></span> <span class='ocrx_word' id='word_1_510' title='bbox 349 4205 455 4260; x_wconf 74' lang='lat' dir='ltr'><strong>ordino:</strong></span> <span class='ocrx_word' id='word_1_511' title='bbox 473 4207 499 4258; x_wconf 86' lang='lat'><strong>5.</strong></span> <span class='ocrx_word' id='word_1_512' title='bbox 511 4205 536 4260; x_wconf 86' lang='lat'><strong>6.</strong></span> <span class='ocrx_word' id='word_1_513' title='bbox 549 4207 603 4260; x_wconf 67' lang='lat'><strong>47</strong></span> <span class='ocrx_word' id='word_1_514' title='bbox 666 4205 885 4274; x_wconf 72' lang='lat' dir='ltr'><strong>⁸denegandam</strong></span> <span class='ocrx_word' id='word_1_515' title='bbox 905 4205 1006 4270; x_wconf 80' lang='lat' dir='ltr'><strong>(Hal.)?</strong></span> <span class='ocrx_word' id='word_1_516' title='bbox 1068 4204 1135 4273; x_wconf 79' lang='lat' dir='ltr'><strong>‘etl</strong></span> <span class='ocrx_word' id='word_1_517' title='bbox 1155 4218 1205 4260; x_wconf 78' lang='lat' dir='ltr'><strong>nee</strong></span> <span class='ocrx_word' id='word_1_518' title='bbox 1223 4204 1327 4271; x_wconf 64' lang='lat' dir='ltr'><strong>(Herbi</strong></span> <span class='ocrx_word' id='word_1_519' title='bbox 1388 4205 1546 4261; x_wconf 70' lang='lat' dir='ltr'><strong>⁵(lisseium</strong></span> <span class='ocrx_word' id='word_1_520' title='bbox 1565 4208 1734 4262; x_wconf 84' lang='lat' dir='ltr'><strong>existimasse</strong></span> 
     </span>
     <span class='ocr_line' id='line_1_42' title="bbox 302 4274 1063 4350; baseline 0 -21"><span class='ocrx_word' id='word_1_521' title='bbox 302 4274 414 4330; x_wconf 88' lang='lat' dir='ltr'><strong>Urseius</strong></span> <span class='ocrx_word' id='word_1_522' title='bbox 433 4276 598 4340; x_wconf 72' lang='lat' dir='ltr'><strong>(Boeetetem</strong></span> <span class='ocrx_word' id='word_1_523' title='bbox 618 4280 650 4350; x_wconf 77' lang='lat' dir='ltr'><strong>ef.</strong></span> <span class='ocrx_word' id='word_1_524' title='bbox 665 4277 701 4332; x_wconf 90' lang='lat' dir='ltr'><strong>D.</strong></span> <span class='ocrx_word' id='word_1_525' title='bbox 713 4278 739 4342; x_wconf 88' lang='lat'><strong>7,</strong></span> <span class='ocrx_word' id='word_1_526' title='bbox 751 4278 776 4341; x_wconf 86' lang='grc'><strong>4,</strong></span> <span class='ocrx_word' id='word_1_527' title='bbox 790 4279 832 4341; x_wconf 83' lang='grc'><strong>10,</strong></span> <span class='ocrx_word' id='word_1_528' title='bbox 843 4279 869 4330; x_wconf 88' lang='grc'><strong>5.</strong></span> <span class='ocrx_word' id='word_1_529' title='bbox 887 4277 930 4342; x_wconf 80' lang='grc'><strong>24,</strong></span> <span class='ocrx_word' id='word_1_530' title='bbox 942 4277 968 4341; x_wconf 84' lang='grc'><strong>3,</strong></span> <span class='ocrx_word' id='word_1_531' title='bbox 980 4277 1047 4342; x_wconf 74' lang='lat' dir='ltr'><strong>eet?</strong></span> <span class='ocrx_word' id='word_1_532' title='bbox 1062 4317 1063 4320; x_wconf 63' lang='lat'><strong>,</strong></span> 
     </span>
    </p>
   </div>
   <div class='ocr_carea' id='block_1_8' title="bbox 300 4407 1748 5115">
    <p class='ocr_par' dir='ltr' id='par_1_19' title="bbox 300 4407 1748 5115">
     <span class='ocr_line' id='line_1_43' title="bbox 301 4407 1736 4478; baseline 0.003 -16"><span class='ocrx_word' id='word_1_533' title='bbox 301 4407 373 4462; x_wconf 80' lang='lat' dir='ltr'><strong>2od</strong></span> <span class='ocrx_word' id='word_1_534' title='bbox 388 4407 572 4462; x_wconf 80' lang='lat' dir='ltr'><strong>retr.odd.et</strong></span> <span class='ocrx_word' id='word_1_535' title='bbox 589 4407 624 4462; x_wconf 92' lang='lat' dir='ltr'><strong>de</strong></span> <span class='ocrx_word' id='word_1_536' title='bbox 637 4408 797 4478; x_wconf 88' lang='lat' dir='ltr'><strong>exceptione</strong></span> <span class='ocrx_word' id='word_1_537' title='bbox 815 4407 990 4464; x_wconf 88' lang='lat' dir='ltr'><strong>iurisiurandi</strong></span> <span class='ocrx_word' id='word_1_538' title='bbox 1043 4409 1203 4463; x_wconf 74' lang='lat' dir='ltr'><strong>tanetum</strong></span> <span class='ocrx_word' id='word_1_539' title='bbox 1216 4407 1253 4461; x_wconf 79' lang='lat' dir='ltr'><strong>F’</strong></span> <span class='ocrx_word' id='word_1_540' title='bbox 1293 4407 1429 4478; x_wconf 85' lang='lat' dir='ltr'><strong>ipetitorl</strong></span> <span class='ocrx_word' id='word_1_541' title='bbox 1442 4409 1548 4478; x_wconf 85' lang='lat' dir='ltr'><strong>petitae</strong></span> <span class='ocrx_word' id='word_1_542' title='bbox 1561 4411 1599 4462; x_wconf 79' lang='lat' dir='ltr'><strong>F¹</strong></span> <span class='ocrx_word' id='word_1_543' title='bbox 1638 4411 1670 4466; x_wconf 92' lang='grc'><strong>11</strong></span> <span class='ocrx_word' id='word_1_544' title='bbox 1684 4425 1736 4466; x_wconf 82' lang='lat' dir='ltr'><strong>ma·</strong></span> 
     </span>
     <span class='ocr_line' id='line_1_44' title="bbox 301 4475 1737 4551; baseline 0.004 -21"><span class='ocrx_word' id='word_1_545' title='bbox 301 4475 370 4532; x_wconf 75' lang='lat' dir='ltr'><strong>X‘O</strong></span> <span class='ocrx_word' id='word_1_546' title='bbox 386 4477 525 4542; x_wconf 79' lang='lat' dir='ltr'><strong>(substituit</strong></span> <span class='ocrx_word' id='word_1_547' title='bbox 549 4480 634 4532; x_wconf 82' lang='lat' dir='ltr'><strong>eodem</strong></span> <span class='ocrx_word' id='word_1_548' title='bbox 656 4498 706 4550; x_wconf 83' lang='lat' dir='ltr'><strong>pro</strong></span> <span class='ocrx_word' id='word_1_549' title='bbox 725 4499 788 4532; x_wconf 80' lang='lat' dir='ltr'><strong>uero</strong></span> <span class='ocrx_word' id='word_1_550' title='bbox 805 4479 910 4536; x_wconf 79' lang='lat' dir='ltr'><strong>rubrica</strong></span> <span class='ocrx_word' id='word_1_551' title='bbox 931 4479 989 4546; x_wconf 77' lang='lat' dir='ltr'><strong>Y‘):</strong></span> <span class='ocrx_word' id='word_1_552' title='bbox 1043 4479 1195 4535; x_wconf 78' lang='lat' dir='ltr'><strong>numietero</strong></span> <span class='ocrx_word' id='word_1_553' title='bbox 1214 4479 1250 4532; x_wconf 65' lang='grc' dir='ltr'><strong>Ρ</strong></span> <span class='ocrx_word' id='word_1_554' title='bbox 1300 4481 1334 4535; x_wconf 82' lang='lat'><strong>12</strong></span> <span class='ocrx_word' id='word_1_555' title='bbox 1351 4479 1422 4548; x_wconf 75' lang='lat' dir='ltr'><strong>mea]</strong></span> <span class='ocrx_word' id='word_1_556' title='bbox 1442 4479 1502 4535; x_wconf 75' lang='lat' dir='ltr'><strong>tuin</strong></span> <span class='ocrx_word' id='word_1_557' title='bbox 1521 4481 1557 4534; x_wconf 62' lang='lat'><strong>1²¹</strong></span> <span class='ocrx_word' id='word_1_558' title='bbox 1610 4483 1645 4538; x_wconf 87' lang='lat'><strong>13</strong></span> <span class='ocrx_word' id='word_1_559' title='bbox 1662 4496 1737 4551; x_wconf 84' lang='lat' dir='ltr'><strong>epot-</strong></span> 
     </span>
     <span class='ocr_line' id='line_1_45' title="bbox 300 4545 1737 4623; baseline 0.003 -21"><span class='ocrx_word' id='word_1_560' title='bbox 300 4547 826 4605; x_wconf 71' lang='lat' dir='ltr'><strong>semeletertndeeoontsnranusodd.rtror</strong></span> <span class='ocrx_word' id='word_1_561' title='bbox 840 4551 895 4621; x_wconf 77' lang='grc' dir='ltr'><strong>περὶ</strong></span> <span class='ocrx_word' id='word_1_562' title='bbox 911 4549 990 4620; x_wconf 74' lang='grc' dir='ltr'>ὃρκογ</span> <span class='ocrx_word' id='word_1_563' title='bbox 1043 4554 1132 4605; x_wconf 59' lang='lat' dir='ltr'><strong>teret*</strong></span> <span class='ocrx_word' id='word_1_564' title='bbox 1150 4549 1179 4603; x_wconf 90' lang='lat' dir='ltr'><strong>id</strong></span> <span class='ocrx_word' id='word_1_565' title='bbox 1197 4545 1309 4606; x_wconf 77' lang='lat' dir='ltr'><strong>d&#39;on&#39;ari</strong></span> <span class='ocrx_word' id='word_1_566' title='bbox 1327 4551 1366 4604; x_wconf 73' lang='lat' dir='ltr'><strong>F’</strong></span> <span class='ocrx_word' id='word_1_567' title='bbox 1420 4551 1454 4605; x_wconf 80' lang='lat'><strong>15</strong></span> <span class='ocrx_word' id='word_1_568' title='bbox 1472 4551 1605 4608; x_wconf 74' lang='lat' dir='ltr'><strong>eauss&#39;m&#39;</strong></span> <span class='ocrx_word' id='word_1_569' title='bbox 1620 4553 1684 4623; x_wconf 85' lang='lat' dir='ltr'><strong>sn&#39;p.</strong></span> <span class='ocrx_word' id='word_1_570' title='bbox 1703 4549 1737 4606; x_wconf 63' lang='grc' dir='ltr'><strong>Γ*</strong></span> 
     </span>
     <span class='ocr_line' id='line_1_46' title="bbox 302 4615 1738 4690; baseline 0.005 -19"><span class='ocrx_word' id='word_1_571' title='bbox 302 4617 340 4671; x_wconf 77' lang='lat' dir='ltr'><strong>aci</strong></span> <span class='ocrx_word' id='word_1_572' title='bbox 354 4617 419 4672; x_wconf 82' lang='grc' dir='ltr'><strong>πότε</strong></span> <span class='ocrx_word' id='word_1_573' title='bbox 431 4615 566 4672; x_wconf 70' lang='lat' dir='ltr'><strong>iuriaerrar</strong></span> <span class='ocrx_word' id='word_1_574' title='bbox 581 4617 653 4688; x_wconf 70' lang='grc' dir='ltr'><strong>1ὴῷ</strong></span> <span class='ocrx_word' id='word_1_575' title='bbox 662 4619 815 4690; x_wconf 67' lang='lat' dir='ltr'><strong>superponit</strong></span> <span class='ocrx_word' id='word_1_576' title='bbox 829 4620 843 4672; x_wconf 81' lang='lat' dir='ltr'><strong>r&#39;r</strong></span> <span class='ocrx_word' id='word_1_577' title='bbox 858 4622 895 4674; x_wconf 75' lang='lat' dir='ltr'><strong>nai</strong></span> <span class='ocrx_word' id='word_1_578' title='bbox 909 4620 990 4676; x_wconf 65' lang='lat' dir='ltr'><strong>euna·</strong></span> <span class='ocrx_word' id='word_1_579' title='bbox 1045 4621 1079 4676; x_wconf 78' lang='lat'><strong>16</strong></span> <span class='ocrx_word' id='word_1_580' title='bbox 1097 4619 1236 4676; x_wconf 80' lang='lat' dir='ltr'><strong>belissime</strong></span> <span class='ocrx_word' id='word_1_581' title='bbox 1255 4623 1281 4676; x_wconf 82' lang='lat' dir='ltr'><em>F</em></span> <span class='ocrx_word' id='word_1_582' title='bbox 1320 4621 1355 4676; x_wconf 88' lang='grc'><strong>18</strong></span> <span class='ocrx_word' id='word_1_583' title='bbox 1372 4625 1516 4678; x_wconf 74' lang='lat' dir='ltr'><strong>susteneat</strong></span> <span class='ocrx_word' id='word_1_584' title='bbox 1535 4623 1561 4677; x_wconf 85' lang='lat' dir='ltr'><em>F</em></span> <span class='ocrx_word' id='word_1_585' title='bbox 1603 4625 1637 4680; x_wconf 81' lang='grc'><strong>19</strong></span> <span class='ocrx_word' id='word_1_586' title='bbox 1655 4643 1738 4680; x_wconf 80' lang='lat' dir='ltr'><strong>suenr-</strong></span> 
     </span>
     <span class='ocr_line' id='line_1_47' title="bbox 301 4689 1739 4780; baseline 0.003 -38"><span class='ocrx_word' id='word_1_587' title='bbox 301 4699 354 4752; x_wconf 77' lang='lat' dir='ltr'><strong>tur,</strong></span> <span class='ocrx_word' id='word_1_588' title='bbox 379 4689 448 4760; x_wconf 80' lang='lat' dir='ltr'><strong>qnod</strong></span> <span class='ocrx_word' id='word_1_589' title='bbox 471 4690 670 4744; x_wconf 80' lang='lat' dir='ltr'><strong>additamentum</strong></span> <span class='ocrx_word' id='word_1_590' title='bbox 692 4710 743 4744; x_wconf 83' lang='lat' dir='ltr'><strong>nen</strong></span> <span class='ocrx_word' id='word_1_591' title='bbox 762 4691 854 4746; x_wconf 80' lang='lat' dir='ltr'><strong>babent</strong></span> <span class='ocrx_word' id='word_1_592' title='bbox 871 4712 915 4747; x_wconf 81' lang='lat' dir='ltr'><strong>ore</strong></span> <span class='ocrx_word' id='word_1_593' title='bbox 933 4693 990 4747; x_wconf 86' lang='lat' dir='ltr'><strong>Bu·</strong></span> <span class='ocrx_word' id='word_1_594' title='bbox 1045 4710 1176 4762; x_wconf 66' lang='lat' dir='ltr'><strong>pertenues</strong></span> <span class='ocrx_word' id='word_1_595' title='bbox 1190 4693 1215 4744; x_wconf 84' lang='lat' dir='ltr'><em>F</em></span> <span class='ocrx_word' id='word_1_596' title='bbox 1254 4692 1289 4747; x_wconf 78' lang='lat'><strong>22</strong></span> <span class='ocrx_word' id='word_1_597' title='bbox 1307 4692 1435 4748; x_wconf 79' lang='lat' dir='ltr'><strong>libertum</strong></span> <span class='ocrx_word' id='word_1_598' title='bbox 1453 4695 1516 4780; x_wconf 58' lang='lat' dir='ltr'><strong>sep]</strong></span> <span class='ocrx_word' id='word_1_599' title='bbox 1537 4695 1559 4748; x_wconf 83' lang='lat' dir='ltr'><strong>ei</strong></span> <span class='ocrx_word' id='word_1_600' title='bbox 1577 4696 1646 4760; x_wconf 79' lang='lat' dir='ltr'><strong>(and.</strong></span> <span class='ocrx_word' id='word_1_601' title='bbox 1659 4693 1739 4761; x_wconf 65' lang='lat' dir='ltr'><strong>s&#39;erri</strong></span> 
     </span>
     <span class='ocr_line' id='line_1_48' title="bbox 300 4759 1741 4836; baseline 0.003 -23"><span class='ocrx_word' id='word_1_602' title='bbox 300 4761 431 4814; x_wconf 80' lang='lat' dir='ltr'><strong>atticorum</strong></span> <span class='ocrx_word' id='word_1_603' title='bbox 457 4759 536 4813; x_wconf 78' lang='lat' dir='ltr'><strong>ceder</strong></span> <span class='ocrx_word' id='word_1_604' title='bbox 562 4760 660 4824; x_wconf 81' lang='lat' dir='ltr'><strong>(Por-ir.</strong></span> <span class='ocrx_word' id='word_1_605' title='bbox 681 4761 761 4828; x_wconf 88' lang='lat'><strong><em>1357)</em></strong></span> <span class='ocrx_word' id='word_1_606' title='bbox 787 4782 832 4816; x_wconf 79' lang='lat' dir='ltr'><strong>uec</strong></span> <span class='ocrx_word' id='word_1_607' title='bbox 860 4761 992 4833; x_wconf 80' lang='lat' dir='ltr'><strong>Ttpucitna</strong></span> <span class='ocrx_word' id='word_1_608' title='bbox 1044 4761 1092 4816; x_wconf 79' lang='lat' dir='ltr'><strong>edu</strong></span> <span class='ocrx_word' id='word_1_609' title='bbox 1111 4762 1198 4825; x_wconf 73' lang='lat' dir='ltr'><strong>tetes</strong></span> <span class='ocrx_word' id='word_1_610' title='bbox 1219 4762 1233 4815; x_wconf 80' lang='lat' dir='ltr'><strong>is</strong></span> <span class='ocrx_word' id='word_1_611' title='bbox 1252 4762 1301 4817; x_wconf 79' lang='lat' dir='ltr'><strong>triu</strong></span> <span class='ocrx_word' id='word_1_612' title='bbox 1319 4763 1741 4836; x_wconf 64' lang='lat' dir='ltr'><strong>aibdroinsrpmaeeriaeexero</strong></span> 
     </span>
     <span class='ocr_line' id='line_1_49' title="bbox 301 4827 1742 4904; baseline 0.006 -21"><span class='ocrx_word' id='word_1_613' title='bbox 301 4830 319 4883; x_wconf 85' lang='lat'>4</span> <span class='ocrx_word' id='word_1_614' title='bbox 337 4829 417 4884; x_wconf 86' lang='lat' dir='ltr'><strong>lieem</strong></span> <span class='ocrx_word' id='word_1_615' title='bbox 430 4829 454 4882; x_wconf 85' lang='lat' dir='ltr'><em>F</em></span> <span class='ocrx_word' id='word_1_616' title='bbox 457 4829 467 4863; x_wconf 86' lang='lat'><em>¹</em></span> <span class='ocrx_word' id='word_1_617' title='bbox 476 4845 482 4882; x_wconf 94' lang='lat'><strong>:</strong></span> <span class='ocrx_word' id='word_1_618' title='bbox 502 4827 517 4882; x_wconf 86' lang='grc' dir='ltr'>ὁ</span> <span class='ocrx_word' id='word_1_619' title='bbox 536 4828 615 4900; x_wconf 74' lang='lat' dir='ltr'><strong>ripaue</strong></span> <span class='ocrx_word' id='word_1_620' title='bbox 633 4831 743 4892; x_wconf 71' lang='lat' dir='ltr'><strong>bisaura</strong></span> <span class='ocrx_word' id='word_1_621' title='bbox 761 4831 922 4894; x_wconf 65' lang='lat' dir='ltr'><strong>innotescet</strong></span> <span class='ocrx_word' id='word_1_622' title='bbox 938 4833 990 4902; x_wconf 77' lang='grc' dir='ltr'>ἔχει</span> <span class='ocrx_word' id='word_1_623' title='bbox 1044 4830 1241 4902; x_wconf 64' lang='lat' dir='ltr'><strong>insperabiliter</strong></span> <span class='ocrx_word' id='word_1_624' title='bbox 1253 4833 1398 4900; x_wconf 64' lang='lat' dir='ltr'><strong>Effluet.)</strong></span> <span class='ocrx_word' id='word_1_625' title='bbox 1413 4833 1419 4902; x_wconf 83' lang='grc' dir='ltr'>Ι</span> <span class='ocrx_word' id='word_1_626' title='bbox 1435 4835 1560 4890; x_wconf 71' lang='lat' dir='ltr'><strong>reimlof</strong></span> <span class='ocrx_word' id='word_1_627' title='bbox 1570 4839 1575 4904; x_wconf 88' lang='grc' dir='ltr'>Ι</span> <span class='ocrx_word' id='word_1_628' title='bbox 1592 4835 1742 4892; x_wconf 77' lang='lat' dir='ltr'><strong>snbreeis-</strong></span> 
     </span>
     <span class='ocr_line' id='line_1_50' title="bbox 302 4900 1748 4972; baseline 0.005 -19"><span class='ocrx_word' id='word_1_629' title='bbox 302 4900 458 4968; x_wconf 83' lang='lat' dir='ltr'><strong>B(Anort.),</strong></span> <span class='ocrx_word' id='word_1_630' title='bbox 476 4901 666 4957; x_wconf 81' lang='lat' dir='ltr'><strong>undeneoorri</strong></span> <span class='ocrx_word' id='word_1_631' title='bbox 683 4902 774 4972; x_wconf 82' lang='lat' dir='ltr'><strong>euim,</strong></span> <span class='ocrx_word' id='word_1_632' title='bbox 789 4923 848 4957; x_wconf 84' lang='lat' dir='ltr'><strong>num</strong></span> <span class='ocrx_word' id='word_1_633' title='bbox 861 4911 991 4958; x_wconf 82' lang='lat' dir='ltr'><strong>iusiuran-</strong></span> <span class='ocrx_word' id='word_1_634' title='bbox 1046 4903 1103 4959; x_wconf 82' lang='lat' dir='ltr'><strong>se‘t&#39;</strong></span> <span class='ocrx_word' id='word_1_635' title='bbox 1117 4909 1147 4958; x_wconf 82' lang='lat' dir='ltr'><strong>ut</strong></span> <span class='ocrx_word' id='word_1_636' title='bbox 1160 4905 1184 4956; x_wconf 86' lang='lat' dir='ltr'><em>F</em></span> <span class='ocrx_word' id='word_1_637' title='bbox 1185 4905 1196 4938; x_wconf 82' lang='lat'><strong><em>³</em></strong></span> <span class='ocrx_word' id='word_1_638' title='bbox 1244 4905 1279 4959; x_wconf 80' lang='lat'><strong>23</strong></span> <span class='ocrx_word' id='word_1_639' title='bbox 1297 4903 1455 4960; x_wconf 75' lang='lat' dir='ltr'><strong>subicerer</strong></span> <span class='ocrx_word' id='word_1_640' title='bbox 1473 4907 1498 4960; x_wconf 84' lang='lat' dir='ltr'><em>F</em></span> <span class='ocrx_word' id='word_1_641' title='bbox 1500 4907 1511 4942; x_wconf 75' lang='lat'><strong>⁴</strong></span> <span class='ocrx_word' id='word_1_642' title='bbox 1559 4909 1596 4963; x_wconf 81' lang='lat'><strong>25</strong></span> <span class='ocrx_word' id='word_1_643' title='bbox 1614 4906 1748 4962; x_wconf 63' lang='lat' dir='ltr'><strong>mium?</strong></span> 
     </span>
     <span class='ocr_line' id='line_1_51' title="bbox 301 4970 1742 5052; baseline 0.006 -29"><span class='ocrx_word' id='word_1_644' title='bbox 301 4971 361 5024; x_wconf 84' lang='lat' dir='ltr'><strong>dum</strong></span> <span class='ocrx_word' id='word_1_645' title='bbox 379 4979 419 5024; x_wconf 84' lang='lat' dir='ltr'><strong>rei</strong></span> <span class='ocrx_word' id='word_1_646' title='bbox 436 4970 565 5026; x_wconf 81' lang='lat' dir='ltr'><strong>iudicatae</strong></span> <span class='ocrx_word' id='word_1_647' title='bbox 588 4981 641 5026; x_wconf 81' lang='lat' dir='ltr'><strong>uim</strong></span> <span class='ocrx_word' id='word_1_648' title='bbox 694 4973 746 5038; x_wconf 83' lang='lat' dir='ltr'><strong>bet,</strong></span> <span class='ocrx_word' id='word_1_649' title='bbox 768 4982 850 5028; x_wconf 83' lang='lat' dir='ltr'><strong>utrem</strong></span> <span class='ocrx_word' id='word_1_650' title='bbox 873 4975 990 5034; x_wconf 77' lang='lat' dir='ltr'><strong>obtinet!</strong></span> <span class='ocrx_word' id='word_1_651' title='bbox 1045 4975 1081 5030; x_wconf 78' lang='lat'><strong>26</strong></span> <span class='ocrx_word' id='word_1_652' title='bbox 1107 4972 1291 5029; x_wconf 84' lang='lat' dir='ltr'><strong>fideiussori&#39;s&#39;</strong></span> <span class='ocrx_word' id='word_1_653' title='bbox 1318 4989 1374 5030; x_wconf 85' lang='lat' dir='ltr'><strong>uon</strong></span> <span class='ocrx_word' id='word_1_654' title='bbox 1401 4977 1438 5030; x_wconf 68' lang='lat' dir='ltr'><strong>F*</strong></span> <span class='ocrx_word' id='word_1_655' title='bbox 1517 4979 1552 5034; x_wconf 72' lang='lat'><strong>27</strong></span> <span class='ocrx_word' id='word_1_656' title='bbox 1579 4986 1678 5052; x_wconf 75' lang='lat' dir='ltr'><strong>rogate</strong></span> <span class='ocrx_word' id='word_1_657' title='bbox 1706 4979 1742 5032; x_wconf 69' lang='lat' dir='ltr'><strong>Fi</strong></span> 
     </span>
     <span class='ocr_line' id='line_1_52' title="bbox 302 5041 1364 5115; baseline 0.007 -21"><span class='ocrx_word' id='word_1_658' title='bbox 302 5041 508 5097; x_wconf 79' lang='lat' dir='ltr'><strong>reindicatael&#39;</strong></span> <span class='ocrx_word' id='word_1_659' title='bbox 550 5042 927 5100; x_wconf 79' lang='lat' dir='ltr'><strong>bdeierendo&#39;e&#39;iosiurend.</strong></span> <span class='ocrx_word' id='word_1_660' title='bbox 943 5042 993 5096; x_wconf 74' lang='lat' dir='ltr'><strong>prr</strong></span> <span class='ocrx_word' id='word_1_661' title='bbox 1046 5046 1081 5100; x_wconf 79' lang='lat'><strong>32</strong></span> <span class='ocrx_word' id='word_1_662' title='bbox 1099 5045 1307 5115; x_wconf 67' lang='lat' dir='ltr'><strong>interpositam*</strong></span> <span class='ocrx_word' id='word_1_663' title='bbox 1325 5047 1364 5100; x_wconf 67' lang='grc' dir='ltr'><em>Ρ</em></span> 
     </span>
    </p>
   </div>
   <div class='ocr_carea' id='block_1_9' title="bbox 0 0 1820 5460">
    <p class='ocr_par' dir='ltr' id='par_1_20' title="bbox 0 0 1820 5460">
     <span class='ocr_line' id='line_1_53' title="bbox 0 0 1820 5460; baseline 0 0"><span class='ocrx_word' id='word_1_664' title='bbox 0 0 1820 5460; x_wconf 95' lang='lat' dir='ltr'><strong> </strong></span> 
     </span>
    </p>
   </div>
  </div>
 </body>
</html>
