3728 5452
312 259 489 328 XXXVIIII
510 261 530 327 2
551 267 667 324 24-26
986 253 1073 336 390
1379 281 1426 330 nra
1449 280 1574 330 nauso
1596 279 1749 329 museto*

311 423 360 474 aut
383 419 465 474 maris
488 423 537 474 aut
559 419 732 489 tempestatis
756 423 805 474 aut
828 417 936 474 rulnae¹
957 417 1075 474 incendii
1098 423 1147 474 aut
1169 423 1258 476 terrae
1281 425 1372 476 motus
1395 419 1452 476 uisu
1477 421 1615 476 sustinere
1639 419 1740 490 possiti

279 516 293 562 e
311 507 387 562 Idem
400 507 512 563 Seruius
529 513 618 578 putat,
637 509 660 562 si
678 509 864 564 controuersia
883 523 970 578 aquae
990 508 1105 563 Insulam
1124 508 1298 580 subuerterit,
1317 509 1415 566 deinde
1432 509 1602 580 stipulatcrls
1620 507 1740 564 aedificis

311 596 472 666 ceciderint,
491 596 556 651 nihil
575 611 637 651 eum
656 613 691 652 ex
709 597 841 668 stipulatu
859 601 1084 666 consecuturum,
1108 598 1173 668 quia
1190 598 1219 653 id
1236 613 1288 654 nec
1306 600 1396 670 operis
1414 615 1465 654 nec
1482 599 1536 654 loci
1553 600 1624 655 uitio
1642 597 1739 654 lactum

312 691 362 742 est.
390 686 413 740 si
437 691 528 740 autem
552 701 625 755 aqua
647 687 727 742 uitiet
748 683 927 740 fundamenta
949 689 977 740 et
1000 685 1040 741 sio
1063 684 1216 742 aedificium
1241 688 1354 758 ruisset,
1382 689 1514 744 committi
1538 689 1739 759 stipulationem

312 775 365 830 ait:
389 775 503 830 multum
522 776 593 830 euim
612 775 758 844 interesse,
781 774 855 844 quod
877 779 937 829 erat
959 773 1080 845 alioquin
1097 773 1219 846 firmum,
1244 777 1272 832 ui
1294 775 1413 831 fluminis
1430 777 1537 846 lapsum
1556 777 1594 832 sit
1611 777 1762 847 protinust

311 879 346 919 an
364 879 430 918 uero
448 869 512 919 ante
531 864 568 918 sit
585 861 726 933 uitiatum,
749 863 849 918 deiude
867 864 907 918 sio
925 862 1066 920 deciderit.
1093 865 1179 920 etita
1196 865 1290 922 Labeo
1308 865 1420 936 probat:
1445 867 1546 920 etenim
1569 866 1686 920 multum
1703 866 1740 920 ln·

310 957 426 1023 teresse,
445 952 519 1022 quod
538 952 574 1007 ad
591 953 729 1022 Aquiliam
748 953 877 1023 pertiuet,
897 967 994 1008 sanum
1013 954 1074 1023 quis
1092 953 1229 1010 bominem
1247 953 1355 1011 occidat
1373 970 1408 1010 au
1426 969 1492 1010 uero
1509 953 1614 1010 sactum
1634 953 1741 1009 lnbeeil-

278 1043 413 1098 eliorem.
451 1042 618 1112 Quamquam
638 1047 730 1098 autem
749 1043 889 1112 stipulatio
907 1042 1099 1112 committitur,
1124 1059 1186 1098 oum
1211 1045 1279 1098 uitio
1303 1044 1393 1114 operis
1416 1043 1545 1098 damnum
1569 1042 1675 1098 factum
1699 1043 1741 1112 ait,

310 1135 417 1202 tamen,
442 1132 466 1186 si
483 1145 553 1202 opus
568 1129 674 1186 'iactum
697 1137 740 1187 est
763 1131 800 1186 ab
817 1145 864 1201 eo,
888 1146 968 1200 quem
991 1132 1140 1201 promissor
1164 1131 1307 1203 probibere
1329 1147 1384 1187 non
1406 1133 1507 1203 potuit,
1531 1133 1673 1202 stipulatio
1690 1147 1744 1188 non

311 1222 503 1275 committetur.
531 1221 612 1290 plane
630 1221 654 1275 si
672 1219 816 1291 probibere
833 1220 937 1291 potuit,
956 1221 1150 1276 committetur.
1179 1221 1247 1276 sed¹
1264 1222 1288 1277 sl
1306 1222 1367 1291 quis
1385 1221 1558 1292 promissoris
1576 1221 1689 1276 nemine
1706 1219 1744 1276 ie·
1762 1224 1797 1266 ¹⁰

311 1310 379 1365 serit
395 1311 440 1365 uel
458 1309 517 1364 eius
534 1325 583 1380 pro
601 1324 656 1379 quo
674 1309 837 1380 promissum
856 1313 900 1364 est
917 1313 966 1364 aut
983 1309 1061 1380 alius,
1079 1309 1126 1379 qui
1143 1307 1279 1380 prohiberi
1296 1311 1425 1380 potuerit,
1443 1309 1584 1380 stipulatio
1599 1311 1655 1366 ista
1673 1324 1745 1366 com·

278 1409 292 1454 7
312 1401 442 1456 mittetur.
478 1400 624 1454 Praeterea
647 1398 671 1452 si
692 1396 765 1453 furni
788 1398 897 1454 nomine
921 1397 1013 1452 damni
1035 1396 1129 1454 infecti
1151 1395 1234 1454 luerit
1255 1405 1381 1470 cantum,
1404 1399 1504 1455 deiude
1526 1397 1642 1454 furnarii
1665 1400 1749 1470 eulpa

279 1497 293 1543 e
312 1489 439 1544 damnum
459 1487 554 1543 datum
572 1485 662 1556 luerit,
681 1501 735 1543 non
753 1487 847 1542 uenire
865 1487 893 1542 iu
911 1485 982 1542 hanc
999 1485 1202 1558 stipulationem
1214 1488 1350 1558 plerisque
1364 1488 1480 1544 uidetur.
1508 1488 1623 1544 Cassius
1634 1501 1748 1559 quoqne

311 1578 418 1646 scribit,
440 1577 512 1647 quod
532 1578 644 1631 contra⁸
661 1590 695 1630 ea
713 1575 843 1631 damnum
861 1575 956 1632 datum
974 1583 1031 1646 est,
1054 1576 1099 1632 eni
1116 1577 1190 1632 nulla
1208 1591 1260 1648 ope
1278 1579 1383 1634 occurri
1401 1577 1513 1648 poterit,
1537 1579 1752 1648 stipulationem

279 1673 366 1723 anon
381 1673 483 1722 tenere.
519 1666 588 1720 item
606 1663 679 1736 apud
698 1664 844 1720 Uiuianum
862 1665 977 1720 relatum
1002 1669 1058 1734 est,
1081 1667 1105 1721 sl
1128 1680 1163 1720 ex
1187 1681 1254 1736 agro
1277 1667 1360 1722 uicini
1384 1666 1495 1724 arbores
1520 1667 1549 1722 ul
1569 1667 1753 1737 tempestat-is
1791 1666 1817 1706 ¹

311 1753 467 1812 confractas
484 1755 512 1809 ln
530 1769 621 1810 meum
640 1769 734 1823 agrum
754 1753 906 1809 deciderint
927 1768 1015 1824 eoque
1036 1752 1110 1810 laeto
1133 1753 1236 1811 ultibus
1261 1755 1329 1812 meis
1352 1757 1397 1812 uel
1421 1755 1562 1826 segetrbus
1580 1763 1686 1812 nocent
1703 1755 1757 1811 nol

311 1843 436 1900 aedificia
453 1844 616 1914 demoliunt,
640 1843 841 1914 stipulationem
860 1843 955 1913 biam,
981 1843 1082 1913 inqua
1104 1842 1173 1899 haec
1196 1843 1462 1914 comprehenduntur
1480 1845 1511 1900 ‘sl
1529 1845 1597 1915 quid
1615 1844 1757 1900 arborum

311 1934 419 2002 ‘luciflue
438 1933 505 1988 uitio
523 1932 668 2003 acciderit',
686 1947 741 1988 non
759 1947 821 1986 esse
839 1933 942 2000 utilem,
961 1932 1097 2001 quianon
1115 1931 1242 1989 arborum
1255 1933 1331 2004 uitio,
1350 1933 1398 1989 sed
1413 1935 1442 1989 ul
1453 1940 1599 1990 uentomm
1612 1933 1758 1990 damnum

311 2022 376 2078 mibi
394 2023 489 2077 datum
508 2027 559 2077 ost.
587 2023 668 2093 plane
692 2021 715 2076 si
732 2024 872 2076 uetustate
895 2019 1020 2076 arborum
1045 2020 1096 2076 boc
1118 2019 1215 2091 fiebat,
1238 2035 1387 2091 possumus
1408 2023 1499 2078 dicere
1521 2023 1591 2079 uitio
1614 2023 1759 2080 arborum

264 2119 293 2166 10
311 2112 437 2166 damnum
457 2111 521 2166 mibi
540 2111 607 2166 dari.
644 2110 719 2166 ldem
744 2111 796 2181 ait,
820 2111 843 2165 sl
866 2109 958 2164 damni
982 2107 1076 2165 iniecti
1098 2110 1206 2166 aedium
1231 2125 1352 2166 mearum
1377 2113 1486 2168 nomine
1508 2111 1557 2168 tlbi
1581 2114 1761 2184 promisero,

311 2199 409 2255 deiude
427 2199 479 2255 hae
497 2199 580 2255 aedes
597 2200 627 2254 ui
644 2199 816 2269 tempestatis
838 2200 867 2254 in
889 2205 938 2254 tua
960 2195 1086 2254 aedilicia
1107 2199 1255 2256 ceciderint
1278 2213 1366 2270 eaque
1390 2200 1536 2270 diruerint,
1559 2202 1629 2258 nibil
1654 2218 1692 2258 ex
1716 2219 1764 2259 es

311 2289 484 2360 stipulatione
502 2289 643 2359 praestari,
661 2289 727 2358 qula
745 2289 846 2344 nullum
864 2287 994 2342 damnum
1013 2287 1080 2342 uitio
1099 2303 1220 2344 mearum
1239 2289 1347 2344 sedium
1365 2289 1411 2344 tibi
1429 2291 1579 2360 contingit:
1601 2289 1658 2348 alsi
1677 2292 1764 2349 torte

310 2379 350 2433 ita
367 2379 483 2434 sitlosae
501 2393 579 2434 meae
597 2377 680 2434 aedos
697 2376 811 2447 luerint,
834 2380 866 2432 ut
888 2375 1010 2446 qualibet
1032 2377 1076 2431 uel
1095 2377 1206 2433 minima
1225 2382 1390 2449 tempestate
1408 2379 1535 2435 meante
1563 2379 1635 2436 baec
1654 2383 1766 2438 omnis

263 2475 291 2521 11
311 2483 377 2524 uera
396 2473 468 2522 sunt
496 2466 552 2522 Sed
570 2471 599 2522 et
616 2466 689 2537 quod
702 2465 795 2522 Labeo
807 2470 887 2536 putat
903 2481 999 2520 uerum
1018 2471 1069 2536 est,
1087 2464 1196 2537 referre,
1215 2471 1305 2522 utrum
1324 2469 1442 2538 impulsu
1459 2467 1580 2524 flumInis
1598 2471 1656 2526 ruit
1674 2471 1763 2526 aedi-

263 2565 293 2611 ta
311 2556 402 2613 lictum
427 2573 461 2613 an
484 2555 605 2611 deterius
627 2559 691 2610 ante
714 2553 816 2610 laetum
840 2559 937 2625 postea
959 2553 1096 2610 ceciderit.
1133 2555 1201 2610 ltem
1225 2556 1380 2627 uideamus,
1403 2557 1513 2628 quaudo
1534 2558 1669 2614 damnum
1689 2558 1764 2616 dari

311 2647 449 2702 uideatur:
468 2645 610 2716 stipulatio
627 2645 698 2700 enlm
717 2643 770 2699 boc
787 2645 917 2714 eontinet,
935 2643 1009 2713 quod
1027 2645 1093 2700 uitio
1111 2643 1219 2700 aedium
1238 2645 1291 2700 loci
1308 2647 1398 2716 operis
1410 2646 1540 2704 damnum
1557 2645 1599 2704 tt
1629 2655 1663 2706 ut
1680 2655 1764 2720 puta

239 2803 242 2808 Ι
311 2735 339 2791 in
357 2735 439 2792 domo
457 2751 519 2790 mea
536 2740 649 2806 puteum
667 2734 768 2803 aperio,
787 2747 842 2804 quo
860 2737 956 2804 aperto
972 2748 1061 2789 uenae
1078 2735 1171 2806 puteil
1182 2735 1321 2805 praecisae
1339 2741 1416 2790 stunt:
1435 2751 1470 2792 an
1481 2737 1599 2792 tenear?
1627 2739 1670 2793 ait
1682 2739 1763 2794 Tro-

311 2824 402 2880 batius
420 2839 475 2880 non
493 2824 580 2879 teneri
598 2838 642 2878 me
660 2822 752 2878 damni
770 2821 879 2878 inlecti:
903 2837 991 2894 neque
1013 2823 1084 2878 enim
1109 2823 1260 2879 existimari
1277 2824 1367 2894 operis
1385 2825 1438 2880 mol
1455 2825 1524 2882 nitio
1542 2825 1680 2882 &mnam
1697 2824 1760 2883 tibi

311 2914 371 2970 dari
389 2913 416 2969 in
435 2928 469 2968 ea
486 2929 529 2983 rs,
554 2914 582 2968 in
604 2927 660 2983 qua
681 2913 740 2967 iure
762 2927 825 2967 meo
845 2927 913 2968 usus
936 2927 1006 2968 sum.
1033 2913 1058 2967 si
1075 2918 1167 2968 mmen
1191 2917 1246 2969 tam
1265 2913 1319 2969 alte
1337 2911 1439 2969 indiam
1457 2914 1485 2970 in
1504 2929 1581 2984 meo,
1604 2921 1638 2971 ut
1655 2917 1759 2988 paries

311 3009 375 3059 tuus
393 3007 467 3058 stare
485 3017 540 3058 non
557 3003 653 3072 pessit,
670 3002 764 3058 damni
781 3000 875 3057 lnieeti
892 3001 1033 3072 stipulatio
1050 3001 1243 3058 committetur.

255 3089 294 3148 25
364 3094 483 3148 Faunus
500 3092 569 3148 libro
587 3092 810 3162 septuagensimo
828 3095 927 3146 octauo
945 3090 981 3146 ad
998 3089 1126 3146 edietum.
1163 3089 1309 3147 Trebatius
1332 3091 1372 3146 ait
1395 3092 1478 3148 etiam
1502 3107 1567 3149 eum
1586 3089 1753 3180 Q

311 3181 436 3252 accipere
454 3181 592 3252 damnum,
611 3181 688 3236 euius
706 3180 815 3236 sedtum
832 3177 979 3235 lumibibus
996 3177 1140 3236 officiatur.

255 3269 293 3327 26
365 3269 516 3326 Uarrssus
538 3269 606 3325 libro
630 3270 818 3340 octogensimo
841 3270 929 3338 prium
951 3268 987 3324 ad
1011 3268 1139 3325 edictum.
1179 3271 1310 3327 Proculus
1334 3273 1385 3342 ait,
1412 3287 1474 3327 cum
1498 3271 1560 3342 quis
1586 3265 1744 3358 Q
1762 3264 1817 3326 J

311 3361 370 3416 iura
388 3360 454 3430 quid
471 3361 499 3414 in
517 3374 568 3414 suo
584 3357 697 3424 iaceret,
715 3359 841 3428 quamuis
858 3359 1043 3428 promississet
1060 3358 1152 3414 damni
1168 3357 1262 3416 iniecti
1280 3361 1378 3431 ulcino,
1397 3366 1556 3417 nontamen
1573 3377 1639 3418 eum
1657 3362 1740 3420 teneri

312 3464 346 3504 ea
364 3449 553 3520 stipulatione:
576 3448 663 3503 ueluti
680 3448 704 3502 si
722 3449 799 3502 iuxta
817 3462 879 3502 mea
895 3445 1021 3503 aedificia
1037 3445 1140 3504 babeas
1158 3448 1283 3506 aedilioIa
1303 3465 1391 3522 eaque
1408 3451 1468 3506 iure
1484 3455 1534 3507 tuo
1552 3453 1638 3509 altius
1656 3455 1735 3520 tollas,
1751 3444 1807 3493 5⁵

313 3543 361 3594 aut
378 3539 402 3593 si
419 3540 448 3592 in
466 3539 555 3593 niciae
573 3543 622 3592 tuo
640 3551 706 3605 agro
725 3537 850 3592 cuniculo
868 3537 912 3592 uel
930 3536 1005 3593 fossa
1028 3553 1126 3608 aquam
1152 3553 1241 3594 meam
1260 3555 1373 3596 auoces:
1399 3539 1526 3610 quamuis
1549 3543 1625 3598 enim
1650 3549 1679 3599 et
1700 3542 1735 3598 bic

313 3643 411 3698 aquam
430 3627 496 3682 mibi
513 3625 635 3682 abdueas
654 3629 682 3680 et
699 3625 754 3680 illic
775 3625 922 3681 luminibus
945 3624 1064 3696 cilicias,
1088 3633 1180 3683 tamen
1204 3643 1238 3683 ex
1261 3644 1296 3684 ea
1317 3630 1494 3700 stipulatione
1517 3631 1657 3687 annonem
1680 3628 1733 3688 mibi

314 3733 368 3772 non
386 3721 549 3786 competere,
568 3715 673 3771 scilicet
690 3715 756 3784 quia
773 3731 828 3770 nou
846 3713 946 3770 debeat
963 3715 1051 3772 uideri
1069 3717 1093 3772 is
1111 3717 1240 3774 damnum
1259 3717 1358 3790 lacere,
1376 3720 1423 3790 qui
1441 3733 1474 3774 eo
1487 3719 1575 3776 ueluti
1587 3721 1673 3792 luero,
1690 3733 1733 3792 quc

313 3840 530 3911 aaronem

1424 3961 1734 3975 -Ο--ῌ

313 4024 455 4148 ξῗιιιιίιίιξ.
468 4021 552 4159 Isti)
614 4018 829 4074 ’committetru
846 4018 896 4075 sed
914 4021 960 4076 det
1022 4021 1241 4093 'quodeontral
1257 4023 1366 4094 quando
1380 4023 1529 4080 uiolentia?
1592 4023 1737 4082 ‘ruerenti

315 4270 374 4326 lsi
393 4269 579 4324 controuersia
597 4283 684 4338 aquae
700 4269 1001 4338 insulamsubuerterit]
1058 4271 1203 4341 Β(Τι’ριισ.)
1220 4273 1224 4340 Ι
1241 4271 1353 4343 euthui
1366 4274 1400 4326 F¹
1417 4273 1422 4340 Ι
1437 4272 1561 4330 oe‘o'umi
1575 4275 1613 4330 F’
1660 4277 1695 4333 15
1706 4275 1740 4332 ui-

314 4341 361 4395 ὲᾶκ
380 4341 428 4396 rba
447 4341 495 4404 τοῨ
515 4342 632 4405 seirouoc
649 4341 723 4396 oiseis
741 4340 894 4413 bppmueaoa
909 4341 1001 4397 esrai
1055 4344 1175 4398 etiamtum
1186 4345 1222 4398 F·
1238 4346 1243 4412 Ι
1258 4345 1467 4400 tamrestnusffl
1506 4347 1539 4400 16
1553 4348 1741 4418 meisImel'u's

316 4411 447 4482 escrpuor's
472 4413 528 4466 τώη
551 4411 656 4474 Ῡλὰτωκ
681 4415 804 4484 sarasisp
828 4415 855 4467 B
876 4413 1003 4485 (Timoli
1056 4416 1093 4468 F’
1139 4417 1170 4469 17
1190 4416 1466 4486 eomprebeudumtur
1482 4418 1521 4471 F·
1571 4421 1605 4474 18
1624 4419 1693 4477 uiuo
1710 4421 1741 4474 Ρ

314 4493 342 4540 ui
361 4483 492 4554 cpcrpoos's
511 4483 616 4538 &abuma
635 4485 717 4549 turbo,
736 4492 772 4539 iio
792 4484 922 4556 cpcrpoor's
940 4485 1002 4547 iat-
1056 4488 1091 4541 20
1109 4485 1218 4541 demum
1237 4487 1263 4539 F
1273 4489 1277 4556 Ι
1294 4497 1320 4542 in
1337 4487 1388 4542 tibi
1404 4491 1527 4543 illierest
1544 4497 1570 4544 el
1586 4489 1605 4544 b
1624 4501 1651 4546 in
1669 4496 1742 4547 Iliona

314 4577 370 4611 rma
390 4563 488 4626 uariipc
508 4563 545 4611 esi
561 4575 643 4627 eques
661 4557 692 4610 ds
706 4558 908 4622 cosiooadeatis,
927 4577 1002 4630 wem
1055 4565 1167 4612 restituit
1188 4556 1232 4621 Fi,
1260 4567 1289 4613 at
1315 4558 1382 4614 mihi
1407 4561 1527 4614 uideatur
1549 4570 1687 4632 scripsisse
1710 4565 1743 4616 p·

315 4629 796 4698 Latinediciaquaecontrouersiam
819 4628 1004 4698 hincapparet
1056 4629 1091 4684 22
1112 4627 1170 4698 tibi]
1198 4629 1309 4684 mihil-¹
1368 4631 1403 4686 23
1427 4635 1459 4685 ut
1481 4650 1530 4684 orn.
1548 4631 1585 4684 ΡΙ
1606 4636 1611 4700 Ι
1634 4635 1742 4704 ruerint]

315 4700 426 4754 berae
447 4698 483 4750 F²
537 4699 671 4768 tipropat
689 4699 723 4751 Fi
780 4699 920 4754 isaurum
940 4699 1000 4767 ml
1055 4699 1377 4756 ru‘mestrelerr'erintF²
1413 4701 1628 4758 sedannoms
1659 4707 1744 4762 litiae

315 4770 550 4825 iuueeillieremF
603 4769 786 4840 9pormissor
808 4772 845 4823 F·
864 4774 869 4836 l
888 4771 965 4840 potui
984 4771 1009 4822 F
1055 4771 1148 4826 ditu⁴m
1167 4773 1205 4825 F’
1258 4773 1292 4827 27
1310 4779 1391 4828 *mea
1408 4775 1465 4842 ΡΙ
1485 4781 1558 4842 ψιό4
1575 4774 1611 4828 F‘
1634 4779 1640 4842 Ι
1661 4779 1745 4847 putei]

317 4843 350 4897 12
373 4840 542 4911 pr'r'aeterea
561 4841 598 4894 Ρ
617 4844 621 4907 Ι
643 4839 759 4896 (ἰεείιιῶθ4
776 4842 815 4895 F‘
873 4843 907 4896 14
929 4841 1002 4911 quod
1056 4841 1210 4908 FX'I'MO,
1228 4843 1268 4899 tul
1286 4845 1361 4914 putei
1381 4845 1428 4908 X‘,
1447 4847 1523 4914 putei
1541 4847 1582 4902 tui
1601 4847 1695 4903 Ceam
1707 4849 1745 4904 B:

316 4921 412 4970 ooutra
433 4929 467 4968 ea
490 4911 618 4968 damnum
643 4913 737 4967 datum
764 4913 816 4982 est]
844 4921 919 4984 quast
941 4921 1003 4968 esest
1056 4915 1080 4968 ai
1094 4915 1249 4979 elisseae?
1262 4915 1308 4979 coi
1321 4916 1507 4988 alasostli'p.)
1556 4917 1746 4976 attiniacum

316 5001 401 5040 eausa
418 5000 452 5039 ea
469 4992 546 5039 uertit
564 4991 700 5056 interpres:
721 4983 765 5038 bre
784 4984 847 5040 sari
865 4985 1001 5054 npboscsa,
1055 4987 1091 5042 30
1108 4991 1173 5042 tuus
1190 4993 1282 5044 *stete
1302 4989 1336 5042 F²
1390 4990 1425 5042 36
1443 4987 1570 5058 quamdis
1590 4989 1628 5043 m

317 5057 381 5132 ᾗτικι
405 5056 551 5114 &intestinas
582 5053 614 5120 οῨ
642 5055 788 5122 treboses,
817 5057 899 5128 ersus]
927 5057 1002 5112 zaraia
