3504 5452
65 307 121 354 oar
141 306 390 357 rueruuusuno
413 309 549 359 necaro
733 285 817 366 129
1170 289 1304 356 XXXIII
1325 291 1343 355 7
1369 299 1484 354 15-18

60 443 161 514 legatus
178 449 254 500 esset
272 452 321 502 aut
336 447 471 504 Instructo
489 445 679 516 continebitur,
698 446 778 501 sicuti
796 445 954 502 saltuarius:
975 461 1026 517 par
1043 445 1115 502 euim
1133 447 1202 503 ratio
1220 451 1277 502 est:
1295 463 1359 503 nam
1377 447 1484 506 deside·

57 539 116 588 rant
132 539 189 588 tam
208 535 290 591 uillae
308 551 391 605 quam
410 536 484 606 agri¹
503 535 664 606 custodiam,
682 535 745 604 illic,
764 549 799 589 ne
817 534 882 605 quid
899 536 983 592 nicini
1001 539 1049 592 aut
1060 536 1119 606 agri
1131 541 1179 592 aut
1190 534 1327 592 fructuum
1340 543 1483 610 occupent,

56 620 111 692 bic,
129 639 164 678 ιιι
183 624 249 694 quid
268 631 420 680 ceterarum
438 641 527 681 rerum
546 640 617 696 quae
635 624 746 680 ionilla
764 625 950 681 continentur:
973 625 1038 681 uilla
1055 630 1146 682 autem
1165 626 1223 682 siue
1241 625 1297 681 ulla
1314 624 1483 683 dubitatione

55 725 117 779 pers
134 711 214 768 fundi
232 712 356 770 babetur.
1129 713 1130 718 ’
1503 723 1517 764 s

1 811 19 871 5
106 801 250 859 Αιιιιιιιιι
274 803 342 860 libro
365 804 486 860 secundo
510 804 678 874 disertorum
696 819 714 860 a
730 805 815 860 Paulo
834 803 1052 874 epitomatorum.
1089 803 1175 860 Uillae
1192 803 1291 860 iustru-
1310 798 1483 890 Q
1502 806 1524 862 S

1 916 18 959 ι
58 895 146 946 mento
164 891 258 962 legato
277 894 471 963 supellectilem
489 909 544 950 uon
562 893 694 950 contineri
712 894 804 948 uerius
822 898 873 950 est.
911 893 998 950 Uinea
1015 897 1044 949 et
1060 893 1240 950 insturmento
1259 894 1317 949 eius
1334 893 1426 964 legato
1444 894 1483 950 in·

59 981 237 1036 strumentum
255 983 352 1038 niueae
369 982 436 1038 nibil
453 998 514 1038 esse
532 981 644 1039 Seruius
656 982 806 1053 respondit:
826 983 947 1054 quicum
960 982 1128 1053 consulebat,
1146 983 1299 1040 cornelium
1311 983 1485 1054 respondisse

1 1091 31 1138 ς
62 1065 146 1122 aicbat
167 1070 246 1140 palos
268 1073 388 1142 perticas
411 1077 514 1128 rastros
536 1073 641 1143 ilgoncs
666 1073 838 1128 iustrumenti
860 1073 957 1128 uineae
982 1087 1057 1128 esse:
1080 1071 1154 1142 quod
1172 1072 1263 1128 uerius
1281 1077 1331 1127 est.
1368 1072 1484 1138 Quidam

64 1158 133 1212 uxori
151 1157 276 1230 fundum,
294 1161 334 1215 uti
351 1161 501 1217 instructus
519 1167 601 1231 esset,
620 1161 648 1216 in
666 1176 721 1231 quo
739 1162 798 1232 ipse
816 1161 967 1232 habitabat,
986 1161 1096 1232 legauit.
1123 1163 1263 1217 consultus
1281 1161 1316 1217 de
1327 1162 1485 1218 mulieribus

66 1244 170 1302 lanificis
193 1265 229 1303 an
251 1249 431 1306 instrumento
454 1250 670 1319 contuerentur,
695 1249 836 1320 respondit
854 1266 908 1306 non
925 1250 1035 1321 quidem
1053 1265 1115 1306 esse
1133 1250 1305 1306 instrumenti
1322 1249 1412 1322 fundi,
1435 1249 1485 1307 sed
1504 1255 1531 1296 ¹⁰

71 1337 183 1404 quoniam
202 1337 262 1407 ipae
279 1343 358 1409 pater
376 1337 507 1410 familiae,
531 1340 578 1411 qui
595 1341 729 1410 legasset,
752 1339 780 1394 in
798 1354 832 1394 eo
850 1338 935 1397 fundo
953 1338 1118 1411 babItaeset,
1142 1338 1261 1396 dubitari
1279 1355 1334 1397 nou
1351 1347 1484 1412 oportere,

76 1426 124 1494 quin
141 1431 168 1482 et
185 1427 300 1483 ancfllae
317 1433 346 1484 et
363 1432 471 1484 ceteras
489 1443 547 1498 res,
569 1428 668 1500 quibus
686 1431 765 1500 pater
783 1427 900 1484 familias
918 1429 946 1485 irr
964 1444 998 1486 eo
1016 1427 1101 1486 iuudu
1120 1435 1194 1486 esset
1211 1430 1372 1502 instructus,
1390 1445 1485 1489 omnes

78 1513 164 1584 iustae
180 1515 346 1572 uiderentur.

39 1601 71 1661 ri
119 1605 283 1662 mauranus
305 1604 374 1662 libro
397 1606 513 1678 septimo
537 1607 745 1664 institutionum.
781 1607 849 1663 item
873 1607 985 1677 picturis
1003 1607 1183 1666 instrumento
1201 1609 1292 1680 legato
1310 1603 1485 1694 Q
1503 1605 1542 1679 Ss

66 1703 142 1748 reuse
158 1694 168 1764 l
185 1695 289 1751 colores
307 1695 460 1765 similiaque
477 1695 573 1752 horum
590 1697 683 1766 legato
702 1695 810 1765 cedunt,
829 1697 894 1751 item
912 1696 1031 1767 peniculi
1048 1703 1078 1754 et
1095 1698 1216 1754 cauteria
1234 1702 1262 1754 et
1280 1697 1408 1754 conchae.
1441 1699 1484 1755 In·
1501 1695 1518 1744 f·
1529 1691 1566 1744 ὅθ’

36 1789 41 1804 ·
91 1787 207 1839 strumento
224 1785 373 1854 piscatorio
391 1785 523 1840 contineri
540 1785 634 1842 Aristo
652 1787 691 1841 ait
708 1785 859 1856 naucellae,
877 1799 948 1856 quae
966 1787 1080 1856 piscium
1099 1787 1292 1858 capiendorum
1311 1802 1395 1842 causa
1412 1803 1484 1844 coru·
1503 1789 1531 1831 ¹⁶

74 1877 172 1940 rpurtae
188 1877 263 1954 sunt:
282 1873 333 1928 sed
351 1879 379 1928 et
396 1871 548 1944 pis'catures
566 1875 698 1930 contineri
716 1877 808 1931 uerius
824 1879 875 1930 est.
904 1875 1087 1932 iustrumento
1099 1875 1266 1932 balneatorio
1278 1869 1370 1946 legebo
1382 1875 1485 1934 dictum

95 1959 300 2018 estbrlreatorem
320 1963 361 2018 sic
378 1963 559 2019 instrumento
578 1965 709 2020 conticeri
727 1963 872 2035 balneario,
891 1965 1028 2035 quomodo
1045 1966 1224 2021 iustrumentu
1236 1963 1313 2020 fundi
1325 1967 1484 2022 saltuarium

96 2051 239 2122 etopbrim,
257 2056 287 2108 et
304 2053 484 2109 instrumento
502 2053 637 2124 cauponio
648 2054 808 2124 lnsdturenr,
827 2069 888 2109 cum
901 2052 1015 2110 balneae
1027 2055 1085 2112 elne
1097 2053 1299 2111 balneatoribus
1312 2069 1392 2112 usum
1404 2071 1484 2113 suum

96 2137 188 2205 prebere
204 2156 257 2196 nou
274 2141 390 2212 possint.
815 2211 818 2226 ¹
1503 2148 1531 2190 ¹⁰

62 2219 86 2278 li
132 2227 225 2285 laurus
243 2229 312 2286 libro
331 2230 453 2286 secundo
471 2230 505 2285 ad
517 2230 666 2286 Uitellium.
693 2229 761 2287 (ium
779 2229 814 2286 de
826 2231 940 2288 lanionis
951 2232 1131 2288 instrumento
1144 2232 1290 2303 quaeritur,
1309 2229 1442 2318 [erare.
1454 2245 1484 2293 1¹1
1502 2230 1529 2286 E

98 2323 170 2370 uncta
184 2333 260 2374 carne
278 2335 389 2376 mensas
407 2319 528 2390 pondera
545 2318 763 2390 ferramentaque
780 2319 923 2376 laniandae
942 2321 1031 2376 cernis
1049 2327 1315 2392 causaprseparata,
1333 2323 1416 2377 item¹
1428 2328 1483 2378 tru-

77 2400 146 2458 llirrs
162 2408 251 2464 cultros
274 2409 403 2465 dolabras
426 2409 605 2465 instrumento
626 2409 809 2479 reIInquimus.
846 2409 1031 2466 Instrumento
1048 2411 1140 2481 legato
1159 2410 1304 2480 aliquando
1323 2411 1405 2466 etiam
1423 2427 1483 2482 per·

99 2503 154 2548 uras
169 2495 308 2566 legantium
332 2513 447 2554 necesse
470 2503 514 2554 est
535 2498 641 2568 inspici.
670 2503 702 2553 ut
720 2513 783 2553 ecce
800 2499 913 2568 pistorio
931 2500 1111 2555 instrumento
1129 2499 1220 2570 legato
1238 2500 1278 2556 lta
1294 2500 1347 2571 ipsi
1363 2500 1483 2571 pistores

98 2577 160 2637 ἱιιιιι
173 2587 249 2642 uideri
266 2591 397 2658 possunt,
416 2588 440 2642 si
457 2592 535 2658 pater
552 2585 668 2643 familias
686 2587 830 2658 pistrinum
848 2587 982 2644 exercuit:
1001 2605 1064 2644 nam
1082 2589 1226 2660 plurimum
1244 2589 1365 2660 interest,
1384 2589 1482 2646 iustru-
1501 2593 1530 2636 *ὅ

75 2671 182 2728 inertum
197 2676 341 2746 pistoribus
359 2692 394 2730 au
412 2676 527 2746 pistrino
543 2682 669 2748 paratum
688 2677 732 2731 sit.
759 2677 872 2733 Asinam
891 2678 1084 2735 molendariam
1103 2682 1132 2734 et
1149 2679 1247 2734 molam
1260 2683 1343 2750 negat
1354 2679 1482 2736 Neratius

75 2755 233 2822 ⁸butrrrneuto
255 2763 334 2821 fundi
353 2765 493 2820 conticeri.
529 2767 597 2822 Item
616 2765 749 2822 caccabus
767 2770 795 2822 et
811 2768 920 2837 patinas
938 2769 966 2824 iu
983 2769 1163 2824 instrumento
1181 2766 1258 2823 fundi
1278 2783 1339 2824 esee
1357 2768 1481 2840 dicimus,

98 2846 142 2913 liis
153 2852 197 2908 aius
212 2854 252 2910 bis
269 2855 481 2925 pulmentarium
501 2857 581 2927 coqui
598 2871 653 2912 non
671 2859 769 2926 potest
798 2871 849 2912 nec
862 2858 977 2912 multum
989 2856 1088 2914 reiert⁸
1100 2857 1171 2912 iuter
1189 2856 1321 2913 caccabus
1333 2863 1362 2914 et
1373 2873 1481 2930 aenum,

98 2936 148 3002 illd
164 2957 234 3013 supra
255 2943 348 3000 focum
366 2943 481 3016 pendet:
504 2944 549 3001 bic
566 2961 639 3016 aqua
656 2945 691 3001 ad
709 2945 858 3016 potandum
876 2943 978 3017 calefit,
1002 2946 1030 3002 iu
1048 2947 1100 3003 illis
1118 2947 1327 3017 pulmentarium
1346 2948 1480 3018 coquitur.

97 3025 148 3090 llid
160 3031 177 3085 si
191 3048 283 3089 aarum
302 3034 483 3090 iustrumeuto
502 3035 662 3106 continetur,
681 3035 756 3090 urcei
773 3049 890 3106 quoque,
908 3033 1007 3104 quibus
1026 3050 1098 3105 aqua
1115 3035 1142 3091 in
1161 3051 1258 3092 aenum
1276 3035 1434 3108 intruditur,
1452 3038 1481 3092 iu
1500 3037 1529 3080 ⁸⁰

97 3109 146 3168 idem
161 3135 234 3188 renus
256 3123 431 3193 rediguntur,
456 3139 488 3179 ac
508 3123 637 3195 delneepa
654 3125 682 3178 iu
700 3122 833 3180 infinitum
850 3123 945 3195 primis
963 3123 1116 3195 quibusque
1134 3125 1258 3196 prorius
1276 3126 1403 3196 copulata
1419 3142 1480 3198 pro·

97 3200 171 3262 euru
193 3213 322 3282 opdmum
341 3227 408 3282 ergo
425 3227 487 3268 esse
505 3213 605 3268 PedIus
624 3213 663 3268 ait
680 3228 734 3268 nun
746 3213 882 3284 propriam
895 3212 1039 3269 uerborum
1052 3212 1276 3284 signiticationem
1290 3216 1412 3286 scrutari,
1431 3215 1481 3272 sed

96 3285 195 3360 iillinis
209 3301 273 3371 quid
291 3306 408 3356 testator
425 3301 611 3358 demonstrare
629 3301 754 3372 uoluerit,
773 3301 873 3356 deiude
890 3301 919 3357 iu
936 3317 990 3371 qua
1007 3303 1227 3374 praesumptione
1240 3307 1304 3358 sunt
1315 3304 1362 3373 qui
1374 3304 1403 3359 iu
1414 3319 1480 3374 qua·

74 3383 132 3446 ‘lit
143 3388 233 3456 regione
251 3395 462 3446 commorantur.
490 3389 559 3446 Cum
577 3390 612 3446 de
630 3391 710 3446 uilico
728 3395 904 3461 quaereretur
915 3395 943 3445 et
956 3406 990 3446 an
1002 3391 1182 3447 insturmeuto
1200 3388 1479 3474 [aemulemur

96 3463 165 3528 buret
177 3473 218 3532 ιι(
231 3478 411 3548 dubitaretur,
430 3478 564 3535 Scaeuola
575 3480 715 3535 consultus
727 3479 893 3550 responditi,
912 3479 935 3534 si
948 3494 1001 3534 uon
1013 3480 1151 3550 pensionis
1164 3485 1239 3536 certe
1251 3483 1411 3552 quantitate,
1430 3481 1480 3538 sed
1500 3485 1528 3527 δῦ

74 3551 131 3611 ‘fide
143 3561 258 3624 doninica
275 3569 417 3638 coleretur,
435 3567 536 3624 deberi.
575 3567 650 3625 Idem
669 3570 810 3625 consultus
827 3569 862 3625 de
881 3569 1137 3624 metamolendaria
1153 3569 1300 3639 respondit,
1318 3571 1342 3626 si
1361 3565 1481 3655 [Q

95 3649 169 3709 ri'itit
183 3657 236 3712 elus
254 3655 332 3712 fundi
350 3658 480 3728 operariis
498 3659 656 3729 moleretur,
680 3674 740 3714 eam
764 3673 872 3728 quoque
890 3655 992 3712 deberi.
1028 3661 1071 3712 est
1089 3663 1179 3713 autem
1198 3663 1272 3714 meta
1289 3657 1400 3716 interior
1416 3676 1480 3731 pars
1576 3661 1579 3674 ’

75 3733 160 3811 ‘illst
173 3746 271 3801 catillus
289 3747 421 3817 superior.
452 3747 495 3802 De
506 3747 625 3802 bubulco
637 3761 746 3818 quoque
757 3747 798 3801 ita
809 3745 957 3816 respondit,
976 3746 1035 3801 siue
1047 3745 1081 3800 de
1093 3760 1135 3816 eo,
1154 3746 1201 3816 qui
1219 3745 1308 3802 bubus
1326 3745 1364 3802 ibi
1382 3755 1479 3818 araret,

75 3821 133 3879 irinc
145 3829 170 3888 de
185 3850 227 3905 eo,
245 3837 292 3905 qui
310 3834 397 3891 boues
420 3837 479 3891 eius
502 3835 580 3891 fundi
602 3842 723 3892 aratores
741 3839 878 3906 pasceret,
902 3839 1092 3906 quaereretur,
1110 3835 1211 3891 deberi.
1247 3835 1290 3890 De
1307 3835 1480 3904 putatoribus

75 3909 168 3985 iureque
181 3923 215 3979 its
231 3924 379 3996 respondit,
398 3925 421 3979 si
439 3925 498 3980 elus
515 3923 593 3980 fundi
605 3941 689 3980 causa
700 3924 872 3992 haberentur,
890 3924 995 3979 iussae:
1013 3923 1140 3980 Pastores
1153 3939 1261 3994 quoque
1273 3929 1302 3980 et
1312 3923 1431 3980 iussores
1444 3925 1480 3982 sd
1498 3929 1527 3972 Μ

75 3995 211 4070 ’brutum
229 4015 372 4084 pertinere.
402 4013 472 4069 Item
490 4029 551 4069 cum
570 4013 670 4070 fundus
688 4014 727 4070 itu
745 4015 853 4084 legatus
871 4017 959 4068 esset:
977 4013 1090 4068 ‘Maeuio
1108 4011 1221 4070 fundum
1237 4012 1374 4083 Seianum,
1391 4014 1431 4069 ita
1448 4017 1480 4070 ut

96 4083 182 4158 'iiiluna
202 4103 389 4172 maximusque
407 4107 463 4172 est,
487 4119 549 4158 cum
568 4104 641 4159 omui
659 4104 839 4158 instrumento
856 4103 958 4158 rustico
977 4107 1006 4157 et
1021 4101 1127 4158 urbano
1145 4107 1174 4156 et
1191 4102 1334 4171 mancipiis
1352 4115 1423 4171 quae
1441 4101 1479 4158 ibi

96 4173 381 4261 interpretaretur,
399 4207 434 4246 an
452 4192 557 4246 semina
575 4191 745 4263 deberentur,
764 4191 904 4262 respoudit
922 4192 1013 4247 uerius
1031 4206 1093 4246 esse
1111 4191 1217 4261 deberi,
1234 4191 1287 4246 nisi
1305 4191 1379 4246 aliud
1395 4195 1479 4248 testa·

95 4265 151 4328 uram
167 4281 278 4336 sensisse
302 4279 382 4336 heres
405 4279 542 4351 probaret.
573 4281 645 4336 idem
664 4279 804 4352 respoudit
821 4281 856 4336 de
874 4279 1009 4337 frumento
1027 4280 1147 4351 reposito
1165 4279 1201 4336 ad
1218 4279 1413 4350 mancipiorum
1432 4294 1478 4336 ex·

96 4361 293 4448 F(urruurcrr)

96 4459 436 4489 ..χ-ι--ι-ᾙ

97 4501 213 4588 unqe
230 4535 313 4590 quam
331 4519 432 4575 curaer
484 4519 588 4591 ‘tranq
606 4519 634 4574 ru
652 4519 715 4576 esre
767 4520 906 4577 sereser
958 4522 971 4582 ⁴,
986 4523 1120 4589 curuo.
1135 4522 1162 4589 ι.)
1215 4519 1479 4596 ιιιιιιιιιι

97 4591 475 4622 m

2 4623 3 4628 ἵ
96 4633 280 4720 lffletll'lltl,
299 4651 505 4708 estF²WEIK
536 4651 737 4708 3inui⁴llaF⁸
788 4653 842 4723 ipsi
854 4654 898 4719 F‘,
916 4654 1097 4710 instrumento
1111 4654 1150 4708 lta
1161 4654 1213 4724 ipsi
1227 4653 1286 4720 uu]
1298 4655 1478 4709 lusturmentu

96 4701 268 4794 ⁸ifle'u'quod
286 4724 323 4779 Ρ*
379 4725 412 4780 18
435 4723 514 4816 fundi
586 4725 619 4779 19
633 4725 736 4810 iustru-
789 4725 880 4794 legato
897 4724 1062 4816 ipsinIQ,
1081 4724 1126 4779 iia
1144 4723 1478 4812 iproaoueior'erouuordc

96 4785 737 4938 iltluutffiiritbiiltlt
790 4797 1073 4931 llt‘ttlrlllll
1086 4799 1266 4936 atilli
1280 4795 1420 4923 iimiiffa'
1433 4811 1478 4921 ll:

96 4915 283 5012 Qfflnmtu
301 4939 364 5010 leg]
384 4939 412 4994 iu
430 4940 609 4994 instrumento
626 4940 679 5009 leg.
698 4939 737 4992 Ρ
789 4939 898 5008 leretur]
917 4937 980 4993 illi
993 4938 1021 5009 (ἡ
1034 4939 1179 5011 rrpr'rcoloc)
1191 4939 1221 5010 τῇ
1240 4939 1301 5010 rixa
1315 4937 1363 5000 τοῨ
1381 4937 1476 4993 besuu-

96 4987 283 5068 “ammaum
305 5011 397 5081 legato
419 5011 459 5066 rra
481 5011 542 5080 ipsi]
563 5011 614 5074 IG,
638 5011 736 5066 iustru-
789 5029 837 5074 rur
860 5011 1003 5075 ιγλλὲιετιι
1027 5011 1054 5066 Β
1073 5012 1198 5084 (Τι’ριιι.);
1221 5013 1288 5082 esl.
1304 5009 1339 5065 20
1357 5009 1402 5079 §1
1420 5009 1476 5064 bt.

96 5073 257 5154 mulum
278 5083 424 5154 ailquando
443 5083 524 5138 ctiam
542 5079 681 5152 personas'
699 5083 738 5138 ita
789 5083 825 5138 40
840 5083 881 5138 ita
953 5097 1062 5154 quoque
1080 5084 1119 5138 bis
1136 5083 1172 5137 F'

212 5171 239 5220 u

1249 5173 1267 5232 ‘d
