3518 5452
43 299 227 367 senonim
356 289 357 294 ’
728 273 814 356 293
1201 277 1349 346 XXXVII
1370 280 1490 344 61·-2

57 451 143 508 pente
164 443 238 511 patre
256 437 322 492 nihil
340 437 451 507 babuit,
471 453 533 494 eum
552 437 625 508 apud
644 437 737 498 hostes
756 436 845 508 fuerit,
864 441 956 493 tamen
974 441 1003 493 et
1020 437 1056 493 ad
1073 436 1206 492 bonorum
1224 437 1425 508 possessionem
1444 437 1490 492 ad·

65 538 185 594 misectur
200 532 227 582 et
243 527 366 583 conferet
384 527 489 582 scilicet
507 541 551 596 ea,
575 541 646 596 quac
669 528 801 582 moriente
825 533 904 598 patre
928 527 1053 596 haberet,
1077 527 1101 582 si
1119 526 1154 581 ab
1172 526 1297 582 hostibus
1321 533 1418 598 captus
1436 543 1490 582 non

71 625 167 681 {nismt
193 617 238 672 scd
257 623 286 672 et
304 617 328 672 si
346 615 506 686 redemptus
525 615 560 670 ab
578 613 704 670 hostibus
723 617 818 671 mortis
836 621 959 686 tempore
982 617 1068 686 patris
1086 616 1254 686 inueniatur,
1277 631 1363 684 acque
1382 616 1490 671 collatio

44 727 67 772 ιι
79 711 120 768 erit
134 705 259 764 iacienda
296 704 328 760 Si
346 706 517 775 emancipato
535 706 656 774 legatum
675 703 771 774 suerit,
790 720 852 760 cum
870 710 950 776 pater
967 707 1109 774 morietur,
1128 706 1210 760 etiam
1228 704 1280 760 hoc
1299 703 1421 761 conferre
1439 700 1490 788 [(Ῑι

49 799 157 857 redebet
190 793 215 849 Si
232 793 267 849 ab
284 795 346 865 ipso
364 798 442 864 patre
460 793 561 848 herede
586 793 711 849 instituto
735 791 791 848 filio
816 793 875 848 cius
898 791 1139 850 fideicommissum
1162 793 1245 849 fuerit
1266 795 1403 864 relietum,
1427 781 1522 850 cume

90 887 203 953 norietur,
224 899 258 938 an
275 883 304 938 id
323 882 518 939 conferendum
537 887 591 951 est,
616 883 744 950 quoniam
763 883 830 937 utile
849 887 891 937 est
908 881 960 938 hoc
978 881 1241 939 fideicommissum?
1267 887 1295 938 et
1313 883 1434 953 eueniet,
1457 887 1489 938 ιιι

92 991 129 1046 pm
142 989 170 1028 eo
184 971 323 1042 habeatnr,
348 976 431 1042 atque
450 972 555 1042 sipost
573 975 687 1026 mortem
706 971 792 1042 patris
811 972 934 1028 relictum
952 970 1061 1042 fuisset,
1086 988 1136 1027 nec
1159 976 1273 1042 cogetur
1295 971 1340 1028 hie
1357 971 1488 1044 conferre,

61 1071 83 1115 ιι
96 1063 143 1133 qnia
154 1062 270 1117 moriente
294 1075 329 1116 eo
352 1075 407 1116 non
430 1059 555 1116 sabaotb
592 1061 788 1130 Emancipato·
811 1058 883 1116 fitius
907 1061 1046 1117 sidetem
1070 1059 1172 1116 habeat
1195 1060 1230 1116 ab
1248 1078 1332 1117 uxore
1351 1049 1488 1136 Q

62 1159 84 1204 ιι
98 1155 216 1220 acceptam,
231 1149 282 1205 hoc
300 1151 390 1206 minus
408 1148 521 1216 confert,
540 1149 592 1204 etsi
611 1153 674 1204 ante
692 1163 762 1204 uxor
780 1149 936 1205 decesserit.
972 1149 1001 1206 Si
1019 1150 1154 1220 impuberi
1171 1151 1304 1220 adrogato
1323 1167 1417 1206 secun-
1437 1145 1487 1234 Q

98 1237 144 1293 dun
158 1239 203 1294 diui
218 1239 255 1294 Pii
273 1240 435 1310 rescriptum
455 1243 553 1308 quarta
570 1237 698 1308 debetur,
722 1237 871 1294 uidendum
896 1245 951 1310 est,
976 1255 1024 1310 an,
1047 1241 1070 1294 si
1093 1241 1179 1310 patris
1202 1241 1333 1295 naturalis
1355 1239 1487 1296 bonorum
1507 1251 1535 1291 ιι

98 1327 256 1396 possesionem
274 1333 365 1400 petat,
384 1326 507 1384 conferre
524 1332 649 1398 quartam
668 1327 777 1384 debeat.
803 1329 928 1398 quaestio
947 1329 975 1384 in
993 1343 1026 1384 eo
1044 1333 1101 1400 est,
1120 1345 1155 1384 an
1173 1328 1268 1384 heredi
1286 1345 1336 1385 sno
1354 1329 1489 1400 relinquat

99 1420 182 1484 quote
197 1419 322 1473 achonem
342 1435 377 1474 an
396 1433 459 1473 non.
487 1421 515 1472 et
533 1417 621 1486 magis
639 1422 696 1488 est,
714 1421 747 1476 ιιι
765 1417 802 1472 sd
818 1417 946 1474 heredem
969 1415 1128 1488 transferet,
1154 1419 1218 1488 quia
1240 1419 1391 1490 personalis
1416 1419 1487 1474 actio

99 1507 141 1558 est:
153 1505 219 1574 igitur
234 1507 315 1563 etiam
335 1507 370 1562 de
388 1511 486 1577 quarta
503 1504 669 1562 eonferenda
686 1521 785 1562 cauere
803 1521 866 1562 sum
885 1506 1036 1578 oportebit,
1055 1507 1104 1562 sed
1122 1507 1174 1562 hoc
1192 1508 1232 1562 ita
1249 1507 1373 1576 demum,
1392 1509 1415 1564 si
1433 1509 1487 1564 iam

23 1597 34 1618 ‘
99 1597 147 1646 nata
163 1601 197 1649 est
214 1601 323 1666 quartae
340 1596 446 1667 petitio.
475 1602 595 1651 ceterum
614 1596 638 1650 si
656 1595 745 1652 adhue
767 1600 846 1667 pater
868 1597 1014 1667 adoptione
1037 1597 1127 1667 uiuat,
1151 1597 1277 1667 quicum
1296 1598 1488 1668 emancipauit,

99 1679 208 1740 dicendam
222 1689 263 1740 eat
280 1687 435 1741 cantionem
455 1699 562 1756 qnoque
581 1699 704 1740 cessare:
722 1690 898 1756 praematura
915 1692 958 1741 est
975 1686 1047 1740 enim
1066 1701 1130 1756 spes
1146 1685 1305 1758 collationis,
1325 1703 1385 1742 cum
1398 1687 1488 1743 adhuc
1507 1697 1534 1738 ιι

66 1770 155 1824 trahat
167 1773 192 1843 is,
207 1775 277 1830 cuins
296 1775 331 1830 de
350 1775 429 1831 benis
446 1779 544 1845 quarta
562 1774 685 1832 debetur.
717 1775 746 1832 Si
763 1777 788 1831 is
806 1777 853 1846 qui
870 1775 944 1831 bona
961 1775 1107 1830 colisturus
1126 1779 1169 1830 eat
1185 1775 1286 1832 habeat
1303 1773 1388 1832 fllium
1406 1791 1487 1846 pecu·

98 1857 146 1913 litu
163 1867 282 1920 castrense
304 1863 463 1934 habentem,
491 1879 545 1920 non
569 1871 682 1934 cogetur
705 1866 800 1936 utique
822 1865 958 1936 peculium
981 1864 1040 1920 eius
1063 1863 1194 1920 conferre.
1221 1864 1271 1920 sed
1294 1865 1318 1920 si
1344 1866 1399 1920 iam
1421 1872 1488 1921 tunc

99 1955 261 2008 peruaserat
281 1952 354 2010 iilius
378 1954 437 2008 eius
461 1957 489 2008 et
509 1957 648 2010 castrense
667 1955 802 2024 peculium
821 1953 939 2024 habebit,
964 1969 1027 2009 cum
1052 1955 1181 2010 morietur
1205 1954 1228 2009 is
1252 1954 1330 2010 cuius
1354 1953 1486 2010 honorum

98 2040 201 2104 nmero
215 2041 332 2112 psoenda
349 2047 405 2097 est:
424 2057 459 2098 an
478 2041 601 2098 conferre
620 2043 754 2113 cogatur?
781 2057 842 2098 cum
862 2048 954 2100 autem
972 2043 1104 2100 uindicari
1121 2043 1150 2098 id
1168 2043 1239 2112 patri
1251 2057 1305 2099 non
1317 2044 1486 2116 sitnecesse,

99 2121 138 2178 dici
150 2131 264 2197 oportebit
280 2129 488 2187 conferendum:
513 2133 656 2187 nonenim
679 2145 753 2188 nunc
774 2131 939 2202 adquiritur,
963 2132 1013 2188 sed
1035 2147 1090 2188 non
1112 2131 1250 2188 adimitur.
1277 2133 1393 2204 amphus
1416 2135 1486 2206 dieo,
1506 2143 1534 2184 so

99 2215 149 2268 etsi
161 2215 283 2276 institutus
302 2219 385 2275 suerit
402 2237 419 2275 a
436 2217 491 2276 titio
510 2221 588 2276 heres
606 2235 657 2276 nec
676 2221 741 2276 dum
760 2221 857 2278 adierit
869 2219 1022 2292 habeatque
1034 2221 1220 2292 substitutum,
1239 2222 1369 2292 quianon
1383 2223 1487 2292 magis¹

65 2304 151 2357 burne
163 2311 284 2376 quaeritur
302 2310 438 2380 peculium
457 2325 539 2380 quam
558 2325 631 2365 nunc
654 2326 709 2366 non
733 2309 879 2382 alienatur,
902 2310 1018 2367 conferri
1041 2309 1149 2366 debere.
1186 2309 1330 2366 Confertur
1348 2307 1485 2396 [Q

99 2395 164 2448 auhn
178 2399 248 2452 etiam
266 2399 290 2452 si
309 2397 375 2468 quid
393 2398 452 2454 eius
470 2414 525 2454 non
543 2397 637 2469 suerit,
662 2399 815 2456 dolomate
834 2405 924 2456 eutem
943 2399 1046 2455 iactum
1064 2400 1112 2469 sit,
1136 2414 1191 2470 quo
1216 2401 1304 2456 minus
1325 2407 1412 2456 esset:
1436 2401 1486 2456 sed

98 2475 135 2532 boc
147 2484 177 2538 sic
190 2487 371 2558 accipiendum
390 2492 440 2557 est,
459 2493 491 2542 nt
509 2487 560 2544 hoc
578 2489 688 2544 demum
703 2482 870 2560 conferatur,
890 2489 963 2560 quod
981 2490 1040 2544 eius
1058 2503 1119 2544 esse
1138 2487 1219 2544 desiit
1236 2487 1298 2545 doio
1310 2491 1395 2545 maio:
1413 2495 1485 2546 cete·

99 2581 140 2622 ιιιι
153 2573 170 2627 ri
184 2575 206 2631 id
222 2578 292 2647 egit,
317 2591 352 2631 ne
375 2576 545 2647 adquireret,
569 2594 624 2633 non
648 2579 724 2634 uenit
747 2580 776 2633 in
798 2579 983 2634 collationem:
1008 2593 1071 2633 nam
1095 2577 1139 2633 bio
1156 2582 1185 2634 et
1202 2577 1254 2634 sibi
1272 2579 1415 2634 insidiatus
1433 2584 1484 2636 est
1505 2589 1534 2632 rs

64 2655 86 2700 Ἀ
98 2653 202 2720 Portiones
217 2667 388 2722 collationum
408 2667 449 2722 ita
465 2671 546 2722 erunt
563 2665 717 2722 faciendae:
736 2671 852 2738 utputa
870 2667 924 2723 duo
943 2672 1007 2723 sunt
1023 2665 1072 2722 iiiii
1089 2667 1117 2722 in
1135 2671 1286 2738 potestate,
1304 2683 1375 2724 unus
1393 2683 1485 2726 eman·

98 2743 173 2813 epm,
187 2751 282 2810 babens
306 2761 443 2811 trecenta:
468 2755 587 2812 ducenta
610 2755 740 2812 iratribus
764 2754 881 2826 confert,
907 2755 958 2811 sihi
977 2761 1100 2812 centum:
1125 2755 1190 2812 iacit
1212 2757 1283 2812 enim
1306 2757 1346 2814 eis
1370 2765 1485 2830 partem,

97 2839 187 2898 timuis
202 2843 222 2899 is
239 2845 288 2915 sit,
314 2846 359 2900 cui
377 2843 494 2900 conferri
512 2861 566 2901 non
584 2846 662 2901 solet.
689 2845 763 2916 quod
782 2847 805 2900 si
823 2845 878 2902 duo
896 2845 951 2900 sint
973 2843 1020 2900 biii
1044 2846 1207 2916 emancipati
1225 2845 1357 2902 habentes
1375 2854 1486 2904 trecens

97 2923 117 2974 et
128 2923 168 2982 duo
181 2931 204 2986 in
220 2939 370 3004 potestate,
389 2949 476 3005 aeque
495 2933 640 2991 dicendum
659 2941 701 2991 est
720 2935 841 3005 singulos
859 2934 986 3004 singulis,
1005 2935 1052 3006 qui
1070 2939 1135 2990 sunt
1151 2936 1180 2990 in
1198 2940 1347 3006 potestate,
1370 2941 1486 2992 centena

97 3011 194 3089 erisne,
210 3029 325 3079 centena
342 3025 468 3094 retinere,
490 3024 539 3079 sed
558 3025 633 3095 ipsos
651 3024 770 3080 inuicem
788 3023 854 3078 nihil
872 3021 1002 3080 conferre.
1031 3023 1103 3080 debs
1121 3039 1229 3094 quoque
1248 3025 1356 3080 collatio
1374 3025 1401 3080 in
1419 3041 1484 3081 eun·
1504 3036 1533 3077 so

96 3095 249 3249 &Rhodum
273 3111 336 3184 fiet,
363 3119 395 3169 ιιι
421 3115 586 3184 quicumque
613 3112 732 3184 confert,
760 3113 843 3168 etiam
869 3127 947 3168 suam
974 3113 1132 3185 perlisonam
1160 3118 1285 3174 numeret
1308 3115 1336 3171 in
1361 3115 1484 3186 partibus
1502 3119 1582 3170 tlts'

71 3267 85 3324 ²
131 3279 225 3346 Pronus
242 3289 313 3346 libro
330 3291 560 3362 quadragensimo
572 3291 660 3361 primo
677 3291 714 3346 ad
726 3291 855 3346 edictum.
886 3289 953 3347 Cum
973 3292 1136 3362 emancipati
1153 3290 1202 3347 filii
1220 3293 1328 3348 nomine
1347 3287 1483 3378 Q
1501 3299 1522 3352 S

96 3377 186 3437 iepram
201 3385 356 3450 postumum
376 3382 503 3452 portani
521 3387 635 3436 mortem
654 3381 757 3436 editum
777 3381 892 3436 dicimus
910 3380 1041 3436 bonorum
1054 3381 1255 3451 possessionem
1269 3382 1392 3451 accipere
1404 3399 1483 3452 epor-

96 3456 140 3529 ti'b
152 3471 322 3526 remeantium
342 3471 394 3526 erit
412 3469 503 3526 dicere
520 3469 594 3526 bona
612 3487 663 3526 sua
681 3485 743 3525 eum
763 3468 894 3538 conferre,
912 3470 977 3524 lieet
993 3485 1049 3524 non
1066 3473 1159 3540 potest
1176 3470 1229 3524 diei
1249 3471 1343 3525 mortis
1360 3473 1483 3540 tempore
1502 3482 1530 3523 aa

95 3546 125 3600 ⁸ii
137 3547 193 3613 bona
207 3559 349 3628 habuisse,
365 3559 411 3629 qui
429 3559 488 3631 ipse
507 3558 627 3614 noudum
646 3561 674 3615 in
691 3575 782 3616 rerum
800 3562 899 3615 natura
917 3563 983 3614 erat.
1011 3559 1095 3629 igitur
1113 3560 1172 3614 siue
1187 3559 1364 3614 hereditatem
1378 3565 1484 3632 apatre

75 3629 134 3690 isira
150 3643 256 3717 legatum
281 3649 431 3719 acceperit,
455 3647 508 3704 hoc
531 3647 654 3704 conferre
678 3648 798 3704 debebit.
822 3647 909 3703 'Illud
932 3652 1024 3703 autem
1048 3647 1260 3718 intellegendum
1284 3653 1327 3702 est
1348 3647 1432 3702 filiium
1456 3649 1484 3704 in

94 3715 148 3820 bus
161 3733 260 3810 habere,
279 3738 355 3808 quod
373 3738 493 3794 deducto
512 3753 575 3793 acre
594 3739 682 3794 alieno
701 3743 834 3808 superest.
862 3737 911 3794 sed
929 3739 953 3793 si
971 3735 1023 3793 sub
1042 3737 1202 3793 condicione
1220 3735 1333 3806 debeat,
1357 3751 1411 3793 non
1429 3741 1483 3794 sta·

91 3809 159 3876 hap
174 3826 304 3882 deducere
323 3825 442 3897 debebit,
461 3826 510 3881 sed
529 3827 557 3882 id
575 3842 684 3898 quoque
703 3825 839 3882 conferre:
862 3831 958 3884 eontra
981 3832 1071 3881 sutem
1091 3828 1182 3882 caueri
1200 3827 1225 3882 ei
1242 3826 1380 3897 oportebit
1397 3827 1433 3883 ab
1450 3843 1483 3884 eo

70 3893 123 3962 ’iti
137 3907 157 3966 in
171 3923 303 3984 macuta
321 3921 378 3986 est,
400 3921 431 3972 nt
454 3917 590 3972 existente
610 3915 771 3972 condicione
789 3913 952 3972 defendatur
968 3932 1018 3986 pro
1036 3931 1070 3972 ea
1087 3921 1165 3987 parte
1183 3931 1264 3986 quam
1282 3917 1405 3972 contulit.
1441 3918 1484 3972 De
1503 3926 1531 3967 ιι

88 3981 133 4088 fflf'b
146 4015 204 4070 quae
221 4007 280 4061 eine
300 4006 381 4076 culpa
398 4003 446 4060 biii
464 4005 629 4075 emancipati
646 4009 710 4075 post
727 4009 843 4060 mortem
861 4006 946 4076 patris
964 4005 1111 4076 perierunt,
1128 4006 1275 4076 quaeritur,
1294 4005 1330 4060 ad
1341 4006 1419 4062 cuius
1437 4006 1483 4062 de

86 4073 210 4150 burrum
228 4111 263 4151 aa
279 4095 417 4166 pertinere
436 4093 563 4150 debeant.
592 4099 620 4150 et
637 4095 760 4165 plerique
778 4099 876 4164 putant
893 4109 939 4164 ea,
958 4109 1028 4164 quae
1046 4095 1105 4149 sine
1123 4094 1185 4150 dolo
1203 4099 1232 4150 et
1249 4095 1330 4165 eulpa
1347 4095 1483 4165 perierint,

9 4209 10 4246 ,
84 4161 259 4240 'deoihtionis
278 4199 348 4238 onus
366 4199 420 4239 non
438 4185 587 4254 pertinere:
607 4189 636 4239 et
652 4183 705 4240 hoe
723 4199 758 4239 ex
775 4183 828 4239 iilis
846 4183 937 4240 uerbis
955 4183 1167 4254 intellegendum
1187 4189 1238 4255 est,
1258 4183 1357 4254 quibus
1374 4189 1486 4254 practer

9 4275 11 4322 ῑ
83 4257 126 4314 ”¹¹¹
138 4263 190 4328 boni
205 4273 338 4330 arbitratu
356 4271 434 4330 iubet
451 4271 567 4330 conferri
584 4273 670 4330 bona:
688 4273 733 4328 nir
750 4277 841 4328 autem
859 4271 948 4330 bonus
966 4288 1021 4330 non
1039 4275 1075 4330 ait
1092 4273 1272 4330 arbitraturus
1289 4272 1483 4330 conterendum

9 4401 11 4458 ῑ
81 4343 699 4483 Ἢ

9 4467 12 4550 i
83 4483 191 4582 ΙΫαίιιιι]
206 4513 367 4570 habuisset?
438 4513 522 4568 ¹nou
539 4517 596 4569 tam
615 4522 662 4568 ins.

81 4571 477 4615 &m

82 4615 190 4722 Ξἒιῐξὶιιι
204 4649 241 4702 1¹¹¹
263 4649 268 4716 Ι
288 4647 361 4718 patri
384 4647 420 4700 F²
441 4646 446 4714 1
466 4645 490 4701 si
511 4663 558 4700 em.
571 4647 608 4700 F¹
662 4647 741 4704 ico·
794 4645 938 4704 lations'm’
957 4645 1006 4700 Ρ*
1030 4648 1035 4716 Ι
1059 4663 1122 4702 nam
1145 4646 1189 4703 hic
1212 4653 1241 4704 et
1263 4646 1315 4703 sibi
1339 4648 1482 4706 insidiatus

114 4717 183 4786 ,iiiut
202 4717 240 4774 F*
295 4719 313 4774 8
335 4725 387 4774 eie*
409 4719 455 4782 F’,
479 4731 513 4772 eo
536 4719 594 4773 eius
617 4719 746 4774 DEJOK
795 4721 846 4789 est]
874 4719 955 4782 οῨτοι
984 4717 1028 4788 [dp
1057 4719 1095 4773 sai
1124 4718 1208 4788 ἐιγτῷ
1234 4719 1407 4784 ἐιιεΒοῨλεγιε
1435 4721 1483 4776 BS

16 4820 17 4823 =
114 4787 140 4834 Μ
170 4785 272 4846 hereF
326 4791 361 4846 10
384 4789 536 4845 debeatur
552 4791 589 4843 F’
649 4791 681 4844 12
706 4789 742 4845 ad
795 4791 929 4858 (Daretis.)
988 4791 1022 4846 rt
1050 4789 1171 4846 habens*
1192 4790 1228 4844 F*
1253 4793 1257 4858 Ι
1283 4791 1422 4847 conseret
1444 4793 1483 4845 F’

148 4859 192 4930 tic]
213 4861 248 4916 ab
270 4861 364 4918 herem
385 4861 419 4914 F¹
476 4862 509 4917 13
527 4860 585 4930 sed]
603 4866 632 4916 te
650 4859 686 4916 sd
706 4862 741 4914 F1
794 4859 1070 4918 setreeen‘t’ah‘F’:
1088 4860 1480 4949 isdrprarociorsuourcuirms

87 4905 237 5028 {immisto
250 4933 285 4987 pa
301 4935 306 4998 Ι
321 4931 411 4988 adhoc
428 4931 465 4986 ΡΙ
518 4933 553 4987 18
570 4931 742 4988 castrens'a'e
796 4935 822 4988 B
846 4934 956 5000 (Acon.)
1029 4935 1064 4989 ιι
1091 4933 1257 4991 ce‘dentena
1283 4933 1404 4990 conferre
1432 4931 1481 4988 par

108 4987 133 5060 't
146 4997 253 5076 ιιιοιιιι
271 5003 413 5062 senens
460 5004 495 5060 ea
513 5003 742 5074 quaeriturbnm‘
796 5006 831 5060 so
848 5005 893 5060 ιι
913 5005 949 5058 r⁶
1007 5005 1043 5060 se
1060 5006 1115 5076 mr]
1135 5005 1180 5062 ans
1199 5007 1233 5061 rr
1285 5007 1321 5062 eo
1339 5007 1377 5078 us]
1398 5011 1427 5062 a
1444 5006 1479 5059 rr

89 5059 234 5132 burno
274 5073 601 5146 23aiquid'em'eiusF’
640 5075 742 5133 bbcoi·
795 5076 830 5132 41
848 5077 1044 5134 decrimentum
1063 5077 1098 5131 ΡΙ
