3584 5454
259 224 424 296 XXXXVI
446 227 467 290 3
488 231 607 288 67-72
639 265 641 278 ·
940 219 1026 298 712
1379 245 1426 291 ns
1450 242 1692 292 souumoamus
1782 283 1787 288 .

259 397 386 438 nummos
404 381 565 452 accipiendo
584 380 619 438 ab
637 397 671 438 eo
690 381 770 452 elque
788 385 861 436 retro
880 379 973 436 dando
997 397 1031 435 ac
1054 396 1148 436 rursus
1167 381 1328 450 accipiendo
1351 382 1381 438 id
1403 381 1532 438 efficere:
1558 382 1653 449 uelud,
1674 383 1694 437 si

260 475 371 528 centum
389 470 542 527 debitorem
560 471 655 528 decem
675 471 795 542 acceptis
813 469 929 526 liberare
946 470 1066 526 creditor
1084 471 1159 542 uelit,
1178 477 1221 542 ut,
1240 487 1302 527 cnm
1321 471 1418 527 docem
1437 472 1588 542 acceperit,
1606 471 1694 527 eaden

260 563 286 618 ai
304 567 376 618 retro
395 561 501 630 reddat,
521 559 638 616 morab
657 575 690 616 eo
708 560 828 630 accipiat
845 575 877 615 ac
896 559 1045 614 nouissime
1064 561 1193 616 retineat:
1217 561 1271 616 etsi
1287 561 1316 616 in
1334 559 1538 616 dubitationem
1557 577 1575 614 a
1592 560 1694 630 quibua·

260 650 324 705 dam
343 649 395 706 hoo
413 651 483 706 male
502 649 669 719 deducatur,
694 649 768 719 quod
786 664 841 704 non
859 649 948 718 possit
965 647 1054 704 uideri
1078 649 1102 704 ιι
1120 650 1168 720 qni
1186 649 1225 704 ita
1242 649 1363 720 accepit,
1388 655 1420 706 ut
1438 651 1464 704 ei
1483 666 1500 705 a
1520 666 1578 719 quo
1596 650 1695 721 accepit

259 743 332 794 retro
351 738 456 808 reddat,
475 738 591 794 soluisse
610 738 802 808 potiusquam
822 737 1000 792 decessisset
1706 751 1715 791 ι

202 829 241 888 68
314 824 422 895 linear
439 826 509 883 libro
527 830 606 882 sexto
624 827 731 882 decimo
754 827 933 896 digestorum.
969 825 1073 882 Seruus
1095 826 1192 882 decem
1216 825 1282 882 dare
1305 826 1397 882 iussus
1419 829 1526 899 pupillo
1545 821 1694 912 [asso]
1706 833 1725 887 ι
1739 829 1785 882 lut

158 931 161 938 ’
260 921 289 972 ιι
305 915 375 971 liber
392 931 468 984 osse,
492 915 534 970 si²
552 915 632 970 heros
651 916 688 972 ait
704 917 825 986 pupillus
843 916 903 970 siue
921 920 1029 970 tantum
1048 915 1172 970 condicio
1195 915 1224 971 in
1242 931 1303 970 eum
1328 916 1429 972 collata
1452 917 1502 988 sit,
1527 932 1564 972 an
1587 917 1693 972 absente

259 1019 370 1076 quoque
393 1009 484 1060 tutore
508 1004 611 1074 pupillo
636 1003 728 1060 dando
750 1003 905 1060 libertatem
924 1003 1126 1074 consequatur?
1153 1004 1271 1060 moueris
1294 1005 1499 1074 comparatione
1522 1004 1692 1072 condicionis,

259 1107 331 1164 quae
349 1093 473 1148 constitit
491 1093 518 1148 in
537 1090 625 1160 facto,
648 1093 734 1148 ueluti
753 1093 785 1148 'si
803 1093 906 1164 pupillo
924 1091 1067 1162 semierit',
1092 1107 1163 1162 quae
1186 1097 1280 1162 potest
1300 1094 1407 1164 impleri
1425 1095 1496 1150 citra
1514 1094 1691 1150 intumentum

259 1195 369 1254 quoque
388 1181 495 1236 tutoris.
522 1180 649 1250 etquid,
672 1181 776 1251 inquis,
800 1182 824 1236 si
846 1185 1000 1238 curatorem
1023 1180 1125 1236 babeat
1147 1185 1176 1236 et
1198 1181 1239 1236 ιιΒ
1257 1180 1360 1238 furioso
1383 1183 1450 1238 dare
1473 1184 1569 1240 iussus
1592 1185 1642 1254 sit,
1663 1199 1691 1238 ar
1704 1195 1723 1234 ιι

260 1271 378 1326 curatori
401 1269 493 1324 dando
516 1269 665 1324 liberetur?
692 1274 720 1324 et
743 1267 817 1338 linge
835 1269 916 1326 alicui
938 1269 1054 1326 fundum
1072 1271 1209 1340 legatum,
1231 1271 1255 1326 si
1278 1270 1402 1326 dedisset
1422 1273 1529 1342 pupillo
1552 1271 1689 1328 furiosoue.

260 1365 288 1416 et
306 1359 448 1414 sciendum
466 1363 510 1414 est
527 1358 555 1414 in
573 1355 700 1414 omnibus
717 1358 778 1414 istis
797 1357 907 1414 ossibus
925 1359 1009 1414 tutori
1027 1358 1137 1430 quidem
1157 1360 1202 1415 nel
1220 1361 1339 1416 curatori
1358 1361 1460 1418 utiliter
1478 1361 1614 1430 dependi,
1631 1360 1689 1430 ipsis

260 1451 361 1518 autem,
379 1447 408 1502 id
426 1451 470 1502 est
488 1445 590 1502 furioso
610 1447 654 1502 uel
673 1447 790 1517 pupillo,
808 1461 863 1502 nou
882 1452 956 1502 recto
974 1448 1109 1518 persolui,
1129 1463 1163 1502 ne
1182 1448 1257 1504 datio
1276 1464 1311 1504 cx
1328 1449 1435 1504 illorum
1454 1447 1635 1506 inbecillitate
1650 1465 1688 1519 pc·

259 1541 332 1593 reat:
350 1535 492 1592 nonenim
510 1535 563 1592 hoc
581 1535 640 1606 egit
656 1539 780 1604 testator,
799 1541 838 1604 ιι,
856 1550 967 1606 quoquo
985 1536 1067 1592 modo
1080 1541 1155 1592 esset
1166 1536 1270 1608 datum,
1289 1539 1400 1608 expleta
1411 1538 1554 1594 uideretur
1567 1539 1687 1594 condicio.
1700 1549 1720 1589 ιι

202 1628 241 1688 69
313 1625 428 1682 Cursus
445 1623 514 1680 libro
533 1625 683 1680 uicensimo
702 1629 800 1693 quarto
814 1623 992 1694 digestorum.
1021 1625 1050 1682 Si
1063 1625 1209 1696 bominem,
1228 1627 1255 1682 in
1270 1643 1324 1698 quo
1337 1643 1403 1682 usus
1416 1625 1525 1684 fruetus
1543 1623 1717 1711 [Ἧι

259 1715 365 1772 alienus
384 1719 427 1770 est
444 1714 489 1770 uel
507 1715 554 1784 qui
572 1718 632 1770 erat
649 1713 757 1784 pignori
775 1713 848 1770 Titio
867 1713 1013 1785 obligatus,
1032 1730 1122 1770 noxae
1140 1715 1248 1785 dedisti,
1267 1715 1368 1786 poturit
1385 1716 1418 1785 ιι,
1437 1717 1483 1772 ιιι
1501 1705 1687 1773 condemnetur

259 1819 303 1874 os,
320 1807 412 1859 tecum
431 1817 514 1873 agere
532 1802 659 1872 iudicati,
679 1817 730 1858 nec
747 1801 983 1874 exspectabimus,
1007 1809 1040 1858 ut
1057 1803 1176 1860 creditor
1193 1805 1311 1860 euincat.
1339 1804 1389 1860 sed
1407 1805 1432 1860 si
1450 1821 1519 1862 usus
1538 1805 1641 1862 fructus
1656 1807 1686 1862 in·

260 1893 364 1950 teriorit
382 1893 425 1948 uel
444 1891 578 1948 dissoluta
596 1889 678 1948 inerit
694 1891 817 1961 pignoris
835 1889 975 1962 obligatio,
994 1893 1121 1948 existimo
1138 1908 1329 1964 processuram
1346 1891 1549 1950 liberationem.

203 1983 242 2044 70
312 1982 391 2038 lnasr
407 1979 477 2038 libro
495 1981 645 2038 uicensimo
663 1985 743 2036 sexto
761 1980 939 2050 digestorum.
971 1981 1049 2048 Quod
1068 1987 1144 2038 certa
1161 1982 1207 2048 dle
1224 1982 1389 2052 promissum
1408 1989 1461 2052 est,
1479 1985 1526 2040 uel
1544 1978 1716 2068 [ιι-,Τιιῑιι

259 2071 353 2128 ιιιιιιι
371 2070 431 2126 dari
447 2074 553 2140 potest:
572 2073 660 2148 totum
679 2069 751 2126 enim
771 2068 890 2126 medium
909 2073 1019 2141 tompus
1037 2070 1073 2126 ad
1092 2071 1254 2128 soluendum
1271 2071 1431 2142 promissori
1448 2071 1567 2129 liberum
1585 2073 1685 2144 relinqui
1698 2080 1716 2120 ιι

259 2159 435 2230 intellegitur.

203 2249 240 2308 71
312 2249 390 2304 lnarr
407 2247 477 2304 libro
494 2247 646 2306 uicensimo
664 2247 782 2318 septimo
800 2246 979 2317 digestorum.
1017 2247 1086 2304 (lum
1105 2247 1201 2304 decem
1219 2247 1284 2304 mibi
1303 2253 1352 2304 aut
1369 2249 1444 2306 Titio
1462 2249 1524 2306 dari
1542 2246 1715 2336 fflss
1762 2321 1764 2326 ,

227 2350 240 2395 1
260 2339 406 2410 stipulatus
424 2337 545 2408 quinque
563 2337 706 2410 accipiam,
724 2336 857 2406 reliquum
877 2336 1027 2406 promissor
1044 2341 1119 2392 recte
1130 2337 1204 2393 'litio
1216 2336 1301 2394 dabit
1330 2336 1359 2393 Si
1372 2336 1520 2394 fideiussor
1531 2340 1685 2411 procuratori

183 2481 187 2490 ,
260 2427 403 2484 creditoris
426 2427 510 2482 soluit
534 2429 563 2482 et
586 2425 705 2481 creditor
728 2431 792 2496 post
814 2429 936 2496 tempus,
964 2439 1019 2495 quo
1040 2423 1150 2480 liberari
1172 2424 1317 2484 fideiussor
1338 2429 1454 2499 poterit,
1482 2435 1573 2499 ratum
1596 2430 1685 2498 babuit

259 2521 354 2572 ιιιιιι
372 2513 613 2586 quietissimam,
638 2529 701 2570 cum
726 2514 816 2570 adbuc
839 2529 874 2570 ox
898 2529 984 2570 causa
1001 2511 1185 2570 fideiussionis
1202 2519 1355 2586 teneretur,
1379 2518 1477 2588 soluit,
1501 2533 1555 2574 noc
1576 2523 1685 2590 repetere
1697 2522 1716 2563 ιι

260 2607 353 2676 potest
371 2619 421 2660 ιιι
440 2604 530 2660 minus
549 2618 631 2674 agere
649 2603 783 2660 aduersus
801 2618 878 2660 reum
898 2602 1020 2658 mandeti
1038 2607 1144 2673 potest,
1168 2619 1250 2674 quam
1275 2605 1299 2660 si
1322 2609 1381 2662 tum
1405 2597 1548 2676 praesenti
1569 2607 1684 2664 dedisset

228 2699 242 2746 ι
260 2693 330 2748 Ιιιιι
349 2694 372 2748 ιι
389 2693 520 2763 ignorans
538 2693 657 2748 creditor
674 2692 844 2763 procuratori
862 2707 914 2748 ruo
931 2691 1051 2748 solutum
1069 2707 1151 2748 sorno
1169 2691 1301 2750 debitoris
1321 2691 1414 2750 tilione
1432 2702 1578 2766 acceptum
1597 2696 1685 2762 iacent,

260 2784 358 2852 postea
376 2785 467 2838 autem
487 2781 610 2838 rescierit
628 2785 657 2836 ot
674 2786 763 2838 ratum
782 2779 917 2850 babuerit,
936 2778 1113 2836 confirmatur
1130 2781 1230 2838 solutio
1248 2786 1277 2838 et
1294 2782 1369 2851 quod
1386 2789 1534 2855 acceptum
1551 2786 1635 2842 latum
1652 2784 1684 2850 sit

260 2871 361 2928 nullius
380 2871 511 2928 momenti
529 2876 585 2926 est:
604 2874 753 2940 utcontra,
772 2871 796 2926 ιι
813 2874 902 2926 ratum
922 2885 977 2924 non
994 2869 1130 2940 habuerit,
1147 2871 1222 2940 quod
1235 2877 1378 2942 acceptum
1390 2870 1496 2940 iecerit,
1516 2872 1684 2930 confirmatur.

227 2967 242 3012 ιι
261 2958 316 3016 Sed
335 2959 358 3014 si
376 2960 507 3030 ignorans
525 2960 644 3016 solutum
663 2959 739 3014 litem
758 2961 929 3015 contestatus
947 2961 1004 3028 est,
1028 2958 1052 3012 si
1075 2959 1213 3029 pendente
1231 2960 1331 3016 iudicio
1349 2964 1440 3016 ratum
1459 2961 1572 3034 habuit,
1594 2959 1685 3020 absolui
1696 2963 1715 3004 tl

261 3053 370 3120 oportet
386 3049 471 3118 illum,
490 3063 553 3104 cum
572 3063 627 3118 quo
645 3051 738 3104 actum
757 3053 808 3117 est,
827 3047 851 3102 si
868 3051 959 3102 ratum
977 3061 1032 3102 non
1050 3046 1153 3118 habuit,
1172 3049 1356 3106 condemnari.

204 3131 242 3192 ἰι
313 3138 495 3194 blaacnnnus
513 3136 581 3193 libro
599 3137 750 3192 uicensimo
768 3136 948 3206 digestorum.
985 3136 1037 3202 Qui
1055 3137 1151 3193 docem
1169 3137 1265 3208 debet,
1289 3139 1313 3193 ai
1336 3154 1371 3194 ea
1394 3141 1527 3210 optulerit
1545 3129 1713 3224 [ῆι-[ιιι

261 3226 389 3284 creditori
407 3233 436 3282 et
453 3228 497 3282 illo
516 3227 575 3283 sine
593 3227 666 3282 iusto
684 3241 769 3281 causa
786 3241 820 3280 oa
838 3226 963 3296 accipere
981 3226 1134 3296 recusauit,
1156 3226 1256 3284 deinde
1274 3227 1383 3284 debitor
1401 3243 1436 3284 ea
1454 3230 1515 3286 sine
1534 3247 1587 3287 sna
1604 3227 1685 3300 culpa*

260 3315 422 3388 perdiderit,
447 3315 502 3372 doli
525 3316 590 3372 mali
612 3316 774 3386 exceptione
797 3319 889 3385 potest
912 3329 942 3370 ae
966 3315 1051 3384 tueri,
1076 3330 1242 3385 quamquam
1266 3317 1414 3386 aliquando
1437 3319 1627 3389 interpellatus
1643 3331 1685 3374 ιιι

261 3406 386 3484 soluerit:
410 3405 512 3460 etenim
530 3421 585 3461 non
603 3409 647 3460 est
665 3419 781 3474 aequum
801 3403 888 3459 teneri
910 3404 1029 3474 pecunia
1052 3405 1167 3474 amissa,
1192 3406 1257 3475 qnia
1280 3420 1335 3462 uon
1357 3409 1513 3479 teneretur,
1537 3410 1563 3466 si
1584 3405 1715 3464 creditor⁸⁵

262 3495 387 3565 accipere
405 3494 547 3550 uoluisset.
574 3508 659 3564 qnare
676 3508 727 3564 pro
745 3493 835 3548 soluto
853 3492 894 3563 id,
917 3494 945 3548 in
969 3507 1024 3563 quo
1047 3493 1166 3550 creditor
1188 3494 1348 3564 accipiendo
1366 3511 1471 3552 moram
1489 3495 1570 3568 iecit,
1594 3496 1686 3570 oportet

261 3598 332 3640 esse.
359 3586 388 3638 et
406 3597 472 3640 sane
490 3584 514 3639 si
532 3597 630 3638 seruus
652 3587 713 3638 erat
734 3582 763 3636 in
786 3581 851 3638 dote
875 3597 992 3652 eumque
1017 3583 1116 3652 optulit
1138 3584 1253 3640 maritus
1276 3589 1304 3640 et
1326 3586 1472 3641 issemus
1496 3586 1629 3658 decessit,
1651 3584 1687 3641 aut

230 3680 243 3725 1
262 3688 389 3730 nummos
406 3673 506 3744 optulit
523 3687 626 3742 eosque
644 3688 699 3729 non
722 3671 874 3741 accipiente
892 3671 1006 3728 muliere
1023 3671 1186 3750 perdiderit,
1210 3673 1271 3742 ipso
1294 3673 1353 3730 inre
1372 3674 1481 3730 desinet
1499 3678 1597 3733 teneri.
1632 3675 1687 3732 Gon

262 3760 385 3818 Stichum
404 3760 470 3816 mibi
488 3761 605 3817 deberes
623 3765 651 3816 et
669 3761 847 3816 inuoluendo
865 3775 969 3816 moram
988 3759 1111 3831 fecisses,
1129 3760 1181 3816 sub
1199 3761 1358 3819 condicione
1373 3779 1436 3820 curn
1457 3761 1501 3847 ef.
1510 3777 1540 3824 1).
1548 3780 1588 3834 ιι,
1597 3781 1620 3834 ι,
1629 3781 1657 3824 ιι
1664 3789 1688 3838 pr.

261 3851 424 3923 promisisti:
446 3851 583 3922 pendente
601 3866 635 3906 ea
653 3849 763 3906 Stichus
781 3849 912 3904 decessit:
937 3849 1096 3921 uideamus,
1120 3865 1170 3920 aa,
1194 3851 1260 3920 qnia
1283 3853 1379 3908 nouari
1399 3854 1475 3923 prior
1498 3851 1718 3924 obligurierunt

261 3943 362 4011 potest,
381 3939 477 4010 petitio
495 3939 569 3994 serui
587 3945 726 4010 competat
744 3954 786 4008 ea,
804 3953 875 4009 quae
893 3943 1071 4008 competeret,
1089 3939 1113 3993 ιι
1131 3954 1186 3994 ιιι
1203 3941 1406 3998 ιιιιιιιιιιιιιι
1423 3943 1578 4013 stipulatio.
1608 3943 1690 4000 sedin

261 4025 413 4100 promptuli
427 4028 608 4086 contradictio
626 4033 670 4084 ιιι
687 4026 847 4097 debitorem,
867 4042 929 4082 oum
948 4027 1090 4096 stipulanti
1109 4027 1237 4084 creditori
1255 4029 1307 4085 sub
1321 4030 1483 4086 condicione
1495 4034 1629 4103 promisit,
1646 4045 1690 4088 nor
1700 4019 1745 4076 rot

262 4118 350 4174 uideri
368 4118 396 4173 in
414 4118 549 4174 solutione
566 4117 684 4173 hominis
703 4131 840 4172 ιιιιιιιιιι
864 4131 927 4171 nam
950 4131 1047 4172 uorum
1071 4121 1115 4172 est
1137 4131 1214 4188 eum,
1237 4119 1285 4188 qui
1308 4119 1499 4190 interpellatus
1523 4121 1591 4178 dare
1609 4121 1691 4186 ιιιιιιι,

230 4212 245 4260 ι
263 4208 423 4264 offerentem
440 4213 539 4277 postea
557 4207 678 4277 periculo
696 4204 814 4262 liberari.
852 4202 907 4259 Sed
925 4205 991 4275 quid
1009 4206 1033 4260 si
1051 4206 1194 4276 ignorante
1213 4206 1336 4264 debitore
1360 4207 1397 4264 ab
1420 4210 1475 4266 alio
1499 4211 1619 4267 creditor
1639 4223 1690 4266 ιιι

262 4296 410 4366 stipulatus
427 4296 490 4352 est?
516 4295 561 4350 bic
578 4309 687 4366 quoque
705 4289 904 4350 existimandus
923 4299 967 4349 ost
984 4295 1105 4366 periculo
1123 4294 1231 4352 debitor
1252 4295 1399 4368 liberatus,
1420 4299 1653 4369 quemadmodum
1675 4295 1722 4352 sitl

262 4391 457 4463 rfflrarqo)

264 4519 273 4554 ¹
294 4522 453 4588 &pectamur
470 4519 548 4572 tetta:
566 4519 640 4586 qnod
659 4533 714 4573 non
725 4505 820 4588 'possit
835 4516 924 4576 ,uideri
942 4516 966 4570 is
984 4517 1031 4585 qui
1049 4517 1090 4571 ita
1107 4517 1221 4588 accepit,
1240 4522 1272 4572 ut
1284 4519 1309 4572 ιι
1322 4533 1406 4588 aquo
1425 4522 1536 4590 accepit
1555 4527 1625 4578 retro
1641 4519 1693 4576 rad·

263 4587 321 4655 dat,
342 4587 470 4656 [solutum
490 4591 639 4660 accepisse.
660 4595 728 4658 puto
745 4593 839 4645 tamen
852 4587 1004 4643 debitorem
1022 4587 1200 4658 ita‘dantom]
1220 4589 1336 4645 soluisse
1353 4592 1449 4660 potius
1467 4607 1552 4663 qnam
1570 4592 1694 4650 decidisse

264 4657 413 4722 (decidisse
428 4659 545 4725 Certim)
608 4661 620 4696 ²
638 4660 717 4716 siue?
778 4661 790 4696 ⁸
808 4659 909 4715 habeat
921 4663 949 4713 et
963 4660 996 4729 si]
1011 4658 1144 4715 babenti?
1205 4661 1218 4696 ⁴
1236 4662 1301 4716 idem
1317 4662 1503 4731 (irascitivum
1516 4666 1639 4737 decaniae
1651 4663 1695 4730 lq:

264 4729 324 4784 sine
344 4728 416 4798 [dolo
435 4730 515 4798 malo]
535 4745 587 4784 sua
604 4732 685 4802 culpa
703 4735 830 4798 (simililer
846 4729 970 4798 Noodtli

264 4859 416 4916 bsolnisse
427 4862 519 4932 potius
531 4877 612 4931 qoam
626 4861 957 4934 decessisselsssoluiaae
1010 4861 1271 4920 28confirmeturF
1301 4867 1336 4921 39
1349 4866 1387 4937 ιι]
1400 4867 1516 4925 e'd'tF⁸
1552 4869 1696 4940 tapronp

263 4933 451 5002 potiusquam
467 4932 731 4990 dedissch'MOO
782 4933 957 4990 8imbaoilli·
1010 4935 1113 4990 tumF
1160 4936 1197 4992 44
1213 4935 1237 4993 si
1255 4955 1305 4992 om.
1318 4938 1354 4992 ι’

268 5008 326 5061 tate
345 5003 382 5057 1¹⁸¹
435 5005 470 5061 24
488 5005 589 5079 poterit
654 5007 690 5062 25
707 5003 852 5064 fideiussor
869 5013 907 5062 tar
920 5006 956 5058 ι’
