3608 5460
43 289 332 338 osmonrronmns
715 263 815 345 673*
1117 269 1304 337 xxxxii
1328 277 1478 332 ner-nes
1583 229 1585 234 ’
1666 359 1670 370 ¹
1762 237 1770 314 j

43 429 148 483 'consui
172 425 261 483 iactus
284 427 346 482 siti·
370 425 536 496 exigendum
561 427 626 496 erit,
652 432 684 481 ut
706 432 832 481 neutrum
857 424 959 480 iactum
983 427 1027 481 sit.
1059 425 1129 482 huie
1146 428 1241 482 similis
1266 427 1399 497 scripturn
1423 431 1479 481 est:

44 517 75 571 ‘si
95 532 184 586 neque
202 517 282 572 nauis
299 516 376 572 uenit
398 531 487 586 neque
505 515 596 571 Titius
619 516 713 572 consul
737 513 828 570 iactus
852 514 938 570 estt'1
965 519 994 570 at
1017 515 1041 570 si
1065 517 1119 570 sic:
1138 515 1237 586 dabis,
1263 518 1286 571 si
1304 517 1384 572 nauis
1403 517 1480 571 uenit

43 605 100 668 'aut
118 605 208 661 Titius
226 605 321 660 consui
339 602 429 659 iaetus
448 603 509 660 siti'
533 602 635 659 sufficit
652 619 736 659 uuum
756 603 868 660 lectum.
896 607 924 658 et
941 608 1050 658 contra:
1075 603 1174 675 dabis,
1193 606 1217 660 si
1234 605 1313 660 nauis
1332 619 1385 660 non
1404 605 1480 659 uenit

43 693 101 749 'aut
119 695 208 750 'iltius
226 695 321 750 consul
340 691 430 749 iactus
449 708 503 749 nou
523 691 591 748 esti'
611 691 712 748 suffieit
730 707 815 748 unum
833 707 887 748 uon
905 691 1018 748 iactum.
1239 730 1240 733 ο
1497 703 1511 742 ι

98 783 218 839 Pennus
240 783 309 839 libro
332 783 428 853 quinto
452 783 558 838 decimo
577 782 777 852 quaestionum.
816 781 894 848 Quod
919 781 1018 836 dieitur
1035 785 1142 852 patrem
1160 780 1215 837 illio
1234 783 1284 837 uti·
1303 777 1478 870 [Q
1497 787 1523 840 P

43 873 106 928 liter
123 873 260 944 stipulari,
285 872 364 942 quasi
383 869 435 927 sibi
452 872 496 927 ille
514 871 704 942 stipulamur,
727 871 780 926 hoc
797 872 825 926 iu
843 870 885 926 his
904 886 998 926 uerum
1018 876 1073 940 est,
1097 886 1168 941 quae
1186 872 1253 926 iuris
1271 877 1336 926 sunt
1353 885 1478 940 quaeque

44 960 152 1031 adquiri
171 962 242 1031 patri
259 967 387 1031 possunt:
407 961 526 1032 alioquin
544 961 567 1016 si
585 959 688 1016 iactum
706 959 862 1016 conseratur
879 960 906 1015 iu
918 975 1063 1030 personam
1077 958 1132 1030 filii,
1151 961 1253 1016 inutilis
1267 961 1318 1014 erit
1330 961 1477 1030 stipulatio,

43 1051 131 1105 ueluti
149 1055 180 1105 ut
198 1055 290 1106 tenere
309 1051 334 1105 ei
352 1051 396 1105 uel
415 1050 454 1104 irc
473 1066 554 1120 agere
572 1051 662 1105 liceat
691 1056 787 1105 corba
812 1055 902 1104 sutem
927 1047 999 1104 filius
1022 1049 1104 1104 etiam
1116 1053 1160 1110 ‚ut
1180 1049 1219 1104 ire
1243 1049 1314 1118 patri
1332 1049 1413 1104 liceat
1431 1049 1478 1103 sti-

42 1137 164 1209 pulando
188 1138 314 1209 adquiret
337 1140 377 1194 ei:
400 1139 484 1195 immo
508 1143 537 1196 et
559 1139 633 1210 quod
657 1140 684 1194 in
707 1155 785 1195 suam
808 1153 953 1209 personam
979 1136 1102 1194 conierre
1127 1154 1181 1194 non
1199 1143 1304 1208 potest,
1331 1137 1382 1193 boo
1406 1138 1477 1208 patri

44 1227 180 1298 adquirat.
1319 1295 1322 1302 .
1498 1237 1526 1277 ιο

97 1316 257 1373 Scauuous
283 1314 351 1372 libro
376 1316 585 1373 tertiodecimo
609 1316 810 1387 quaestionum.
850 1316 972 1371 lulianus
998 1316 1119 1386 scripsit,
1147 1315 1170 1370 si
1189 1315 1284 1385 ‘neque
1303 1311 1343 1398 [Β.
1351 1326 1389 1382 ts,
1400 1327 1421 1382 1,
1432 1325 1476 1372 tae
1496 1321 1524 1374 P

43 1404 100 1476 'per
117 1411 146 1461 ts
164 1421 253 1476 nequo
276 1421 325 1476 per
348 1405 476 1461 heredem
500 1411 576 1462 tuum
595 1406 698 1461 Titium
722 1403 795 1475 dert',
820 1420 875 1474 quo
898 1406 988 1460 minus
1010 1401 1075 1461 mibi
1097 1405 1137 1460 ire
1160 1403 1249 1459 liceat·
1273 1405 1400 1475 stipuler,
1421 1419 1478 1459 non

44 1495 133 1550 solnm
151 1495 252 1550 litium
271 1496 367 1566 ιοιιοιί,
386 1495 409 1550 si
427 1495 582 1566 prohibeat,
606 1495 656 1551 sed
680 1495 763 1550 etiam
788 1493 936 1550 coheredes
960 1494 1027 1549 eius.
1065 1493 1117 1560 Qui
1134 1491 1247 1548 fundum
1267 1493 1318 1548 sibi
1337 1497 1386 1548 aut
1404 1493 1477 1549 Titio

43 1583 103 1638 dari
121 1585 280 1654 stipulatur,
304 1585 431 1654 quamuis
449 1583 550 1641 fundus
568 1585 641 1640 ultio
659 1584 777 1639 traditus
796 1584 845 1653 sit,
869 1583 952 1639 nihilo
971 1584 1060 1638 minus
1077 1588 1172 1654 petere
1189 1580 1302 1637 fundum
1321 1586 1427 1652 potest,
1447 1588 1477 1637 ut

43 1673 95 1728 sibi
114 1673 150 1728 ds
168 1673 304 1729 euictione
322 1673 508 1744 promittatur:
530 1691 593 1729 nam
611 1675 727 1729 interest
744 1673 816 1742 eius,
835 1673 900 1743 qnia
917 1672 1039 1728 mendati
1057 1661 1165 1728 actione
1183 1671 1298 1726 fundum
1317 1677 1476 1742 recepturus
1497 1681 1525 1723 te

43 1763 80 1817 sit
97 1777 114 1817 a
132 1763 214 1818 litio.
241 1761 291 1818 sed
309 1763 333 1819 si
351 1762 507 1820 donationis
525 1779 609 1820 causa
625 1763 729 1818 Titium
757 1762 931 1832 interposuit,
955 1761 1061 1817 dicetur
1082 1761 1229 1817 traditione
1252 1761 1376 1831 protinus
1399 1776 1475 1816 reum

42 1849 161 1906 liberari.
1276 1867 1277 1870 ι

96 1939 216 1996 Pennus
242 1939 312 1997 libro
337 1941 431 2010 quinto
455 1941 562 1996 decimo
585 1941 784 2011 quaestionum.
827 1939 942 2006 Quidam
966 1954 1028 1994 curn
1050 1937 1135 2019 filium
1159 1939 1276 1994 alienum
1301 1933 1476 2024 [Q
1495 1943 1522 1998 P

42 2031 205 2102 susciperet,
224 2030 341 2086 tradenti
360 2031 522 2101 promiserat
540 2034 640 2085 certam
660 2029 792 2099 pecuniae
809 2028 1005 2098 quantitatem,
1024 2027 1047 2082 si
1066 2041 1127 2083 eum
1146 2028 1225 2094 aliter
1243 2045 1325 2100 quam
1343 2037 1374 2084 ut
1391 2029 1475 2084 filium

41 2117 228 2175 obseruassst.
256 2135 372 2191 quaero,
396 2120 419 2176 si
437 2117 611 2190 postmodum
630 2118 712 2175 domo
730 2133 792 2173 cum
811 2116 961 2188 propulerit
982 2117 1027 2171 uel
1045 2118 1164 2172 morlens
1182 2117 1247 2172 nibil
1266 2119 1291 2173 ei
1309 2123 1474 2173 testamento
1494 2128 1523 2168 so

39 2209 191 2294 reliquerit,
209 2225 244 2264 an
262 2209 403 2280 stipulatio
421 2208 614 2278 committetur,
633 2211 662 2262 et
680 2207 746 2276 quid
763 2206 879 2276 intersit,
898 2210 988 2260 utrium
1006 2203 1078 2261 iliius
1097 2221 1132 2261 an
1145 2206 1269 2262 alumnus
1281 2207 1326 2262 uei
1339 2213 1473 2276 cognatus

38 2297 151 2366 agentis
169 2295 259 2354 ines-it.
287 2303 429 2369 praeterea
447 2311 563 2366 quaero,
588 2297 611 2352 si
635 2295 719 2351 lilium
743 2311 823 2351 suum
847 2294 908 2365 quir
931 2293 1052 2364 legitime
1076 2295 1104 2350 in
1128 2295 1301 2366 adoptionem
1321 2295 1429 2352 dederit
1446 2302 1474 2351 et

36 2387 93 2456 ita,
120 2392 152 2441 nt
169 2403 253 2458 supra
270 2388 401 2458 scriptum
420 2393 472 2456 est,
490 2386 630 2457 stipulatio
648 2385 833 2440 intercesserit
855 2397 972 2453 eumque
994 2387 1073 2453 pater
1096 2383 1242 2454 adoptiuus
1265 2385 1474 2440 exheredauerit

35 2476 85 2530 uei
104 2477 333 2548 emancipauerit,
353 2493 387 2531 en
406 2475 546 2546 stipulatio
565 2475 759 2531 committatur.
786 2473 928 2544 respondi:
953 2471 1092 2541 stipulatio
1115 2474 1190 2529 utilis
1214 2478 1257 2529 est
1275 2475 1286 2546 li
1305 2475 1332 2529 in
1356 2479 1473 2544 utroque
1491 2477 1508 2525 i.
1520 2475 1574 2526 sso'

34 2581 122 2620 casu:
141 2563 233 2635 igitur,
252 2566 276 2620 si
294 2570 389 2621 conus
407 2563 613 2620 conuentionem
633 2561 735 2619 iactum
755 2563 799 2632 sit,
818 2562 1003 2617 committatur
1014 2562 1163 2632 stipulatio.
1191 2564 1240 2619 sed
1258 2563 1401 2618 uideamus
1419 2565 1472 2634 pri·
1492 2570 1521 2612 ιδ
1581 2561 1583 2566 ’

33 2671 115 2709 mum
135 2653 164 2709 in
182 2667 230 2724 eo,
248 2653 295 2724 qui
313 2653 433 2723 legitime
451 2653 601 2724 adoptauit,
620 2667 655 2708 an
673 2651 761 2723 possit
778 2651 926 2721 committi,
945 2651 968 2706 si
987 2665 1048 2706 eum
1068 2650 1275 2707 exheredauerit
1293 2653 1336 2708 nel
1356 2653 1473 2708 emanci-

33 2743 162 2814 psuerit:
186 2741 254 2798 baec
272 2743 344 2798 enim
362 2747 441 2813 pater
459 2743 532 2798 cirea
549 2741 634 2796 filium
653 2743 723 2797 solet
741 2738 845 2796 iacere:
870 2740 955 2810 igitur
977 2753 1032 2795 non
1055 2739 1133 2795 aliter
1156 2755 1218 2796 eum
1238 2757 1320 2811 quam
1339 2747 1369 2797 ut
1388 2740 1473 2798 filium

33 2831 210 2888 obseruauit
237 2847 304 2902 ergo
322 2831 503 2887 exheredatus
522 2831 557 2886 de
575 2829 726 2886 inofficioso
744 2835 817 2900 agat.
843 2829 909 2899 quid
927 2845 993 2900 ergo
1011 2829 1147 2898 dicemus,
1172 2830 1195 2885 si
1218 2835 1247 2885 et
1269 2831 1367 2886 meruit
1391 2830 1472 2886 exhe-

35 2919 153 2977 redari?
179 2921 384 2990 ’emancipatus
402 2921 483 2991 plane
501 2925 529 2976 et
546 2919 598 2976 hoc
616 2919 737 2976 remedio
755 2917 866 2974 carebit.
890 2933 974 2988 quare
992 2919 1033 2974 sie
1051 2918 1146 2974 debuit
1169 2920 1303 2989 interponi
1322 2907 1471 2991 stipulatio,

37 3015 76 3080 ut,
97 3010 122 3066 si
141 3024 204 3064 eum
223 3010 424 3080 emancipasset
441 3009 485 3064 nel
504 3008 705 3078 exheredasset,
724 3012 827 3064 nemum
847 3009 912 3079 quid
931 3008 1110 3079 promitteret.
1138 3023 1192 3078 quo
1210 3015 1302 3064 tamen
1315 3023 1381 3064 casu
1400 3025 1472 3065 eom·
1492 3018 1521 3058 ιο

37 3101 126 3154 missa
144 3099 320 3168 stipulatione
337 3102 430 3168 potest
448 3099 558 3168 quaeri,
581 3115 615 3154 an
634 3097 799 3154 exheredato
817 3098 1029 3168 permittendum
1048 3101 1122 3154 esset
1140 3097 1231 3152 dicere
1249 3097 1284 3154 de
1301 3097 1474 3154 inofficioso?

40 3188 170 3257 maxime,
188 3188 211 3242 si
230 3187 301 3258 patri
320 3188 435 3244 naturali
453 3187 532 3243 heres
551 3187 695 3258 extitisset,
714 3203 748 3242 un
767 3187 841 3242 uicto
860 3187 1022 3258 deneganda
1040 3193 1083 3242 est
1101 3201 1135 3266 eu
1153 3187 1284 3257 stipulatu
1304 3189 1396 3244 aetio?
1423 3187 1472 3242 sed

41 3277 62 3332 si
82 3277 123 3347 ei,
148 3277 195 3347 qui
213 3277 360 3348 stipulatus
378 3283 434 3348 est,
453 3292 507 3332 uon
526 3275 623 3332 debuit
640 3276 770 3347 denegari
788 3276 862 3331 uicto
880 3275 949 3347 filio,
972 3291 1024 3332 nee
1041 3276 1094 3348 ipsi
1112 3275 1275 3347 deneganda
1292 3277 1343 3331 crit
1361 3276 1471 3332 debitae

40 3367 175 3435 meoniae
193 3366 342 3422 exsecutio.
368 3367 396 3422 in
415 3381 449 3423 eo
468 3371 572 3437 autem,
596 3365 715 3435 quinon
734 3365 891 3437 adoptauit,
914 3381 995 3436 quem
1014 3366 1180 3421 intellectum
1204 3363 1305 3420 habeat
1322 3364 1391 3420 haee
1409 3381 1472 3420 eon·

41 3453 131 3524 ceptio
156 3453 186 3508 'si
204 3469 268 3510 cum
286 3456 365 3510 aliter
382 3469 465 3526 quam
483 3460 514 3510 ut
531 3453 616 3510 filium
635 3453 825 3524 obseruasset',
848 3470 902 3509 uon
920 3454 1088 3524 prospicio¹z
1112 3471 1146 3510 an
1165 3458 1194 3510 et
1211 3454 1255 3508 bie
1273 3454 1407 3524 exigimus
1426 3469 1472 3508 ex·
1495 3461 1524 3502 ³⁵

40 3541 245 3599 heredationem
257 3545 302 3599 uel
316 3545 569 3616 emancipationem,
587 3545 670 3600 resin
683 3549 813 3599 extraneo
826 3543 955 3614 ineptas?
981 3543 1030 3598 red
1043 3543 1066 3597 si
1077 3543 1109 3612 is,
1129 3543 1175 3612 qui
1187 3543 1308 3612 legitime
1321 3543 1471 3614 adoptauit,

41 3631 107 3686 nihil
125 3629 192 3687 iacit
210 3639 306 3688 contra
323 3633 408 3689 uerba
425 3633 622 3704 stipulationis,
647 3649 708 3688 cum
726 3633 813 3688 utitur
834 3632 923 3702 patrio
947 3632 1006 3687 iure
1029 3632 1058 3687 in
1082 3647 1127 3701 eo,
1152 3633 1199 3703 qui
1222 3632 1307 3687 haec⁴
1325 3647 1380 3687 non
1398 3631 1471 3702 lecit,

39 3719 107 3775 dicit
131 3735 318 3791 superuacuo:
342 3723 397 3778 diei
418 3728 510 3778 tamen
535 3723 635 3792 poterit
658 3723 832 3778 commissam
855 3736 916 3776 esse
939 3721 1152 3791 stipulationem.
1189 3721 1274 3777 Filius
1298 3719 1472 3776 familiarite

38 3810 187 3880 stipulatus
205 3814 262 3866 est:
282 3809 419 3880 ‘quantam
443 3811 588 3882 pecuniam
607 3812 681 3867 Titio
705 3810 861 3880 credidero,
883 3807 938 3864 lide
962 3815 1011 3865 tua
1034 3825 1095 3865 esse
1113 3809 1217 3866 iubcsi'
1237 3815 1265 3865 et
1283 3811 1470 3880 emancipatus

37 3897 169 3953 eredidit:
187 3901 259 3970 patri
277 3915 331 3956 nou
350 3899 462 3956 debebit
479 3899 632 3971 fideiussor,
653 3901 718 3970 quia
736 3913 787 3955 neo
805 3915 868 3954 reus
887 3898 912 3952 ei
930 3903 1047 3953 tenetur.
1489 3906 1518 3948 ⁴⁰

91 3986 251 4044 Sctuuonn
268 3989 336 4046 libro
355 3989 436 4046 tortio
455 3989 561 4046 decimo
580 3991 779 4060 quaestionum.
816 3987 844 4044 Si
863 3988 903 4044 sie
926 3988 1073 4058 stipulatus
1096 3989 1161 4044 sim:
1181 3987 1276 4058 'neque
1295 3982 1470 4072 [ffffl
1490 3989 1517 4043 P

35 4093 233 4165 nrxrnoc)

1369 4203 1472 4212 ...ιι-ι-

37 4257 46 4290 ¹
68 4251 133 4308 huic
152 4254 248 4309 similis
321 4253 411 4310 factus
430 4261 474 4311 est
491 4261 537 4310 aut
555 4256 659 4310 deterrito
676 4259 735 4309 sant
752 4263 797 4309 aut
814 4263 936 4328 corrupta
1007 4256 1073 4310 ²eie
1092 4257 1200 4310 ordina:
1219 4253 1385 4310 Obseruauit.
1404 4253 1470 4325 quid

33 4341 106 4394 ergo
182 4325 361 4382 exheredari?
388 4341 454 4397 ergo
527 4331 594 4397 agat
664 4325 675 4362 ¹
693 4326 828 4397 perspicio
846 4327 946 4395 (addat
1016 4327 1028 4362 ⁴
1045 4326 1118 4383 hoe?

33 4483 76 4540 12
99 4481 167 4552 deri]
195 4481 270 4540 YOO
292 4505 348 4540 cum
371 4486 411 4540 B:
438 4483 485 4540 ὲᾶιι
512 4484 672 4556 enepotius
701 4504 728 4540 cs
782 4488 851 4560 qaod
868 4488 968 4542 uidetur
980 4491 1132 4559 confir-snare
1143 4490 1270 4542 lectionem
1284 4487 1328 4552 ii,
1347 4489 1470 4542 animale

33 4553 251 4620 nul...ssabceas,
264 4553 588 4622 fieretFXM‘,flereM⁰
624 4557 728 4626 lbpro-
783 4578 838 4613 eam
856 4559 1008 4630 Anonymus
1031 4566 1209 4631 interpretatus
1233 4565 1276 4614 est
1301 4566 1364 4630 puio
1387 4565 1470 4612 caten

33 4625 163 4684 mittetur
177 4627 212 4680 F¹
227 4629 232 4694 Ι
248 4627 321 4697 quial
337 4627 380 4692 1²¹,
399 4628 446 4698 qui
459 4629 496 4680 F’
543 4629 578 4682 20
596 4627 631 4698 ei]
650 4634 679 4683 et
693 4629 728 4681 F¹
782 4629 861 4684 uerba
878 4637 945 4684 reete
953 4632 1016 4700 sere
1033 4649 1060 4684 se
1078 4630 1170 4684 babere
1187 4638 1224 4684 etc
1242 4631 1405 4701 acetpiendo:
1426 4637 1471 4700 qui

33 4699 72 4755 21
92 4697 251 4768 relinquerit
268 4699 294 4751 F
334 4697 540 4754 280bseruabit
553 4701 578 4752 F
616 4699 729 4769 selegi-
782 4701 831 4754 λου
848 4719 899 4753 ιιοιι
907 4702 1013 4772 fecerit,
1036 4702 1064 4754 sci
1081 4708 1117 4754 eat
1134 4721 1184 4754 non
1201 4704 1311 4772 lepitr'tne
1331 4701 1470 4771 adoptaret,

33 4767 139 4826 timae
161 4771 200 4823 Ρ
262 4769 296 4824 37
321 4771 368 4840 qui
395 4770 463 4825 haee
489 4785 544 4825 nou
571 4768 636 4824 fecit
663 4770 730 4826 dicit
783 4791 838 4824 eum
855 4789 1013 4842 οορινιιαοιιο
1027 4773 1111 4825 dicere
1126 4773 1210 4826 uideri
1221 4791 1247 4826 ae
1278 4779 1470 4842 aemsusoepis-

33 4841 115 4906 [lieet
128 4841 173 4908 Ρ)
185 4856 357 4910 superuacuo
369 4841 429 4912 sep]
449 4840 582 4903 Ῡιιοιιίιιτει
601 4841 632 4912 τῇ
652 4841 728 4896 uocari
782 4849 820 4896 eet
840 4849 868 4895 at
909 4843 970 4894 lium
994 4842 1200 4896 obstructurum:
1222 4791 1278 4896 aar?
1291 4850 1317 4894 in
1337 4848 1470 4912 proposito

33 4913 65 4984 [ὁ
84 4911 175 4966 doside
193 4911 282 4966 λοθὼιι
305 4913 344 4966 sai
369 4912 403 4965 uir
428 4913 466 4967 sic
485 4912 554 4967 eiua
573 4911 620 4966 τὸιι
639 4895 729 4983 ποῖοι)
782 4914 862 4982 (osas
911 4915 1066 4978 )commr'ttt
1087 4914 1166 4967 nihilo
1184 4921 1267 4967 minua
1284 4914 1470 4982 stipulationem

33 4985 123 5042 ποιῶιι
142 4981 223 5044 uirbis
246 4983 394 5054 ὶιιὸιιλιιροιι
420 4983 434 5036 ir
456 4982 622 5046 οῩτεΞοῨειοιι
642 4985 679 5038 sai
699 4982 728 5037 ἒιι
782 4984 818 5038 40
835 4981 1026 5053 stipuletu'm's
1046 4981 1080 5035 F*

33 5053 159 5126 ιιεριττοῨ
184 5055 223 5108 nai
247 5053 391 5126 ιἰιιιιχῨρωο
409 5054 489 5117 reiro
507 5057 575 5111 ποιεῖ
592 5057 619 5110 Β
637 5055 728 5128 (Tio),
