3616 5468
275 241 409 310 XXXIII
428 245 449 310 2
471 251 507 306 39
527 279 559 292 -
578 247 599 312 3
616 252 635 306 4
953 243 1039 322 114
1287 265 1334 313 nn
1357 264 1547 314 enanuuna
1569 262 1706 312 naosus

276 405 328 470 est,
345 403 437 456 unum
454 416 521 456 usus
533 399 644 458 'innotus
662 418 698 458 an
714 395 868 474 proprietss
886 415 979 459 wurn
998 419 1088 460 rerum
1107 403 1173 460 dsla
1190 403 1234 460 sit
1263 403 1404 474 respondit
1421 403 1616 474 proprietatem
1633 403 1707 472 lege

275 493 333 546 tun
350 489 447 546 uideri.
1020 545 1023 552 .

218 577 259 636 40
329 577 469 636 Annuus
488 577 589 636 Unus
611 579 679 636 libro
702 585 802 637 osteum
825 579 993 651 digestorum
1015 582 1135 638 aPoulo
1152 581 1371 652 epitomatorunn
1403 571 1452 636 ‘llll
1468 595 1532 636 enm
1551 573 1708 663 [fij-,E
1758 591 1798 644 Α

276 666 329 723 'illo
345 666 542 724 habitationem
560 668 644 740 lepo':
663 669 775 740 perinde
793 675 846 740 est,
863 685 896 726 ae
914 671 938 726 si
954 671 994 728 ita
1013 670 1058 728 'illi
1075 676 1105 727 et
1121 669 1166 726 illi'
1184 671 1313 741 legasset.
1726 685 1764 729 ‚⁴

218 755 256 814 41
328 757 498 814 huoumus
514 757 584 815 libro
602 759 723 816 mondo
741 774 776 816 ex
793 757 990 830 posterioribus
1006 757 1152 816 steonie.
1180 759 1248 816 eun
1260 760 1431 829 italegetum
1445 763 1531 815 esset:
1550 751 1707 841 [Q
1739 759 1798 812 *S

275 843 389 902 'dedus
406 861 512 903 annuos
529 845 606 903 fundi
624 847 778 904 Corneliani
795 847 892 904 Publio
911 849 1019 904 ldwuio
1036 848 1072 904 do
1090 847 1168 918 lego,
1187 847 1300 919 perinde
1317 851 1398 919 putat
1414 846 1605 918 aeoipiondum
1622 847 1707 916 lesse
1732 852 1760 898 f.
1782 849 1798 896 ε

254 977 256 984 .
275 932 380 1004 Labeo,
404 951 437 991 ae
461 937 485 992 si
506 953 575 994 usus
597 936 703 994 ιἰιιιιιιι
725 935 805 994 fundi
825 937 949 994 similiter
965 943 1041 994 esset
1057 937 1178 1008 legatus,
1202 937 1267 1008 qnia
1283 937 1352 994 baeo
1370 951 1448 994 mena
1464 935 1550 994 inisse
1568 934 1706 992 tentatorie

274 1022 409 1080 uideatur.

218 1113 258 1172 42
327 1113 405 1168 Iuris
426 1111 496 1170 libro
513 1113 609 1184 quinto
627 1130 661 1172 er
678 1113 876 1186 posterioribus
893 1114 1039 1172 steoais.
1071 1115 1103 1171 ln
1121 1113 1211 1172 iruotn
1229 1114 1258 1170 id
1276 1130 1339 1171 esse
1357 1114 1532 1185 intellegitur,
1564 1123 1707 1196 &Q
1735 1113 1797 1167 *S

276 1201 350 1273 quud
372 1201 408 1258 ed
429 1217 511 1265 ιιιιιιιι
533 1203 651 1260 bominis
674 1204 817 1260 indnetnru
835 1209 892 1260 est:
915 1205 1095 1275 nequeenim
1113 1205 1258 1261 maturitas
1275 1205 1406 1260 naturalis
1424 1203 1468 1260 blo
1485 1202 1639 1274 speetande
1655 1206 1706 1272 est,
1736 1208 1785 1250 1⁰

275 1290 326 1346 sed
342 1290 371 1346 id
389 1295 506 1362 ternpus,
524 1308 579 1362 quo
597 1293 686 1364 magis
704 1294 800 1350 oolono
818 1293 964 1350 donninooe
982 1309 1046 1350 earn
1064 1291 1182 1350 tuntum
1201 1294 1296 1350 tollere
1314 1291 1434 1363 expedit
1461 1293 1554 1362 itaque
1572 1307 1635 1348 enm
1646 1290 1707 1348 olea

275 1380 421 1437 immatura
437 1381 499 1450 plus
517 1380 619 1438 babeat
635 1383 748 1452 reditus,
767 1398 849 1454 quam
867 1383 1011 1438 nimature
1021 1383 1138 1453 legatur,
1156 1397 1212 1439 non
1222 1387 1316 1454 potest
1327 1382 1421 1450 uideri,
1440 1381 1465 1438 si
1478 1382 1626 1438 immatura
1635 1380 1708 1438 laets

276 1474 327 1538 est,
344 1469 373 1526 ir
390 1467 481 1526 trunto
498 1485 553 1528 non
571 1485 641 1528 esse

217 1557 257 1617 43
328 1559 500 1617 deruanus
519 1559 590 1616 libro
607 1560 714 1617 deoimo
731 1560 879 1616 sotionem.
915 1559 989 1616 Nihil
1007 1561 1132 1630 interest,
1156 1565 1247 1617 udum
1266 1560 1400 1617 bonorum
1417 1559 1479 1629 quis
1497 1553 1707 1642 suff—1443}

274 1662 365 1704 rerum
383 1649 480 1705 terties
497 1649 583 1719 pertis
600 1665 680 1706 nsurn
699 1647 817 1706 fruetum
836 1651 982 1721 leganerit:
1001 1667 1064 1706 nam
1084 1649 1252 1706 sibodorum
1264 1665 1331 1706 usus
1343 1647 1448 1704 boetus
1460 1646 1605 1718 legabitur‚
1624 1647 1706 1704 etiam

276 1751 324 1794 ses
341 1737 459 1794 sdsnum
477 1753 512 1796 ex
529 1737 609 1794 bonis
626 1738 785 1810 dednoetur,
804 1743 848 1796 et¹
866 1739 941 1810 quod
959 1740 987 1794 in
1005 1738 1158 1796 sotionibus
1177 1739 1237 1808 erit,
1255 1736 1466 1808 oonpnubiun.
1494 1742 1524 1792 at
1535 1737 1560 1794 si
1571 1740 1707 1794 oertarum

275 1841 366 1882 rernm
384 1841 450 1883 ueus
468 1824 573 1884 ίιιιοιιιι
591 1827 699 1900 legatas
716 1829 777 1898 erit,
794 1843 849 1885 non
865 1827 938 1884 ideas
957 1827 1156 1886 obseruobitur.

963 2037 1020 2120 Ill.

626 2189 664 2267 R
703 2188 766 2266 DE
795 2187 1060 2268 SERUITUTE
1086 2188 1280 2266 LEGATA
1320 2191 1358 2267 lt

241 2369 257 2424 1
329 2361 470 2419 inurens
487 2360 556 2418 libro
572 2362 660 2433 primo
678 2376 714 2418 ex
730 2363 848 2420 ltinieio.
875 2363 927 2430 Qui
944 2363 1014 2420 dnae
1032 2363 1161 2420 taborum
1179 2364 1340 2420 oonlnmtss
1354 2360 1483 2432 babebat,
1502 2373 1550 2418 ess
1568 2355 1707 2445 [Ἡ
1790 2387 1798 2404 ι

277 2451 399 2522 singulas
416 2449 524 2507 duobus
541 2451 658 2521 legauit:
677 2453 831 2521 quaesitum
849 2456 901 2523 est,
920 2454 944 2508 si
962 2451 1080 2523 quidex
1098 2453 1237 2523 superiore
1255 2453 1370 2509 taberna
1386 2453 1415 2508 in
1432 2449 1585 2508 inferiorern
1604 2450 1708 2508 insedi·

277 2537 388 2596 deatum
410 2545 498 2610 suet,
521 2557 585 2596 num
609 2538 737 2596 inierior²
757 2541 834 2598 oneri
855 2539 971 2598 ferundo
989 2543 1017 2598 in
1035 2543 1183 2613 superioria
1199 2541 1330 2598 tabernae
1347 2541 1425 2598 looo⁸
1443 2541 1636 2598 eontineretur.
1666 2553 1707 2594 re

277 2628 388 2700 spondit
405 2630 564 2686 seruitutem
582 2629 737 2698 inpositurn
755 2630 851 2686 uideri.
884 2631 1026 2688 lonssuos
1044 2636 1135 2686 notan
1153 2630 1309 2701 uideamus,
1328 2646 1363 2686 ns
1380 2629 1433 2686 boe
1449 2631 1490 2686 ita
1504 2642 1601 2684 uuum
1620 2627 1666 2696 ait,
1684 2626 1708 2682 si

277 2724 326 2775 sot
342 2719 500 2776 nominatio
520 2717 589 2776 bsss
605 2718 724 2774 seruitus
741 2719 870 2789 imposita
887 2724 932 2776 est
949 2725 998 2776 aut
1014 2720 1054 2776 ite
1070 2721 1191 2790 legatum
1210 2719 1305 2776 dutum
1323 2725 1381 2776 est:
1400 2717 1548 2776 'tabernam
1563 2729 1653 2774 meam
1666 2715 1707 2772 uti

279 2806 359 2864 'nune
376 2813 419 2866 eet
436 2807 472 2864 do
490 2806 569 2879 lego'.

241 2900 260 2958 2
330 2897 511 2954 utrem
528 2897 597 2954 libro
614 2896 696 2953 tertio
714 2895 821 2953 decimo
839 2897 1016 2968 digestorum.
1052 2897 1179 2954 lundon
1197 2911 1368 2954 oommnnenn
1385 2895 1550 2952 habentibus
1568 2888 1707 2978 Q

278 2986 364 3058 legari
380 2991 473 3056 potest
490 2987 550 3055 uia,
569 3001 632 3041 ean
650 2990 679 3040 et
696 2986 848 3042 eommunis
866 3001 962 3042 seruus
980 2991 1055 3043 reete
1072 2987 1144 3042 uiam
1163 2987 1308 3057 stipuletur
1325 2989 1367 3056 et,
1385 3001 1447 3042 enm
1465 2985 1520 3042 duo
1538 2985 1564 3042 ei
1580 2986 1629 3055 qui
1647 2985 1708 3056 ipse

278 3075 351 3132 nisrs
370 3076 515 3146 stipulatus
532 3072 615 3130 luerit
631 3073 746 3130 heredes
763 3074 926 3145 exstiterint,
944 3091 999 3132 non
1016 3077 1197 3146 perrumpitur
1215 3075 1364 3146 stipulatio.

242 3168 261 3227 3
330 3164 409 3220 Inna
430 3163 499 3221 libro
521 3164 653 3220 uieesirno
676 3178 748 3220 nono
771 3162 948 3234 digestorum.
985 3163 1015 3220 Si
1036 3163 1150 3220 budam
1168 3165 1275 3220 liaeuio
1293 3169 1322 3220 et
1340 3163 1376 3220 ad
1393 3178 1456 3220 eum
1475 3164 1548 3220 niem
1580 3173 1708 3245 Q

278 3267 329 3328 per
346 3254 429 3310 aliurn
446 3251 560 3310 fundum
579 3259 608 3309 et
625 3251 742 3308 eundem
753 3249 868 3308 iundnos
880 3255 940 3309 sine
952 3253 998 3310 uia
1010 3254 1082 3309 litio
1094 3254 1222 3324 legasset,
1241 3254 1264 3309 si
1277 3259 1391 3323 uterque
1403 3251 1516 3308 iundurn
1530 3252 1708 3322 undenso,

280 3343 339 3399 sine
356 3342 403 3402 uia
419 3343 529 3412 legato⁴
546 3341 660 3398 iunduur
679 3357 828 3412 tesaurum,
847 3343 928 3413 qnia·
947 3357 1035 3413 neque
1053 3342 1160 3414 adquiri
1177 3358 1226 3413 per
1243 3348 1347 3413 purtem
1367 3342 1485 3398 seruitus
1502 3341 1599 3412 possit
1625 3343 1673 3398 ιιι·
1684 3341 1708 3397 si

188 3423 204 3454 ³
279 3433 355 3504 prins
371 3432 497 3488 menius
519 3429 634 3488 funum
657 3431 810 3486 uindioaret
829 3431 915 3487 altero
932 3431 1113 3502 deliberante,
1135 3447 1217 3503 posse
1235 3431 1368 3501 dubitari,
1391 3445 1439 3501 an,
1463 3431 1489 3486 si
1503 3435 1601 3501 postes
1618 3431 1709 3486 'litius

279 3521 440 3592 omissiseet,
458 3521 520 3576 uias
537 3521 657 3591 legatum
670 3520 776 3576 ιιΙιιιιιιι
789 3525 871 3592 esset,
889 3524 918 3576 et
933 3520 985 3576 boe
997 3522 1086 3592 magis
1096 3520 1253 3577 uidebatur:
1272 3535 1436 3590 quamquam
1449 3520 1474 3576 si
1485 3519 1536 3576 sub
1548 3519 1710 3576 eondieione

279 3611 341 3682 quie
358 3609 472 3666 tondum
490 3610 619 3680 legasset,
637 3609 710 3665 uiam
728 3625 805 3680 pure,
824 3615 873 3666 aut
888 3625 938 3680 pro
955 3615 1034 3680 parte
1052 3608 1165 3666 lundon
1183 3626 1260 3681 pure,
1277 3625 1327 3680 pro
1345 3615 1423 3679 perte
1441 3608 1494 3666 sub
1507 3608 1669 3666 eondieioue
1681 3613 1710 3666 et

279 3700 353 3756 niem
371 3700 430 3755 siue
448 3699 621 3768 sondioione,
642 3699 666 3754 si
683 3699 820 3768 pendente
838 3715 872 3755 ea
889 3698 973 3769 legati
990 3699 1049 3756 dies
1067 3700 1209 3769 oessiseet,
1226 3699 1397 3755 interiturum
1416 3695 1474 3754 iore
1491 3698 1554 3754 uiae
1570 3698 1708 3768 legatum:

279 3794 312 3846 ut
327 3803 488 3860 responsum
506 3793 558 3859 est,
578 3805 640 3844 oum
658 3789 736 3844 alteri
754 3804 789 3844 ex
807 3789 912 3858 diuinis,
931 3789 978 3858 qui
995 3786 1109 3844 fundum
1128 3803 1299 3845 communem
1318 3786 1463 3857 habebant,
1481 3787 1555 3844 uiam
1573 3787 1626 3844 sub
1644 3803 1710 3844 eon·

280 3878 395 3949 dlolone,
414 3878 491 3934 alteri
509 3893 577 3949 pore
594 3878 714 3949 legasset
730 3881 760 3933 et
775 3877 912 3948 pendente
930 3877 1091 3934 eondioione
1108 3877 1282 3947 deoessisset,
1301 3877 1366 3948 quia
1382 3879 1493 3934 alterius
1511 3877 1637 3947 legatarii
1648 3892 1709 3947 per·

280 3981 349 4024 sona
364 3965 560 4037 impedimento
579 3971 661 4036 esset,
679 3981 735 4036 quo
752 3967 842 4022 mium
860 3965 963 4022 eolides
980 3964 1082 4022 londos
1100 3968 1180 4022 euin⁷
1199 3966 1246 4022 nio
1262 3965 1453 4022 niudioaretur.

243 4061 263 4121 4
333 4055 503 4111 lauonauoa
520 4054 590 4112 libro
607 4070 680 4112 nono
699 4055 886 4127 epistularum.
914 4053 985 4112 siis
1003 4056 1050 4125 qui
1068 4055 1138 4110 duas
1155 4055 1239 4112 eedes
1256 4054 1376 4112 babebat
1393 4071 1463 4112 unas
1477 4054 1551 4125 mibi,
1570 4049 1710 4137 [niet]
1771 4075 1798 4092 Α

281 4143 381 4200 alteras
397 4142 448 4200 tibi
465 4143 569 4214 legauit
586 4149 614 4200 et
632 4143 738 4200 medius
756 4144 854 4216 paries,
872 4144 920 4215 qui
937 4149 1068 4215 uberque
1085 4143 1168 4199 aedes
1179 4143 1339 4215 datingmt,
1357 4144 1511 4214 interuenit,
1529 4157 1562 4200 eo
1574 4131 1710 4202 lundein-m
1741 4136 1798 4182 Ρ

281 4247 452 4290 wernonem
470 4232 550 4289 nobis
567 4248 629 4290 esse
646 4233 781 4304 existimo,
799 4248 862 4305 qno,
880 4233 905 4290 si
921 4234 1012 4305 paries
1029 4237 1135 4290 uotum
1148 4231 1257 4290 duobus
1267 4231 1347 4290 nobie
1359 4233 1538 4290 oommuuiter
1549 4238 1624 4288 esset
1635 4232 1727 4304 ispa,

281 4347 523 4419 emaum)

282 4507 334 4564 ¹si
351 4523 441 4564 rerum
460 4517 507 4566 stu.
525 4506 637 4576 (Neocli)
708 4505 856 4579 ¹inlerior]
875 4507 1028 4566 interiorem
1046 4507 1127 4564 esse?
1187 4507 1287 4578 ⁸loeo]
1305 4508 1397 4580 legato
1415 4509 1513 4578 (eddl‘l
1577 4509 1709 4580 ‘legato1

280 4579 407 4636 liaeulol
476 4583 487 4616 ⁸
506 4580 616 4636 alterins
633 4579 758 4650 legstarli
775 4595 892 4652 persona
909 4580 1103 4651 impedimento
1121 4583 1208 4649 esset,
1227 4595 1281 4650 qno
1299 4581 1389 4636 minus
1407 4580 1510 4636 solidus
1527 4579 1629 4636 fundus
1647 4596 1710 4637 ouon

280 4651 328 4706 uia
344 4649 529 4707 uindicaretur
546 4659 593 4707 tus.
611 4653 655 4724 (ss.
667 4672 692 4706 ιι.
704 4652 753 4706 37.-
770 4651 941 4720 Hotomassus)
994 4653 1006 4688 ⁸
1023 4651 1060 4722 et]
1073 4649 1143 4706 sed?
1196 4653 1206 4686 ⁷
1225 4651 1328 4707 solidus
1340 4650 1441 4708 fundus
1453 4667 1515 4708 oum
1530 4653 1577 4706 det.
1589 4653 1634 4725 (cs.
1646 4654 1711 4721 25>

282 4816 431 4874 'linisset‘
444 4821 481 4874 ΡΙ
517 4820 552 4876 14
569 4818 643 4889 nihlll
659 4819 967 4893 Fllld(msrp.al.rnnl·
1020 4819 1054 4876 al.
1073 4818 1125 4876 boo
1147 4834 1201 4876 non
1223 4833 1279 4874 non
1301 4822 1354 4887 eet)
1377 4821 1408 4876 Κ
1456 4821 1491 4876 lt
1515 4820 1708 4890 eontineretur]

280 4893 350 4956 tenu
377 4890 418 4954 K,
444 4891 560 4946 multum
580 4890 635 4946 WI
655 4892 748 4964 (morp.
770 4891 804 4948 al.
826 4890 918 4955 niebil)
946 4891 971 4947 0
1020 4889 1144 4955 mols,
1162 4891 1365 4946 eontinerentnr
1377 4889 1475 4956 ΡΜ,
1494 4891 1708 4948 eontinenturll

282 4961 316 5018 lb
333 4961 432 5017 tertiae
448 4963 544 5032 partis]
562 4962 610 5024 τοῨ
627 4963 716 5035 τρίτοι
733 4964 830 5036 utpote
849 4963 876 5018 B
887 4961 967 5034 (rep.)
1020 4963 1055 5018 tl
1073 4963 1195 5032 legasset
1206 4961 1243 5032 et]
1257 4961 1432 5029 WDEQOK,
1450 4963 1557 5032 legente
1569 4969 1598 5019 et
1610 4963 1656 5028 P,
1671 4963 1708 5018 le·

282 5033 315 5088 17
333 5033 450 5104 legabis]
470 5034 573 5102 mlo,
594 5034 702 5106 legatus
725 5049 779 5112 non
796 5033 859 5092 WE
876 5035 968 5106 (worp.
1020 5041 1115 5105 flasset
1131 5033 1176 5100 lit,
1193 5033 1314 5104 legasset
1331 5048 1366 5090 ea
1383 5033 1399 5088 l
