4350 5438
282 287 328 335 nn
349 287 548 336 nouoarens
591 239 615 292 '¹
952 267 1038 348 913
1531 271 1714 339 Lib-14

283 425 395 482 modum
414 442 469 482 non
487 426 569 482 debet
587 428 619 496 is,
638 428 716 484 cuins
734 433 878 484 accusator
895 428 1039 484 destiterit.
1066 429 1106 484 ita
1123 405 1362 499 enimimperator
1380 433 1473 484 noster
1485 445 1547 485 curu
1560 430 1624 486 diuo
1636 435 1714 500 patre

251 523 335 570 aeno
356 517 504 586 rescripsit
541 515 688 573 Sciendum
713 523 757 573 est
779 518 913 588 quaedam
939 533 1000 573 esse
1019 533 1132 574 munera
1150 522 1198 573 aut
1215 533 1348 590 personae
1366 522 1415 574 aut
1432 520 1559 590 patrimo·
1579 517 1716 604 [Q

250 605 399 674 saiorum,
416 605 511 660 itidem
529 605 662 676 quosdam
681 621 743 662 esse
762 605 888 663 honores.
918 607 1039 677 Munera,
1058 622 1129 677 quae
1147 607 1316 677 patrimoniis
1334 607 1521 678 iniungantur,
1540 610 1584 664 uel
1602 611 1715 664 intribn-

282 693 372 748 ticnes
389 694 456 749 talia
473 700 553 764 sunt,
577 702 608 750 ut
625 710 714 765 neque
732 700 809 751 aetas
828 711 861 751 ea
879 701 993 752 excuset
1010 711 1098 767 neque
1117 711 1246 752 numerus
1264 697 1410 752 liberorum
1430 712 1481 752 nec
1499 698 1552 752 alia
1569 714 1714 768 praeroga-

250 783 355 852 ntiua,
379 799 451 852 quae
474 784 545 838 solet
563 800 580 839 a
596 783 786 855 personalibus
805 785 962 842 muneribus
981 789 1107 842 exuere¹.
1144 785 1199 842 Sed
1218 787 1290 841 enim
1308 786 1377 841 haec
1395 802 1519 857 munera,
1536 803 1614 856 quae
1631 788 1714 858 patri·
1733 799 1747 839 n
1820 813 1821 817 =

272 872 381 928 'moniis
399 873 567 944 indicuntur,
587 873 706 944 duplicia
724 879 803 930 sunt:
825 891 888 929 nam
906 875 1041 946 quaedam
1060 875 1264 946 possessoribus
1282 876 1468 946 iniungantur,
1487 878 1547 932 siue
1564 877 1715 946 municipes

283 967 348 1016 sunt
365 962 425 1017 sine
443 978 498 1018 non
516 967 593 1032 sunt,
617 963 753 1033 quaedam
772 979 827 1019 non
845 964 898 1020 nisi
916 965 1099 1038 municipibus
1122 967 1168 1021 nel
1191 966 1295 1022 incolis.
1323 965 1527 1036 intribntiones,
1552 981 1622 1036 quae
1641 967 1714 1036 agris

282 1048 353 1105 fiunt
372 1053 415 1106 uel
434 1050 577 1121 aediliciis,
596 1051 800 1122 possessoribus
817 1053 988 1108 indicuntur:
1012 1069 1126 1110 munera
1137 1045 1221 1126 ¹nero,
1240 1070 1311 1125 quae
1329 1055 1552 1126 patrimoniorum
1571 1055 1714 1127 habentur,

282 1154 338 1195 uon
356 1140 416 1196 aliis
434 1155 516 1211 quam
536 1141 718 1212 municipibus
736 1143 781 1197 uel
800 1143 904 1198 incolis.
942 1151 945 1160 “
1733 1157 1747 1196 c

245 1227 265 1286 t
335 1228 511 1288 nummus
533 1231 602 1286 libro
625 1231 747 1288 meando
770 1231 948 1301 publicorum.
988 1232 1063 1287 Reus
1086 1231 1193 1287 delatus
1216 1232 1299 1287 etiam
1321 1236 1386 1288 anta
1408 1233 1572 1288 sententiam
1597 1232 1714 1288 honores
1732 1231 1772 1305 Ss

281 1321 377 1386 petere
394 1319 589 1390 principalibus
607 1319 847 1376 constitutionibus
864 1319 1038 1391 prohibetur:
1061 1336 1113 1376 nec
1135 1321 1262 1390 interest,
1285 1321 1408 1391 plebeius
1433 1339 1468 1378 an
1492 1322 1603 1378 decurio
1624 1319 1713 1376 luerit.

282 1407 333 1462 sed
351 1412 415 1477 post
432 1424 542 1480 annum,
560 1425 642 1479 quarn
661 1395 724 1465 rens
742 1409 850 1465 delatus
868 1416 919 1480 cst,
938 1413 1032 1479 petere
1050 1426 1105 1465 non
1122 1410 1289 1480 prohibetur,
1307 1410 1360 1465 nisi
1371 1426 1421 1481 per
1432 1411 1522 1480 ipsum
1542 1405 1715 1494 [iffi

251 1509 263 1553 1
283 1497 373 1566 stetit,
396 1511 452 1566 qno
469 1499 559 1554 miuus
578 1514 663 1554 cansa
680 1493 757 1554 intra
770 1515 870 1576 annum
891 1499 1073 1568 expediretur.
1109 1500 1195 1569 Eum,
1221 1505 1316 1556 contra
1334 1515 1415 1569 quem
1433 1506 1545 1570 propter
1556 1487 1715 1583 ‘ho-*Q

283 1599 364 1640 nores
382 1588 548 1657 appeliatum
572 1593 627 1658 eat,
652 1587 676 1642 si
698 1588 836 1658 pendente
860 1587 1043 1658 appellatione
1067 1587 1196 1644 honorem
1218 1589 1405 1660 usurpauerit,
1429 1589 1609 1644 coercendum
1633 1589 1713 1644 diuus

283 1673 403 1730 Seuerus
422 1677 568 1746 rescripsit.
585 1665 663 1747 ‘ergo
681 1683 709 1732 et
727 1678 751 1732 si
768 1677 806 1747 is,
830 1679 877 1747 qui
895 1677 1043 1734 bonoribus
1059 1693 1111 1749 per
1128 1678 1292 1734 sententiam
1313 1678 1355 1734 uti
1372 1677 1524 1749 prohibitus
1542 1683 1597 1750 est,
1622 1679 1714 1749 appel·
1734 1693 1762 1734 rs

282 1764 390 1834 tenerit,
409 1765 547 1821 abstinere
565 1767 672 1822 iuterim
691 1767 824 1838 petitione
842 1766 953 1822 honoris
971 1766 1091 1823 debebit.

244 1851 265 1910 8
338 1853 487 1911 Unrrsuns
509 1855 578 1911 libro
600 1857 746 1912 undecimo
770 1855 805 1910 ad
829 1855 958 1910 edictum.
994 1855 1039 1912 ild
1059 1873 1116 1912 rem
1137 1855 1274 1926 publicam
1292 1855 1377 1910 admi·
1399 1841 1714 1941 [QQQ
1732 1867 1760 1922 Ε

283 1943 453 1999 nistrandam
472 1951 536 2000 ante
554 1946 733 2002 uicensimum
752 1945 876 2016 quintum
901 1960 1016 2015 anunm,
1038 1946 1083 2000 uel
1107 1945 1143 2001 ad
1165 1960 1279 2000 munera
1300 1959 1371 2014 quae
1394 1959 1449 2000 non
1471 1945 1626 2024 patrimonii
1649 1950 1715 2001 sunt

283 2033 328 2087 nel
346 2031 471 2102 honores,
491 2033 598 2104 admitti
616 2035 735 2090 minores
753 2042 808 2090 non
826 2037 942 2104 oportet.
969 2033 1087 2104 denique
1106 2049 1157 2089 nec
1175 2033 1336 2089 decuriones
1355 2038 1482 2088 creantur
1500 2035 1543 2088 nel
1556 2036 1641 2089 creati
1659 2033 1714 2089 sui·

283 2119 401 2190 fragium
419 2123 447 2178 in
465 2124 542 2178 curia
559 2123 659 2180 ierunt.
686 2139 775 2179 annus
793 2127 885 2178 utitem
904 2124 1071 2180 uicensimus
1089 2125 1200 2194 quintus
1219 2127 1333 2193 coeptus
1351 2137 1402 2193 pro
1416 2124 1497 2194 pleno
1515 2121 1644 2179 habetur:
1663 2123 1715 2179 hoc
1734 2123 1763 2180 ac

284 2209 357 2266 enirn
375 2211 404 2266 in
422 2211 570 2268 bonoribus
588 2211 691 2269 fauoris
709 2229 794 2278 causa
812 2213 990 2268 constitutum
1010 2217 1066 2282 est,
1084 2220 1116 2268 ut
1133 2229 1182 2283 pro
1200 2213 1287 2282 plenis
1306 2210 1447 2268 inchoatos
1466 2212 1645 2282 accipiamus,
1665 2213 1714 2270 scd

284 2299 373 2355 iubis
391 2299 552 2373 honoribus,
574 2301 719 2374 inquibus
743 2301 926 2372 reipublicae
949 2299 1015 2371 qnid
1038 2302 1078 2356 eis
1100 2317 1156 2358 non
1179 2301 1365 2357 committitur.
1393 2305 1514 2356 ceterum
1534 2316 1595 2355 oum
1615 2301 1715 2358 damno

283 2387 394 2459 publico
413 2389 542 2446 honorem
562 2393 587 2447 ci
606 2392 739 2448 committi
757 2407 811 2447 non
830 2397 873 2446 cst
890 2391 1045 2461 dicendum,
1064 2392 1146 2446 etiam
1166 2407 1228 2446 cnm
1245 2391 1332 2462 ipsius
1350 2389 1469 2461 pernicie
1487 2390 1608 2445 minoris.

245 2478 265 2536 9
337 2479 414 2534 ineu
432 2479 501 2535 libro
519 2482 600 2537 tertio
619 2481 654 2537 de
672 2479 762 2537 officio
781 2481 909 2536 consulis.
939 2479 968 2536 Si
987 2481 1048 2551 quis
1067 2481 1242 2552 magistratus
1260 2481 1287 2535 in
1307 2481 1455 2550 municipio
1474 2486 1583 2534 creatus
1602 2494 1714 2534 munere
1733 2480 1761 2534 Ε

283 2567 406 2624 iniuncto
424 2567 502 2638 fungi
520 2569 667 2641 detrectet,
690 2587 740 2642 per
756 2568 897 2640 praesides
916 2585 1015 2624 munus
1039 2569 1207 2640 adgnoscere
1232 2569 1373 2639 cogendus
1391 2574 1434 2625 est
1451 2567 1592 2638 remediis,
1615 2568 1715 2638 quibus
1734 2585 1763 2625 ae

283 2661 390 2712 tutores
408 2673 518 2728 quoque
535 2660 626 2714 solent
641 2661 703 2729 cogi
722 2659 758 2714 ad
776 2675 875 2714 munus
893 2657 967 2729 quod
985 2659 1135 2714 iniunctum
1155 2663 1199 2714 cst
1216 2657 1450 2729 adgnoscendum.
1715 2727 1717 2730 Ι

228 2742 267 2802 10
337 2747 530 2804 hionnsrmus
548 2747 617 2804 libro
635 2749 730 2818 quinto
748 2748 972 2804 differentiarum.
1008 2747 1145 2804 Honorem
1170 2748 1317 2804 sustinenti
1339 2763 1438 2805 munus
1456 2747 1560 2818 imponi
1578 2742 1715 2831 [W
1733 2756 1761 2810 Ε

284 2851 339 2892 non
357 2841 461 2906 potest:
480 2853 579 2893 munus
597 2839 742 2893 sustinenti
760 2837 846 2894 honor
863 2835 963 2892 deferri
981 2841 1082 2907 potest.
1162 2878 1164 2884 ,
1592 2822 1714 2830 Μ

228 2921 264 2979 11
337 2925 415 2980 insu
432 2923 501 2980 libro
519 2926 663 2982 undecimo
682 2927 887 2998 pandectarum.
924 2925 961 2981 Ut
982 2925 1117 2996 gradatim
1141 2925 1259 2981 honores
1277 2925 1446 2995 deierantur,
1470 2925 1574 2995 edicto,
1598 2931 1627 2980 et
1648 2928 1680 2979 ut
1698 2939 1716 2979 a
1734 2926 1761 2980 Ε

251 3023 264 3066 1
285 3013 435 3070 minoribns
458 3014 494 3070 ad
518 3016 634 3070 maiores
657 3017 844 3086 perueniatnr,
870 3015 987 3086 epistula
1008 3015 1066 3070 diui
1084 3015 1123 3070 Pii
1149 3015 1184 3070 ad
1203 3015 1341 3070 Titianum
1366 3015 1534 3084 exprimitur.
1572 3014 1631 3068 Etsi
1653 3014 1715 3083 lege
1734 3027 1762 3067 ec

285 3103 441 3173 municipali
465 3107 609 3174 caueatur,
635 3111 668 3160 ut
690 3104 878 3176 praeferantur
901 3105 929 3159 in
952 3103 1099 3160 honoribus
1122 3109 1214 3160 certae
1237 3103 1404 3160 eondicionis
1428 3102 1565 3158 homines:
1594 3108 1715 3157 attamen

284 3191 425 3248 sciendum
444 3199 488 3248 est
505 3193 557 3248 hoc
574 3209 636 3249 esse
654 3193 866 3263 obseruandum,
885 3194 909 3249 si
928 3192 1018 3248 idonei
1037 3194 1105 3248 sint:
1124 3197 1153 3248 ct
1169 3193 1209 3249 ita
1226 3193 1359 3263 rescripto
1378 3193 1435 3248 diui
1450 3193 1534 3247 Marci
1553 3192 1714 3246 continetur.

251 3292 266 3338 1
284 3280 416 3346 Quotiens
435 3283 549 3352 penuria
568 3288 731 3353 octaorum,
750 3283 797 3352 qui
816 3283 1005 3352 magistratum
1025 3282 1186 3352 suscipiunt,
1205 3283 1362 3337 immunitas
1378 3281 1413 3337 ad
1431 3281 1532 3351 aliquid
1551 3279 1714 3350 infringitur,

251 3381 266 3425 e
284 3371 366 3425 sicuti
385 3371 441 3426 diui
455 3369 552 3426 iratres
565 3373 771 3443 rescripserunt.
801 3370 950 3442 Reprobari
965 3387 1047 3441 posse
1062 3371 1197 3426 medicum
1216 3387 1233 3426 a
1251 3386 1281 3426 re
1298 3370 1415 3442 publica,
1435 3367 1582 3454 [31113111.
1592 3382 1629 3450 tt,
1628 3381 1716 3452 Q

251 3470 267 3515 4
284 3461 411 3528 quamuis
430 3462 514 3518 semel
532 3460 666 3530 probatus
684 3461 728 3530 sit,
747 3461 829 3516 dinus
846 3461 964 3530 Magnus
982 3460 1137 3516 Antoninus
1156 3476 1218 3515 cum
1237 3465 1315 3530 patre
1333 3447 1643 3530 ascripsffi'u‘oquii
1661 3459 1713 3528 pri·
1734 3470 1762 3512 aa

284 3549 337 3603 mis
354 3549 452 3604 litteris
469 3565 569 3620 pueros
586 3550 727 3620 inducunt,
746 3566 801 3605 non
819 3549 920 3605 habero
938 3550 1109 3605 uacationem
1128 3549 1209 3604 diuus
1226 3549 1343 3618 Magnus
1361 3549 1517 3604 Antoninus
1535 3549 1683 3619 rescripsit.

228 3639 266 3696 12
337 3639 508 3696 Iunonuuus
525 3638 594 3694 libro
613 3644 691 3694 sexto
710 3654 745 3694 er
763 3639 868 3694 Cassio.
905 3639 956 3694 (ini
974 3639 1093 3694 muneris
1116 3637 1218 3708 publici
1242 3639 1350 3692 uacatio
1369 3637 1463 3708 datur,
1487 3653 1542 3694 non
1568 3638 1716 3692 remittitur
1732 3635 1760 3690 Ε

284 3728 319 3797 ci,
337 3743 372 3783 ne
391 3729 567 3798 magistratus
585 3727 642 3798 liat,
661 3729 726 3798 quia
743 3727 771 3783 id
791 3728 826 3783 ad
844 3727 973 3783 honorem
987 3728 1076 3798 magis
1088 3742 1170 3797 quam
1183 3725 1219 3780 ad
1232 3741 1346 3782 munera
1357 3728 1483 3798 pertinet.
1512 3732 1603 3782 cetera
1614 3727 1714 3797 omnia,

284 3832 356 3886 qaae
374 3817 409 3872 ad
427 3823 535 3888 tempus
554 3823 631 3872 extra
649 3815 772 3873 ordinem
791 3817 950 3887 exiguntur,
974 3817 1061 3872 ueluti
1079 3816 1193 3872 munitio
1217 3816 1337 3886 nicrum,
1361 3815 1396 3871 ab
1419 3815 1574 3872 huiusmodi
1596 3831 1715 3886 persona

284 3906 421 3976 exigenda
438 3923 492 3982 non
511 3913 583 3961 sunt.
1734 3918 1763 3958 eo

225 3994 265 4053 13
339 3995 350 4066 ΙΙ
368 3996 446 4050 inum
467 3995 537 4050 libro
560 3995 654 4065 quinto
673 3993 780 4050 decimo
798 4009 832 4049 ex
851 3993 955 4050 Cassio.
992 3994 1106 4050 Uaoatio
1129 3995 1249 4064 itemque
1273 3987 1445 4063 immunitas,
1468 4009 1538 4063 quae
1557 3989 1713 4076 [Buff-19
1731 4002 1855 4054 111441

283 4083 376 4140 liberis
394 4089 423 4139 et
440 4085 558 4154 posteris
577 4084 692 4139 shcuins
710 4083 776 4139 data
794 4087 844 4154 est,
863 4083 899 4138 ad
917 4098 965 4139 eos
983 4083 1128 4139 dumtaxat
1144 4085 1271 4154 pertinet,
1289 4084 1336 4153 qui
1355 4083 1415 4138 eius
1432 4081 1550 4138 familiae
1569 4089 1641 4137 sunt.

224 4174 265 4232 14
338 4174 563 4230 Cannrsrnsrus
580 4173 649 4228 libro
665 4173 754 4242 primo
777 4173 812 4229 de
830 4172 1040 4243 cognitionibus.
1077 4173 1171 4229 Honor
1193 4172 1364 4242 municipalis
1387 4176 1430 4227 est
1452 4171 1651 4226 administratio
1674 4171 1714 4225 rei
1731 4170 1775 4243 Es

251 4275 263 4320 1
283 4261 410 4332 publicae
429 4279 491 4318 cum
510 4262 652 4333 dignitatis
669 4263 766 4333 gradu,
788 4264 847 4318 siue
866 4278 928 4317 cum
946 4267 1058 4331 sumptu
1076 4263 1136 4317 siue
1154 4263 1214 4317 sine
1232 4261 1390 4330 erogatione
1408 4261 1579 4330 contingens.
1615 4261 1714 4315 Munus

284 4357 334 4426 ant
351 4351 489 4422 publicum
509 4355 557 4407 aut
573 4352 711 4422 priuatum
730 4357 780 4408 est.
808 4351 947 4422 publicum
966 4367 1065 4407 munus
1083 4350 1190 4422 dicitur,
1209 4349 1284 4421 quod
1295 4350 1324 4404 in
1337 4349 1552 4405 administranda
1564 4364 1593 4404 re
1605 4349 1715 4420 publica
1732 4361 1762 4402 ut
1807 4383 1808 4386 =

285 4457 477 4528 samoe)

284 4621 295 4656 ¹
314 4633 448 4674 excusare
465 4619 564 4686 (addit

283 4779 517 4849 disiunguntur
536 4778 570 4832 F‘
634 4778 859 4850 imuuiciprbus]
879 4793 973 4833 mnne·
1026 4781 1090 4832 runt
1109 4777 1145 4830 F'
1192 4777 1226 4832 at
1245 4775 1411 4846 accipiemus
1430 4778 1455 4830 F
1493 4776 1527 4830 23
1545 4774 1682 4843 pernicies
1696 4774 1721 4826 F

283 4849 361 4904 ribus
381 4851 414 4902 pr
436 4853 441 4918 t
461 4850 651 4906 intribntiones
669 4851 749 4920 quae]
770 4852 813 4914 ΡΙ,
836 4851 864 4905 in
887 4849 973 4905 tribn-
1026 4851 1061 4904 26
1080 4846 1352 4917 ad'co'gnoscendum
1371 4849 1407 4901 F’
1454 4849 1489 4903 30
1503 4847 1716 4916 perueniamtur

282 4922 359 4977 tione
377 4923 515 4992 usqueF²
564 4924 598 4977 10
612 4920 790 4991 publicorum]
802 4921 972 4992 publicorum
1026 4921 1065 4973 F²
1135 4913 1168 4975 ei
1194 4919 1422 4990 praeieren'tnri'
1489 4919 1523 4972 31
1550 4933 1584 4972 cx
1612 4917 1714 5000 ⁰m·.F.¹

282 4993 446 5049 indiciorum
467 4996 502 5047 Fr
549 4995 581 5048 13
599 4993 804 5062 expedieturF
844 4995 877 5047 14
895 5009 972 5048 usur·
1025 4992 1061 5046 38
1078 4992 1107 5046 id
1120 4991 1173 5045 *ad⁴
1186 4991 1315 5048 honorem
1335 4992 1373 5043 F’
1425 4991 1461 5045 43
1479 4987 1715 5044 honor'i'muurcr·

283 5065 388 5122 raserit
410 5068 446 5118 Ρ
514 5067 548 5120 16
572 5063 730 5120 debebit'nr'
744 5065 779 5118 Ρ
845 5063 972 5118 201·ηό-
1025 5064 1096 5133 palis
1115 5062 1152 5115 Εὖ
1204 5063 1240 5119 44
1259 5067 1369 5133 sumpto
1388 5061 1424 5114 F¹

443 5157 472 5200 u.
1451 5149 1486 5206 58
