3518 5452
82 283 127 330 ns
163 281 254 330 nonu
275 281 504 330 nmaaronuru
766 253 851 336 327
1133 261 1296 330 XXXVIII
1318 264 1335 328 1
1359 269 1394 324 47
1414 299 1445 310 -
1466 263 1487 330 2
1505 271 1523 326 2

76 422 104 490 si,
128 436 205 476 cum
220 420 300 474 sciret
317 435 402 490 posse
420 435 451 474 se
468 419 497 476 id
515 434 651 496 recusare,
669 418 784 488 obligari
803 433 833 474 se
851 433 951 489 pessus
969 420 1013 490 sit,
1032 435 1087 476 non
1104 419 1280 476 inhibendam
1299 436 1441 490 operarum
1454 422 1523 491 peti·

72 511 204 578 donem,
219 509 280 578 qnia
297 509 418 565 donasse
435 509 552 565 uidetur.

21 602 57 663 48
128 598 398 653 Haauoonnrsnus
416 597 485 653 libro
504 595 625 651 secundo
644 593 710 651 iuris
728 595 918 665 epitomarum.
954 594 1031 650 Sicut
1049 600 1189 666 patronus,
1207 598 1247 652 ita
1264 598 1346 652 etiam
1365 594 1523 680 [eje-effi
1542 605 1569 657 Ρ

70 685 199 758 patroni
219 683 287 739 lilius
309 691 442 756 atnepos
461 691 489 741 et
506 701 657 755 pronepos,
682 685 729 752 qui
747 683 861 739 libertae
879 683 996 753 nullptiis
1014 686 1166 754 consensit,
1188 702 1332 756 operarum
1351 675 1523 742 emere—mm
1540 673 1621 742 ἱ161ὗ

42 787 54 832 1
70 773 205 830 amittit:
215 789 275 828 uam
288 773 367 845 haec,
380 774 459 830 cuius
472 774 644 828 matrimonio
658 773 805 842 eonsenslt,
818 773 846 827 in
859 770 949 828 officio
962 773 1052 827 mariti
1064 788 1124 828 esse
1136 773 1227 829 debet.
1255 774 1284 830 Si
1297 780 1388 829 autem
1402 777 1522 844 nuptiae,
1542 787 1555 827 s

70 862 192 936 quibus
210 867 340 934 patronos
359 863 509 931 consensit,
534 863 623 916 nullos
639 861 761 916 habeant
778 862 864 930 uites,
888 876 986 931 operas
1004 863 1115 931 exigere
1133 865 1265 932 patronus
1282 878 1337 917 non
1354 863 1522 932 prohibetur.

45 955 231 1021 rPatronae,
248 952 313 1006 item
332 949 406 1006 tiliae
424 955 453 1005 et
470 951 546 1020 nepti
564 955 593 1006 et
609 950 736 1020 pronepti
754 949 869 1020 patroni,
889 965 960 1019 qaae
972 950 1086 1006 libertae
1098 953 1202 1020 nuptiis
1214 953 1359 1022 consensit,
1378 967 1522 1022 operarum

72 1042 198 1098 exacuo
212 1056 266 1095 non
283 1041 444 1109 denegatur,
463 1040 528 1107 quia
546 1039 588 1094 his
606 1054 657 1094 nec
675 1039 710 1093 ab
729 1053 851 1108 eaquae
869 1044 956 1108 nupta
973 1045 1017 1094 est
1034 1039 1162 1095 indecore
1179 1046 1361 1110 praestantur.

29 1131 61 1188 lt
131 1129 234 1184 Galus
257 1128 326 1183 libro
349 1129 482 1198 singulari
505 1127 540 1183 de
558 1127 677 1183 casibus.
714 1129 837 1182 Duornm
856 1127 970 1182 libertus
988 1133 1081 1198 potest
1098 1129 1190 1198 aliquo
1208 1145 1274 1184 casn
1292 1130 1346 1184 sin·
1365 1125 1523 1211 {iffi}
1542 1135 1568 1188 P

78 1219 165 1290 gulis
183 1218 300 1272 diuersas
318 1231 417 1288 operas
436 1231 491 1272 uno
509 1221 633 1286 tempore
650 1217 679 1272 iu
697 1216 814 1271 solidum
833 1215 929 1286 edere,
954 1217 1040 1271 ueluti
1058 1217 1082 1271 si
1100 1216 1226 1272 librarius
1245 1219 1281 1272 sit
1299 1223 1328 1273 et
1344 1220 1391 1274 alli
1407 1207 1523 1288 affl
1542 1229 1570 1268 ro

77 1305 216 1363 librorum
233 1304 438 1360 scribendorum
457 1319 555 1375 operae
573 1305 647 1375 edat,
666 1306 735 1360 alter
752 1320 819 1361 uero
836 1319 952 1375 peregre
970 1320 1032 1360 cum
1051 1305 1108 1360 suis
1126 1305 1303 1376 proficiscens
1320 1323 1419 1377 operae
1433 1313 1524 1364 custo·

82 1395 150 1450 ttae
174 1394 264 1450 domus
282 1395 308 1449 ei
326 1395 468 1449 indixerit:
492 1393 558 1449 nibil
576 1395 648 1450 enim
666 1399 757 1465 uetat,
782 1394 848 1450 dum
867 1393 989 1449 eustodIt
1005 1393 1131 1464 domum,
1156 1394 1239 1450 libros
1257 1395 1385 1452 scribere.
1414 1396 1468 1454 hoe
1484 1398 1524 1454 ita

85 1483 215 1538 lemtim
231 1483 306 1538 libris
325 1482 544 1538 membranarum
563 1483 681 1552 scripsit.

51 1569 77 1626 tt
136 1572 289 1628 Nannenus
302 1571 472 1642 libroprimo
483 1585 684 1641 responsorum.
713 1571 862 1641 operarum
876 1569 1023 1627 editionem
1035 1569 1156 1641 pendere
1168 1591 1198 1626 ea
1210 1572 1348 1628 existima·
1367 1569 1523 1656 [ῑιῖῐιζιζῐξι
1543 1577 1569 1630 P

91 1659 167 1713 done
188 1660 302 1716 edendm
325 1677 388 1716 nam
413 1661 541 1730 dignitati
563 1653 741 1716 facultatibus
759 1659 951 1716 consuetudini
968 1659 1083 1716 artifieio
1101 1661 1160 1716 eius
1179 1663 1375 1717 conuenientes
1383 1651 1523 1719 edendas
1543 1671 1572 1712 1⁶

73 1746 152 1802 ilton
173 1751 252 1804 solum
271 1752 363 1804 auum
381 1748 523 1819 libertum,
545 1750 595 1804 sed
613 1749 696 1804 etiam
715 1749 798 1804 alium
816 1747 965 1819 quemlibet
982 1763 1081 1819 operas
1099 1749 1225 1804 edentem
1245 1750 1371 1806 alendum
1391 1757 1440 1806 aut
1456 1753 1524 1808 satis

95 1839 218 1905 temporis
239 1839 274 1893 ad
297 1843 443 1907 quaestum
466 1840 656 1893 alimentorum
681 1837 888 1908 relinquendum
911 1842 940 1891 et
963 1838 992 1892 ln
1013 1837 1140 1894 omnibus
1157 1843 1282 1908 tempora
1300 1841 1336 1896 ad
1354 1857 1446 1896 curam
1466 1855 1523 1896 cor·

97 1925 170 1991 poris
185 1927 376 1982 neeessariam¹
396 1927 581 1996 relinquenda.

64 2003 86 2059 51
144 2013 256 2071 Psuuus
273 2015 344 2071 libro
362 2016 484 2070 secundo
497 2015 674 2071 manualium.
702 2015 841 2070 Interdum
855 2029 998 2085 operarum
1013 2019 1106 2070 manet
1118 2017 1223 2086 petitio,
1242 2018 1349 2072 etamsi
1368 2013 1524 2100 [ᾖιῖῡο
1542 2019 1568 2072 Ρ

99 2097 133 2151 ile
153 2105 253 2172 patroni
270 2105 395 2160 nonsit:
414 2110 445 2159 nt
463 2105 556 2159 euenit
573 2105 601 2159 in
619 2101 750 2159 iratribus
768 2105 836 2174 eius,
856 2105 901 2159 cui
914 2103 1077 2174 adsignatus
1089 2111 1132 2160 est
1144 2104 1265 2176 libertus,
1285 2110 1334 2162 sut
1345 2095 1524 2178 nepuste'altess
1543 2113 1571 2154 ²0

100 2184 150 2242 llll!
169 2195 265 2263 patrem
283 2197 397 2249 extante
416 2193 527 2249 alterius
545 2193 654 2263 patroni
671 2191 736 2248 filio.

447 2481 485 2560 rt
524 2481 588 2558 DE
615 2481 754 2560 BONIS
782 2347 1088 2558 ILIIBERTORUM
1127 2481 1165 2560 It
1542 2507 1643 2562 sura

77 2619 87 2674 Ῑ
146 2631 286 2696 Uurmuus
303 2639 374 2695 libro
392 2639 622 2709 quadragensimo
640 2637 761 2694 secundo
780 2637 815 2692 ad
827 2637 956 2693 edietum.
983 2638 1043 2692 Hos
1056 2637 1175 2693 edictam
1189 2643 1341 2708 apraetore
1353 2640 1522 2710 propositum
1542 2640 1576 2693 S·
1643 2680 1657 2694 ,

99 2721 137 2770 iit
161 2725 272 2798 honoris,
296 2744 378 2798 quem
404 2728 494 2783 liberti
516 2727 640 2797 patronis
659 2726 760 2781 habere
778 2725 892 2796 debent,
917 2726 1077 2781 moderandi
1095 2727 1193 2796 gratia
1225 2741 1342 2797 namque
1361 2733 1393 2783 at
1410 2727 1522 2783 Semina
1541 2739 1570 2780 ss

98 2807 191 2885 iirt'bit,
207 2822 286 2872 antea
304 2817 377 2873 soliti
395 2815 506 2872 fixerunt
524 2832 541 2870 a
558 2814 662 2870 libertis
680 2815 840 2870 durissimas
859 2829 903 2869 res
921 2815 1040 2885 exigere,
1059 2817 1164 2870 scilicet
1175 2815 1211 2870 ad
1223 2815 1452 2871 remunerandum
1464 2822 1522 2870 tam

98 2903 191 2958 made
210 2905 387 2975 beneficium,
410 2906 484 2976 quod
507 2906 535 2960 in
558 2904 671 2959 libertos
693 2903 844 2974 consertor,
868 2919 931 2958 cum
953 2919 988 2958 ex
1006 2903 1139 2959 sertrituto
1158 2903 1192 2959 ad
1212 2905 1352 2960 ciuitatem
1371 2906 1522 2960 itomanam

77 2983 277 3049 ¹lerduanntur.
315 2996 352 3050 Et
376 2995 485 3064 quidem
508 2995 613 3063 primus
635 2999 745 3063 praetor
762 2993 880 3047 RutiIius
898 2991 985 3046 edixit
1002 3007 1033 3047 se
1052 2993 1167 3062 amplios
1186 3007 1240 3047 non
1258 2994 1387 3048 daturum
1405 2999 1521 3062 patrono

96 3079 172 3134 tuam
192 3097 333 3153 operarum
351 3089 381 3138 et
398 3083 539 3138 societatis
558 3083 707 3151 actionem,
732 3081 860 3137 uidelicet
878 3081 902 3136 ai
919 3081 972 3137 hoo
989 3082 1153 3151 pepigisset,
1176 3085 1220 3150 ut,
1244 3081 1296 3136 nisi
1315 3083 1339 3136 ei
1358 3081 1521 3151 obsequium

75 3160 236 3226 tirassona
257 3171 385 3241 libertus,
408 3173 436 3226 in
459 3171 620 3226 societatem
644 3169 836 3226 admitteretur
859 3176 1000 3240 patronus.
1037 3171 1204 3225 Posteriores
1223 3176 1363 3240 praetores
1382 3167 1519 3252 [Q
1540 3185 1569 3224 ao

94 3257 179 3314 iit'iae
199 3263 283 3330 partis
301 3260 435 3316 bononem
452 3261 655 3330 possessionem
674 3259 885 3329 pollicebantur:
908 3259 1038 3314 uidelicet
1056 3259 1127 3314 enim
1145 3259 1238 3327 imago
1256 3259 1395 3333 societatis
1413 3260 1521 3315 induxit

93 3333 206 3404 ei'ledere
222 3350 309 3420 partis
326 3350 554 3419 praestationem,
574 3354 618 3419 ut,
637 3348 711 3418 quod
729 3349 810 3404 uiuus
828 3347 936 3404 solebat
953 3349 1094 3404 societatis
1111 3349 1221 3404 nomine
1238 3354 1393 3418 praestare,
1410 3349 1439 3404 id
1457 3355 1521 3419 post

93 3436 199 3491 eostam
215 3439 392 3508 praestaret².

69 3503 80 3559 2
145 3523 307 3582 Pouroarus
328 3525 399 3581 libro
422 3521 520 3595 quarm
544 3526 579 3580 ad
597 3525 738 3581 Sabinum.
776 3526 805 3581 Si
828 3531 960 3597 patronus
981 3523 1114 3580 ailberto
1131 3525 1297 3594 praeteritus
1315 3523 1363 3581 bo·
1381 3521 1559 3607 [ιῖιῖιῖᾶε

91 3611 183 3668 lorum
199 3616 400 3685 possessionem
418 3619 512 3684 petere
530 3615 651 3684 potuerIt
668 3620 763 3670 contra
780 3615 889 3671 tabulas
907 3621 936 3670 et
953 3619 1100 3684 antequam
1118 3618 1225 3683 peteret
1242 3613 1392 3669 decesserit
1403 3617 1448 3669 uel
1460 3616 1519 3670 dies
1539 3627 1568 3668 es

91 3688 112 3742 ii
140 3697 264 3760 bonorum
287 3703 472 3774 possessionis
495 3703 688 3772 agnoscendae
710 3705 895 3773 praeterierit,
918 3703 997 3758 liberi
1020 3705 1080 3757 eius
1103 3703 1148 3757 uel
1172 3703 1282 3756 alterius
1300 3704 1408 3773 patroni
1426 3710 1538 3772 petere¹

90 3789 214 3848 lotarum
230 3809 265 3848 ex
283 3793 329 3848 illa
346 3797 426 3862 parte
444 3791 539 3860 edicti,
563 3808 631 3862 qua,
655 3791 751 3862 primis
769 3809 823 3848 non
841 3791 998 3862 petentibus
1016 3797 1065 3846 aut
1082 3791 1164 3846 etiam
1183 3790 1339 3846 nolentibus
1357 3791 1392 3846 ad
1411 3808 1441 3846 se
1459 3808 1519 3862 per-

68 3863 183 3962 Quem,
198 3881 375 3952 sequentibus
395 3882 483 3950 datur,
503 3888 586 3950 atque
604 3881 628 3935 si
646 3881 751 3950 priores
769 3897 804 3934 ex
822 3895 855 3935 eo
871 3895 984 3935 numero
997 3895 1051 3935 non
1064 3887 1165 3934 essent.
1193 3877 1248 3935 Sed
1260 3880 1283 3934 si
1295 3885 1427 3949 patronus
1440 3881 1519 3936 heres

88 3965 225 4025 institutus
242 3972 307 4026 uiuo
326 3969 424 4024 liberto
442 3969 608 4024 decessisset
625 3967 819 4038 superstitibus
835 3968 936 4039 liberis,
955 3969 1109 4038 quaesitum
1129 3973 1179 4037 cst,
1198 3983 1233 4022 au
1250 3969 1289 4023 illi
1303 3973 1399 4024 contra
1411 3969 1520 4025 tabulas

87 4043 240 4114 taunaco
262 4059 396 4114 bonorum
420 4059 622 4129 possessionem
643 4063 738 4126 petere
751 4045 876 4128 possint:
900 4063 928 4112 et
946 4073 978 4112 co
997 4057 1140 4112 decursum
1161 4063 1217 4126 eat,
1240 4062 1272 4111 ut
1289 4059 1384 4114 mortis
1401 4062 1518 4130 tempus,
1538 4071 1567 4111 so

86 4141 151 4195 uuo
166 4145 277 4208 defertur
295 4147 429 4204 bonorum
447 4147 595 4217 possessio,
613 4147 733 4216 spectari
751 4145 859 4216 debeat,
879 4162 914 4200 an
932 4150 1063 4215 petronus
1082 4161 1135 4202 non
1155 4146 1198 4214 sit,
1216 4151 1256 4214 ut,
1275 4146 1298 4200 si
1317 4147 1361 4215 sit,
1380 4162 1415 4201 ex
1431 4148 1520 4216 priua

65 4215 170 4286 ²lime
184 4236 261 4291 cdicn'
278 4237 357 4292 liberi
376 4238 436 4291 eius
453 4235 586 4290 bonorum
604 4236 806 4304 possessionem
819 4240 913 4305 petere
925 4249 979 4290 non
992 4233 1107 4304 possint.
1135 4233 1164 4288 Si
1177 4233 1248 4288 iilius
1260 4236 1449 4306 emaneIpatus
1467 4233 1518 4320 sta)

85 4310 283 4402 florerem

88 4449 184 4534 [idem
202 4473 294 4528 Graece·
312 4474 349 4540 (a.
363 4448 405 4538 tl:
429 4473 585 4528 recesserit
602 4473 691 4540 (Hatr
710 4475 742 4544 ιβ
760 4473 784 4527 la
798 4480 815 4528 t.
832 4475 847 4527 l.
860 4473 895 4525 22
912 4473 926 4542 ς
941 4474 988 4540 2)?
1059 4474 1071 4508 ²
1088 4478 1120 4528 ut
1138 4471 1212 4543 quod
1229 4472 1309 4528 uiuos
1327 4471 1458 4528 nolebant
1475 4487 1518 4528 so·

87 4533 195 4597 tremet„
212 4543 318 4600 semiue
337 4547 486 4614 praestare,
504 4543 532 4598 id
550 4548 747 4614 postmortem
764 4544 958 4616 praestarent?

90 4651 131 4731 ‚¹⁰
157 4677 272 4740 aueum
294 4675 442 4732 liberorum
467 4676 504 4729 F·
567 4676 774 4746 11edat1sed
827 4675 999 4731 suetudin‘e'i
1017 4676 1053 4728 F‘
1069 4677 1074 4742 1
1090 4674 1211 4731 edendos
1229 4677 1265 4729 F·
1319 4678 1353 4731 l‘l
1371 4675 1406 4731 ad
1425 4691 1517 4731 curam

90 4726 185 4859 Ἠ
219 4747 369 4834 l2libroaj
383 4749 420 4800 Ρ
466 4748 500 4802 14
514 4763 549 4802 ex
562 4748 772 4834 existimatione]
827 4747 1160 4836 eorporisnneoessariaml
1182 4746 1249 4814 cpia
1269 4746 1407 4811 terrarius
1432 4747 1518 4834 tutat:

98 4823 435 4946 otlatsitltittt
450 4818 774 4954 ttrelilsttlee
827 4819 1519 4960 le.atteileeietltlsaatate

100 4945 433 5065 ἱξῑωτὶιιιιιίιιηοφιιιιηε
455 4961 495 5015 tsi
512 4960 560 5015 rte
577 4962 716 5032 inspectae
735 4962 774 5014 ai-
827 4968 907 5016 *mus
927 4963 965 5014 F²
1017 4961 1051 5014 37
1070 4959 1237 5030 petentibus]
1255 4959 1413 5030 potentibus
1429 4962 1466 5014 F·

141 5031 183 5078 tiu
193 5048 253 5102 upoc
264 5051 313 5086 ras
324 5043 454 5095 γιιολιιψικ
471 5033 497 5086 Β
506 5035 615 5102 (Aaou.)
659 5033 693 5086 15
711 5047 774 5087 oon·
