3644 5460
152 267 194 314 su
215 267 496 316 rmmoomnsrsms
848 245 903 324 77
1332 254 1453 321 XXXII
1476 261 1591 318 ati-le

44 407 131 466 26
202 405 281 460 lours
297 405 369 462 libro
387 405 511 462 secundo
529 405 566 462 ad
583 407 733 462 Neratium.
763 407 790 462 le
809 406 856 477 qui
873 405 1114 464 fideicommissum
1135 409 1218 466 debet
1234 415 1299 480 post
1312 426 1415 467 moram
1434 405 1592 493 [Πιῖιῖὃῐ
1611 418 1639 472 P

149 509 204 548 non
221 499 331 550 nutum
349 492 470 565 motus,
493 495 542 551 sed
561 495 643 551 etiam
662 509 744 552 omne
762 495 907 567 damnum,
931 511 986 568 quo
1004 495 1130 554 adiectus
1148 505 1193 554 est
1208 487 1591 572 fideicommissadffl

149 585 223 638 stare
241 585 358 654 cogitur.

43 671 126 730 2⁷
200 672 280 728 Inarr
303 671 373 728 libro
396 673 518 730 secundo
542 672 723 730 decretorum.
760 674 846 730 Paula
864 673 994 730 Callinico
1016 689 1050 729 ex
1074 678 1153 745 parte
1171 674 1272 731 herede
1290 676 1416 732 instituto
1434 672 1591 760 [W
1611 683 1637 736 P

147 757 221 815 dliae
240 760 365 816 eiusdem
382 762 570 832 quentianae,
589 777 652 818 cum
670 763 697 818 in
715 761 818 820 familia
830 764 979 836 nupsisset,
997 762 1093 818 decem
1105 767 1271 820 testamento
1282 765 1399 834 legauit:
1417 753 1593 836 deir'n‘d‘epo‘s‘t
1611 776 1625 818 s

147 853 261 920 tempus
278 850 411 906 codicillis
430 849 510 906 iactis
528 856 638 906 centnm
663 852 753 908 eidem
772 853 903 909 Callinico
924 851 1072 921 reliquerat
1088 867 1144 908 nou
1162 853 1270 909 adiecto
1289 853 1348 909 'hoo
1366 852 1500 924 amplioa’.
1529 869 1591 923 pro-

147 939 288 996 nuntiauit
306 945 450 1009 utramque
468 953 603 996 summam
622 940 725 1012 deberi,
744 943 863 998 maxime
881 957 943 997 eum
962 942 990 997 in
1008 941 1140 997 codicillis
1158 939 1230 998 filiae
1247 941 1370 997 Callinici
1387 942 1452 997 nihil
1469 944 1591 1013 legatum

91 1035 123 1080 1
147 1025 256 1084 tuimet
283 1029 431 1098 Pompeius
449 1029 614 1100 Hermippus
632 1026 717 1085 fllium
737 1031 916 1102 Hermippum
934 1045 969 1085 er
984 1029 1128 1101 dodrante,
1146 1027 1229 1086 filiam
1242 1030 1379 1086 Titianam
1392 1046 1428 1086 ex
1439 1031 1592 1102 quadrante

148 1115 266 1172 heredes
283 1117 441 1173 instituerat
458 1123 487 1173 et
503 1117 618 1188 praedia
635 1119 725 1184 eerllta
743 1119 858 1190 singulis
875 1120 1098 1190 praelegauerat:
1120 1123 1277 1189 praeterea,
1295 1120 1318 1174 ai
1337 1121 1397 1175 sine
1413 1121 1506 1176 liberis
1523 1122 1591 1178 Her·
1609 1125 1626 1174 t.
1636 1127 1667 1173 es

145 1207 259 1278 mippus
280 1211 446 1277 moreretur,
470 1207 552 1262 aliam
575 1209 780 1278 possessionem
801 1207 874 1264 tiliae
894 1209 953 1263 dari
971 1208 1102 1264 iusserat:
1125 1212 1189 1278 post
1206 1211 1401 1266 testamentum
1419 1207 1500 1265 iactis
1518 1210 1591 1266 eodi-
1610 1221 1639 1260 ιο

145 1297 216 1352 sillia
234 1295 309 1352 tiliae
327 1300 403 1352 certa
420 1295 533 1367 praedis
551 1297 666 1352 dederat
683 1311 800 1368 eamque
819 1298 861 1353 his
880 1301 1037 1354 conmotam
1057 1311 1119 1352 esse
1137 1297 1226 1352 uoluit
1242 1311 1292 1367 pro
1311 1298 1385 1352 omni
1400 1296 1551 1354 hereditate
1562 1303 1592 1355 et

145 1383 202 1455 his,
225 1401 300 1456 quae
324 1387 353 1440 in
376 1389 545 1442 testamento
566 1385 726 1456 reliquerat:
752 1387 893 1458 Hermippi
911 1385 986 1442 bona
1003 1385 1039 1440 ad
1057 1384 1155 1440 fiscum
1172 1391 1368 1456 peruenerant:
1387 1387 1498 1442 Titiana
1513 1403 1592 1444 sotor

145 1472 390 1530 fideicommissum
414 1475 536 1545 petebat.
570 1474 766 1546 quaerebatur,
790 1481 881 1532 utrum
906 1491 957 1546 pro
978 1475 1130 1531 hereditate
1148 1479 1255 1530 tantum
1274 1491 1310 1530 an
1328 1480 1357 1530 et
1373 1491 1424 1546 pro
1441 1476 1497 1545 his,
1518 1491 1591 1547 quae

144 1567 209 1633 poat
227 1567 346 1618 mortem
365 1561 450 1620 irater
467 1568 580 1634 rogatus
598 1570 660 1620 erat
676 1565 829 1636 restituere,
847 1570 928 1636 pater
946 1579 1007 1620 eam
1026 1565 1160 1620 uoluisset
1176 1564 1302 1634 accipere
1320 1579 1354 1619 ea
1371 1581 1443 1634 quae
1459 1565 1590 1622 codicillis

145 1652 304 1720 reliqueret
338 1651 403 1708 mihi
421 1652 457 1708 ab
476 1654 549 1710 omni
568 1654 710 1709 uoluntate
728 1669 869 1710 recessum
887 1651 1041 1709 uidebatur.
1073 1653 1192 1722 placuit¹
1205 1652 1351 1708 humanius
1366 1654 1539 1724 interpretari
1556 1669 1590 1710 ea
1609 1661 1637 1702 1⁶

145 1741 212 1810 sola,
232 1755 306 1812 quae
324 1743 436 1798 uiuente
455 1741 539 1798 tratre
557 1746 706 1812 acceptura
723 1748 791 1813 erat,
811 1743 943 1814 adempta
960 1741 1055 1811 uideri,
1075 1755 1129 1796 non
1148 1743 1230 1798 etiarn
1244 1757 1315 1812 quae
1327 1749 1391 1814 poet
1402 1747 1517 1799 mortem
1530 1745 1589 1799 eius

76 1838 119 1882 2
144 1829 309 1900 reliquam,
327 1831 352 1886 si
370 1832 429 1887 sine
446 1829 539 1887 luber-is
558 1831 714 1901 decederet,
733 1837 762 1887 et
779 1833 818 1887 ita
835 1831 1031 1902 pronuntiauit.
1062 1831 1203 1886 lulianus¹
1220 1831 1339 1888 Seuerus
1357 1831 1495 1888 decedens
1512 1832 1590 1888 inati-

145 1921 213 1975 totis
231 1920 398 1990 quibusdam
417 1919 564 1976 heredibus
582 1907 692 1976 alumno
710 1937 761 1976 suo
779 1921 978 1991 quinquaginta
995 1920 1137 1989 legauerat
1154 1935 1242 1990 eaque
1261 1941 1278 1975 o
1296 1921 1366 1976 lulio
1383 1921 1478 1976 Mauro
1492 1921 1589 1978 colono

145 2023 197 2064 suo
219 2024 256 2064 ex
274 2008 453 2079 pensionibus
472 2008 549 2066 fundi
567 2008 667 2064 debitis
686 2008 721 2064 ab
739 2025 772 2066 eo
791 2009 925 2082 praestari
944 2010 1068 2065 uoluerat
1085 2009 1230 2078 eidemque
1248 2010 1343 2064 Mauro
1361 2009 1496 2080 quaedam
1514 2009 1588 2080 lega·

146 2103 237 2154 nemi:
257 2114 322 2154 cour
339 2098 375 2154 de
393 2098 544 2154 hereditate
563 2097 646 2154 fisum
664 2099 854 2169 quaestionem
873 2097 1013 2169 mouisset,
1033 2099 1109 2154 iussu
1124 2099 1309 2169 procuratoris
1320 2099 1431 2154 llaurus
1443 2099 1588 2170 pecuniam
1607 2106 1637 2148 tt

146 2185 213 2242 hsco
238 2187 373 2242 soluerat:
397 2192 495 2258 postea
518 2187 597 2243 heres
622 2189 740 2258 scriptus
758 2188 915 2258 optinuerat
932 2186 1043 2244 fiscum
1066 2188 1176 2244 alumno
1195 2191 1287 2243 autem
1306 2193 1413 2243 mortuo
1430 2187 1511 2242 heres
1529 2187 1589 2243 eius

147 2273 388 2332 fideicommissum
407 2275 443 2332 ab
461 2275 562 2332 herede
579 2277 665 2332 Mauri
684 2276 804 2347 petebat
832 2277 936 2346 placuit
952 2277 1110 2346 imperatori
1129 2291 1184 2332 non
1201 2275 1290 2331 uideri
1308 2277 1368 2331 eius
1384 2274 1449 2331 fidei
1461 2277 1587 2332 commis-

148 2381 216 2436 sum,
236 2365 287 2420 sed
305 2364 531 2436 demonstratum,
551 2365 623 2421 unde
641 2367 766 2436 accipere
784 2370 893 2436 posset:
912 2369 941 2420 et
958 2365 1021 2420 ideo
1039 2364 1118 2420 heres
1136 2364 1233 2421 Seueri
1250 2364 1319 2420 haee
1337 2370 1476 2435 praestare
1494 2363 1586 2420 debet.

20 2439 112 2499 28
198 2455 278 2509 lours
295 2454 366 2510 libro
384 2454 515 2524 singulari
533 2454 569 2509 ad
587 2460 700 2510 senatus
718 2455 872 2510 consultum
886 2451 1093 2509 Tertullianum.
1121 2451 1151 2510 Si
1167 2452 1232 2509 fidei
1248 2469 1327 2510 meae
1339 2469 1412 2510 oom-
1445 2449 1587 2522 haesisse
1606 2457 1633 2510 P
1672 2509 1677 2520 ,

149 2544 280 2614 mustus,
297 2548 337 2613 ut,
356 2542 429 2614 quod
449 2541 514 2598 mihi
533 2543 657 2600 relictum
675 2542 759 2600 suerit
776 2559 861 2614 supra
879 2543 952 2613 quod
970 2558 1068 2613 capere
1080 2557 1202 2614 possum,
1221 2543 1266 2598 alii
1278 2543 1429 2614 restituam,
1448 2531 1587 2613 poss-eme
1607 2551 1635 2593 lt

149 2632 176 2687 id
263 2647 293 2688 re
311 2635 429 2688 consmt.

15 2698 106 2762 ²9
192 2647 304 2778 ἵζευ
321 2720 391 2777 libro
410 2720 530 2776 secundo
548 2720 730 2790 posteriorum
748 2735 765 2775 a
783 2720 936 2776 lauouuao
956 2721 1176 2790 epitomatorem.
1214 2719 1266 2785 Qui
1284 2718 1410 2776 concubi·
1430 2716 1587 2805 [aa]
1607 2723 1632 2778 A
1739 2723 1742 2730 '

150 2825 209 2866 narn
228 2809 362 2880 habehat,
385 2811 411 2864 ei
429 2813 534 2865 neswm
553 2809 652 2879 prioris
670 2807 840 2866 concubinae
859 2808 987 2864 utendam
1007 2808 1134 2880 dederat,
1153 2808 1253 2864 deinde
1270 2809 1311 2864 ita
1328 2809 1444 2878 legeuit:
1460 2811 1586 2880 uestem,

149 2898 225 2970 ‘quse
249 2899 311 2956 eins
333 2913 419 2954 causa
441 2901 534 2970 empta
557 2903 655 2969 parata
673 2897 763 2953 easet'.
797 2897 946 2954 Cascellius
964 2897 1111 2956 Trebatius
1129 2903 1233 2968 negant
1250 2898 1276 2953 ei
1293 2897 1388 2954 deberi
1405 2898 1504 2968 prioris
1522 2913 1586 2954 con·

150 2987 262 3044 eobinse
286 3003 373 3043 eausa
395 2993 505 3058 parata,
530 2987 595 3056 quia
620 2987 673 3041 alia
697 2987 822 3042 condicio
840 2992 915 3042 esset
932 2987 961 3042 in
979 3002 1072 3042 uxore.
1109 2986 1203 3043 Labeo
1220 2985 1249 3041 id
1266 3001 1321 3042 uon
1339 2985 1451 3057 probat,
1476 2987 1542 3057 quia
1558 2987 1587 3043 in
1606 2995 1635 3038 so

149 3076 283 3134 eiusmodi
304 3077 398 3148 legato
421 3090 476 3132 non
497 3076 541 3132 ius
564 3075 689 3130 uxorium
715 3076 898 3147 sequendum,
921 3075 972 3132 sed
995 3075 1141 3132 uerborum
1161 3076 1350 3146 interpretatio
1368 3079 1444 3132 esset
1460 3073 1587 3132 iacienda

149 3165 275 3236 idemque
299 3166 344 3221 uel
364 3165 393 3220 in
411 3163 467 3220 lilia
485 3165 529 3220 uel
547 3165 576 3219 in
594 3163 716 3234 qualibet
734 3166 789 3220 alia
805 3179 923 3236 persona
940 3165 1007 3221 iuria
1025 3171 1107 3220 esset
1141 3163 1278 3220 Labeonis
1295 3165 1433 3220 sententia
1449 3179 1517 3220 uera
1534 3169 1585 3221 eat

149 3253 214 3311 Oum
233 3256 274 3312 ita
291 3256 414 3325 legatum
433 3261 513 3324 esset
532 3259 564 3309 ut
575 3254 650 3309 Titia
667 3267 737 3309 uxor
754 3269 817 3310 mea
834 3254 994 3310 momodem
1012 3259 1118 3325 partem
1130 3253 1402 3323 habeatquantulam
1414 3269 1486 3309 unus
1497 3253 1586 3324 heros,

149 3344 243 3401 sinon
261 3344 391 3414 ssqudes
408 3347 502 3413 partes
519 3348 614 3399 essent
631 3343 772 3414 heredum,
790 3343 907 3409 Quintus
925 3344 1031 3400 lducius
1050 3347 1079 3398 et
1094 3342 1190 3398 Gallus
1207 3341 1343 3412 putabant
1360 3343 1507 3398 maximam
1525 3359 1586 3413 pan

149 3437 201 3488 tem
219 3435 340 3504 legatam
359 3447 429 3502 esse,
448 3432 513 3502 quia
529 3432 558 3487 in
577 3432 680 3488 maium
692 3433 780 3488 minor
791 3445 901 3503 quoque
912 3431 1024 3502 inesset,
1043 3430 1155 3487 Seruius
1168 3430 1262 3488 odilus
1280 3432 1429 3502 minimam,
1447 3432 1512 3501 quia
1523 3447 1586 3487 com
1606 3441 1634 3483 ss

149 3521 224 3578 heres
243 3521 311 3577 dare
328 3520 476 3576 damnatus
493 3525 575 3590 emet
594 3521 622 3575 in
641 3525 779 3591 potestate
797 3522 857 3577 eius
875 3526 958 3592 esset,
977 3535 1059 3592 quem
1077 3523 1183 3589 partem
1202 3520 1289 3576 daret.
1316 3519 1410 3576 Labeo
1424 3520 1476 3576 boc
1487 3520 1587 3590 probat

147 3611 227 3681 idque
246 3625 342 3666 uerum
361 3613 413 3664 est
432 3605 515 3665 ¹(ium
535 3609 575 3664 lta
591 3609 713 3679 legatum
732 3615 819 3666 esset:
839 3609 950 3680 'quanta
967 3607 1085 3680 pecunia
1102 3624 1137 3664 ex
1154 3609 1308 3664 hereditate
1326 3609 1391 3664 Titii
1409 3608 1445 3664 ad
1463 3623 1508 3664 me
1525 3623 1586 3680 per-

148 3699 243 3768 ¹uenit,
264 3705 371 3754 tanum
389 3699 533 3769 pecuniam
551 3699 631 3754 berea
648 3715 728 3755 meos
746 3697 827 3756 Seiae
845 3698 927 3768 dato’,
946 3699 975 3754 id
992 3699 1113 3767 legatum
1131 3702 1214 3768 putat
1228 3697 1331 3769 Labeo,
1350 3697 1424 3768 quod
1441 3703 1585 3768 acceptum

147 3789 173 3843 in
189 3788 294 3846 tabulis
312 3789 369 3843 suis
387 3801 423 3843 ex
440 3801 475 3843 es
492 3787 642 3844 hereditate
660 3791 777 3844 testatm
795 3789 959 3844 rettulisset:
978 3791 1100 3842 ceterum
1115 3793 1199 3856 negat
1210 3787 1363 3844 cauendum
1377 3786 1471 3842 heredi
1483 3787 1586 3856 alega-

146 3877 223 3946 tsrio,
242 3877 352 3946 siquid
370 3875 441 3934 forte
458 3883 558 3948 postea
576 3879 636 3932 eius
653 3875 814 3932 hereditatis
831 3877 941 3934 nomino
960 3876 1039 3931 heres
1057 3876 1204 3932 damnatus
1223 3881 1305 3932 esset.
1334 3891 1386 3946 ego
1402 3879 1585 3945 couuaputu,
1604 3887 1633 3928 so

146 3967 208 4036 quis
229 3981 286 4020 oon
305 3971 398 4036 potest
415 3966 502 4022 uideri
521 3967 681 4036 peruenisse
700 3965 736 4021 ad
753 3965 897 4036 heredem,
921 3966 995 4036 quod
1014 3966 1073 4021 eius
1090 3961 1251 4021 hereditatis
1269 3966 1378 4020 nomine
1395 3968 1586 4034 praestaturus

146 4061 232 4110 esset:
251 4055 325 4110 idem
339 4052 454 4111 Alienus
467 4055 557 4111 Uarus
570 4054 667 4111 Seruio
684 4055 822 4126 placuisse
841 4053 943 4125 scribit,
963 4054 1037 4124 quod
1055 4059 1084 4109 et
1100 4069 1197 4110 uerum
1215 4059 1267 4109 est.
1295 4052 1325 4109 Si
1343 4053 1422 4108 heres
1440 4053 1490 4108 tibi
1505 4067 1586 4110 seruo

144 4145 310 4214 genemiter
331 4145 425 4213 legato
443 4142 565 4200 Stichum
589 4143 735 4202 tradiderit
756 4144 836 4214 isque
860 4160 878 4200 a
899 4149 928 4198 te
951 4144 1059 4200 euictus
1081 4142 1191 4212 fuisset,
1214 4158 1297 4213 posse
1320 4148 1349 4198 te
1368 4158 1403 4197 ex
1420 4146 1586 4198 testamento

145 4247 227 4304 agere
239 4231 335 4288 Labeo
351 4231 454 4302 scribit,
473 4233 612 4302 quianon
630 4232 741 4288 uidetur
758 4232 838 4288 heres
856 4232 974 4303 dedisse,
993 4231 1067 4303 quod
1085 4233 1125 4288 ita
1143 4231 1264 4303 dederat,
1284 4237 1314 4288 ut
1331 4231 1432 4288 habere
1450 4246 1505 4286 non
1523 4245 1586 4302 pos-

143 4321 194 4376 sis:
218 4325 249 4376 et
273 4320 326 4376 hoe
349 4337 445 4377 uerum
471 4325 547 4392 puto.
580 4321 629 4378 sed
653 4321 705 4378 hoo
723 4321 841 4392 amplius
859 4322 898 4376 ait
914 4320 1015 4378 debere
1033 4327 1076 4391 te,
1100 4320 1408 4396 priusquamiudioium
1428 4319 1634 4392 occipiamque

142 4417 388 4488 uwvstiloli)

144 4543 332 4614 ¹imperatori
350 4551 397 4597 ina.
468 4543 582 4598 ¹lolius
601 4543 701 4611 (ceddi

142 4675 355 4730 hiubentianae
374 4675 411 4727 Ρ
459 4674 564 4732 6*h⁴oc
582 4673 620 4729 Γ*
666 4674 836 4730 thermi·
891 4677 925 4730 19
936 4674 1100 4731 *muur'o'us
1112 4674 1148 4728 pa
1199 4675 1233 4729 at
1251 4673 1443 4744 posteriorum]
1459 4687 1495 4728 ex
1512 4675 1584 4742 post

142 4761 193 4816 pua
211 4747 248 4801 Ρ*
298 4747 333 4800 lii
350 4746 554 4816 relinqueratl'
598 4747 633 4802 14
650 4746 693 4815 ea]
713 4761 774 4802 earu
813 4757 836 4780 ·‘
890 4746 971 4800 W
1014 4749 1049 4802 28
1063 4745 1342 4801 habebateiusestem
1358 4747 1404 4798 W
1449 4745 1483 4798 31
1502 4744 1584 4798 inter·

144 4819 176 4873 15
192 4817 380 4888 relinqnaerat
398 4815 516 4886 'qu'mihi
539 4819 583 4886 Fi
603 4817 793 4888 interpraetasi
816 4819 844 4871 F
889 4818 1026 4890 praetatio
1043 4819 1070 4871 F
1117 4818 1152 4872 33
1176 4817 1258 4885 esset]
1283 4815 1390 4872 esseF
1438 4815 1472 4869 36
1490 4813 1583 4883 p'c'as·

144 4889 176 4943 li
193 4889 415 4959 relinqueratli'l
430 4887 570 4944 dedederit
584 4889 611 4942 F
650 4889 791 4958 luesque
810 4889 835 4958 a]
890 4895 945 4944 tem
957 4887 992 4941 F*
1025 4888 1266 4958 38seiaell3seio
1281 4885 1471 4952 WDEQIOK
1499 4885 1584 4939 eele-

145 4958 254 5026 DQIK,
273 4973 380 5030 eaquae
400 4959 836 5030 1²¹,enquar2102soeisaea
889 4957 1076 5030 puteanus*
1112 4957 1439 5028 41praessa‘ta’turuaF⁴
1474 4956 1585 5025 ilper-

144 5031 195 5086 τῶιι
210 5030 439 5104 χρεωσιογιιέιιωιι
458 5050 500 5087 aur
519 5030 587 5103 oapi
599 5031 704 5104 Πὲτρογ
716 5033 744 5086 Β
756 5032 837 5104 (Tap.)
890 5030 989 5087 sia'a'et
1006 5032 1044 5084 F’
