4350 5438
275 289 322 336 nm
337 239 530 336 personum
545 287 821 336 srenrmosuroun
933 265 1035 346 933
1435 271 1461 338 L
1486 273 1526 338 15
1545 281 1563 335 5
1583 310 1613 320 —
1637 276 1678 340 16
1697 282 1714 336 3

275 442 330 482 non
349 425 443 482 habita
461 427 567 482 ratione
587 426 751 482 tributorum
770 443 804 482 ex
823 443 908 484 eausa
920 427 1124 486 fideicommissi
1141 431 1257 500 praedia
1274 431 1430 501 restituunt,
1449 431 1585 486 actionem
1605 446 1642 503 er
1657 432 1714 487 diui

241 525 256 571 t
275 517 316 571 Pii
329 515 461 571 Antonini
480 516 578 570 litteris
597 515 707 586 habent,
727 533 808 586 quam
827 518 919 587 legato
937 533 1046 588 quoque
1065 520 1154 575 soluto
1171 520 1261 575 ionum
1281 519 1381 575 habere
1401 520 1495 574 uoluit.
1526 521 1579 576 Pro
1597 522 1715 590 pecunia

275 603 385 674 tributi,
409 604 484 674 quod
502 604 616 659 suadis
639 621 694 660 non
717 604 928 675 estredditurn,
952 622 1006 676 quo
1030 608 1120 662 minus
1143 608 1285 677 praedium
1309 609 1368 663 iure
1390 609 1513 678 pignoris
1538 609 1713 680 distrahatur,

275 693 368 749 oblata
386 694 534 748 moratoria
557 694 649 748 nautio
673 709 727 748 non
752 693 917 749 admittitur:
941 709 993 750 neo
1016 696 1144 753 audietur
1164 697 1314 766 legatarius
1338 697 1588 753 contradicerent
1611 697 1715 753 tributa

274 783 416 854 praeteriti
439 783 585 853 temporis,
613 783 688 853 quod
712 781 791 838 heres
815 783 948 838 soluendo
972 785 1008 838 rit
1032 791 1061 840 et
1082 785 1120 856 ia,
1144 786 1191 856 qui
1210 781 1325 841 'tributis
1351 786 1515 856 recipiendis
1538 787 1745 858 praepositura

275 869 374 927 fuerat
571 921 575 930 ,

237 958 257 1016 6
330 959 444 1016 Oeneus
461 959 531 1016 libro
549 959 705 1015 uicensimo
718 961 831 1030 quinto¹
851 960 1029 1030 digestorum.
1066 962 1180 1019 Colonia
1197 961 1379 1032 Philippensis
1397 963 1464 1018 iuris
1481 962 1570 1018 ltaliai
1587 969 1639 1018 est.
1730 965 1758 1018 E

238 1047 257 1106 7
329 1048 423 1105 Gerus
450 1047 519 1104 libro
546 1053 625 1104 sexto
652 1049 688 1104 ad
714 1049 803 1120 legem
832 1049 928 1104 Iuliam
956 1053 985 1105 et
1011 1051 1133 1121 Papiam.
1178 1051 1250 1107 luris
1274 1052 1361 1107 ltalioi
1385 1057 1450 1106 sunt
1472 1052 1568 1124 'speie
1595 1051 1712 1124 Briprroc
1730 1053 1758 1106 E

276 1139 429 1210 Δγρρὶχιοκ.
1732 1157 1745 1196 9
1824 1151 1825 1154 ’

238 1225 257 1285 8
330 1228 449 1282 Pronus
466 1225 535 1282 libro
554 1225 676 1282 seeundo
695 1226 729 1282 de
748 1225 885 1284 oeusibus.
922 1227 953 1282 ln
972 1227 1115 1284 Lusitania
1132 1229 1269 1284 Paeeuses
1288 1233 1316 1285 et
1334 1229 1520 1285 Emeritenses
1542 1231 1608 1286 iuris
1626 1231 1713 1286 Italici
1732 1231 1759 1284 ll

277 1321 350 1372 sunt.
378 1315 450 1370 idem
473 1315 534 1370 ins²
558 1315 695 1370 Ualentini
720 1321 748 1370 et
772 1315 905 1370 Lioitani⁸
929 1313 1046 1371 babent:
1074 1318 1292 1374 Barcinonenses
1315 1333 1425 1388 quoque
1452 1319 1554 1374 ibidem
1577 1320 1714 1374 immunes

211 1411 350 1461 insunt.
381 1404 580 1473 Lugdunenses
599 1403 685 1471 Galli,
707 1404 772 1458 item
794 1403 963 1460 Uiennenses
980 1405 1008 1459 in
1027 1405 1198 1461 Narbonensi
1221 1407 1287 1462 iuris
1306 1407 1394 1463 ltalioi
1413 1413 1484 1464 sunt.
1516 1409 1548 1462 In
1566 1407 1715 1462 Germanis

243 1502 258 1546 t
277 1492 403 1549 inferiore
422 1492 640 1564 Agrippinenses
659 1493 725 1547 ioris
744 1493 831 1547 ltalioi
850 1499 922 1547 sunt.
959 1493 1090 1548 Laodicia
1108 1495 1136 1549 in
1155 1493 1235 1566 Syria
1259 1501 1288 1551 et
1306 1485 1424 1569 Berytos
1447 1498 1475 1552 in
1493 1496 1629 1552 Phoeniee
1647 1495 1714 1550 iuris

243 1583 365 1638 tltnliei
384 1589 449 1637 sunt
466 1587 495 1636 et
513 1582 602 1636 solum
621 1595 724 1636 earum.
762 1580 891 1636 Eiusdem
910 1581 976 1636 iuris
1000 1587 1029 1637 et
1046 1583 1192 1654 Tyriorum
1212 1585 1311 1640 ciuitas
1333 1585 1441 1641 adiuis
1460 1585 1563 1642 Seuero
1581 1589 1610 1639 et
1627 1585 1714 1639 Anto-

212 1673 341 1728 ttnino
367 1670 441 1727 saeta
463 1675 514 1725 est.
557 1670 645 1725 Diuus
668 1671 824 1725 Antoninus
847 1669 1049 1726 Antiochenses
1073 1672 1184 1728 eolonos
1208 1671 1273 1728 feeit
1296 1675 1385 1729 saluis,
1403 1673 1522 1729 tributis.
1564 1674 1715 1742 Imperator
1734 1686 1762 1726 ra

244 1768 258 1814 t
277 1768 371 1817 noster
389 1760 544 1815 Antoninus
563 1760 703 1814 ciuitatem
721 1759 912 1814 Emisenorum
931 1760 1064 1815 coloniam
1084 1763 1113 1816 et
1130 1762 1197 1816 iuris
1215 1763 1303 1817 ltaliei
1321 1761 1394 1817 feeit.
1426 1762 1514 1817 Diuus
1527 1761 1715 1832 Uespasianus

278 1850 471 1906 Uuesanenses
490 1849 601 1904 colonos
619 1846 686 1904 feeit
705 1863 758 1903 non
778 1847 895 1918 adieoto,
915 1853 946 1902 nt
964 1853 992 1902 et
1009 1849 1075 1904 iuris
1094 1849 1182 1904 ltaliei
1200 1857 1307 1917 essent,
1332 1851 1381 1906 sed
1400 1851 1531 1906 tributum
1551 1850 1593 1905 his
1611 1850 1716 1905 remisit

278 1939 390 2008 eapitis:
414 1937 463 1992 sed
482 1937 563 1992 diuus
582 1937 663 1992 Titus
682 1939 765 1992 etiam
784 1937 872 1992 solum
897 1938 1018 1992 immune
1036 1935 1138 1993 laetum
1158 1939 1354 2009 interpretatus
1371 1945 1424 1995 est.
1453 1940 1555 1994 similes
1573 1939 1617 1993 bis
1635 1938 1714 2008 Capi-

244 2033 258 2080 t
277 2029 416 2084 tulenses⁴
435 2041 497 2081 esse
515 2026 652 2080 uidentur.
685 2026 716 2080 ln
734 2026 877 2096 prouincia
894 2025 1055 2081 Macedonia
1073 2027 1252 2098 Dyrraeheni,
1271 2027 1498 2098 Cassandrenses,
1516 2027 1714 2096 Philippenses,

244 2125 259 2170 a
277 2117 409 2185 Dienses,
428 2114 578 2171 Stobenses
596 2115 662 2170 iuris
680 2114 768 2169 Italiei
787 2119 859 2170 sunt.
896 2115 927 2170 ln
946 2115 1088 2185 prouincia
1105 2115 1174 2170 Asia
1192 2115 1264 2172 duae
1283 2122 1349 2172 sunt
1370 2117 1437 2172 iuris
1455 2117 1556 2186 Italici,
1580 2117 1668 2170 Troas
1686 2119 1715 2170 et
1734 2133 1761 2172 ro

185 2213 211 2262 lo
228 2215 257 2260 11
277 2206 396 2260 Parium.
432 2205 465 2260 ln
482 2204 586 2259 Pisidia
603 2203 727 2258 eiusdem
746 2204 813 2259 iuris
831 2207 875 2258 est
892 2204 999 2260 eolonia
1017 2203 1253 2260 Antiochensium.
1290 2205 1321 2260 In
1340 2202 1435 2260 Africa
1453 2203 1605 2274 Carthago,
1626 2203 1714 2274 Utioa,

276 2295 372 2364 Leptis
391 2309 493 2364 magna
510 2292 616 2350 adluis
635 2291 739 2348 Seuero
757 2297 786 2348 et
803 2291 943 2348 Antonino
962 2293 1028 2348 iuris
1047 2292 1135 2348 ltalioi
1152 2290 1243 2348 saetae
1261 2297 1334 2348 suut.

543 2581 580 2659 tt
620 2580 684 2658 DE
711 2446 1375 2660 uunssouuffiduiulentlouu
1415 2581 1453 2658 lt
1732 2595 1834 2652 usPA

241 2739 257 2796 1
330 2739 482 2795 Uarianos
499 2737 568 2794 libro
585 2739 674 2810 primo
693 2737 729 2794 sd
747 2737 877 2794 edietum.
914 2737 1034 2794 Uerhum
1054 2737 1106 2794 hoe
1125 2737 1155 2793 'si
1174 2735 1243 2808 111111Ι
1261 2742 1317 2794 tam
1338 2737 1474 2793 masenius
1492 2751 1575 2806 quam
1593 2729 1713 2818 [OE
1731 2739 1759 2793 Ε

276 2826 393 2884 seminas
410 2828 608 2898 complectitur.
1732 2835 1762 2875 ae

239 2913 259 2972 2
330 2917 449 2972 Psunus
467 2915 536 2972 libro
555 2917 643 2986 primo
662 2915 697 2971 ad
715 2915 845 2972 edietum.
877 2914 974 2971 ‘Urbis'
988 2915 1135 2986 appellatio
1153 2916 1247 2984 muris,
1266 2913 1385 2971 'Romae'
1398 2919 1491 2970 autem
1510 2929 1573 2969 eon·
1592 2899 1714 2988 [Q
1732 2908 1759 2962 Ε

245 3015 257 3058 1
277 3005 428 3062 timentibus
446 3005 579 3061 aedificiis
597 3004 701 3075 finitur,
721 3004 795 3074 quod
813 3005 896 3060 latius
913 3008 999 3074 patet.
1031 3004 1178 3074 'Ouiusque
1200 3005 1254 3060 diei
1277 3005 1363 3060 maior
1380 3003 1452 3074 pars'
1485 2997 1714 3074 ffiaaeffi

278 3100 321 3150 est
339 3094 466 3149 horarum
485 3100 590 3164 septem
610 3095 758 3164 primarum
777 3093 842 3163 diei,
860 3108 914 3148 non
933 3108 1131 3163 supremarum.
1628 3077 1714 3086 ''-

240 3181 260 3240 3
332 3183 482 3239 Uarianos
496 3183 565 3238 libro
581 3182 704 3238 seeundo
718 3182 754 3237 ad
768 3181 897 3238 edietum.
927 3181 1036 3237 ‘Itinere
1050 3181 1060 3252 ll
1074 3180 1200 3237 iaciendo
1218 3181 1334 3251 uigintil
1352 3181 1426 3236 milia
1443 3195 1574 3250 passuum
1594 3173 1714 3262 [Q
1732 3185 1759 3240 Ε
1782 3185 1857 3234 tito

278 3273 314 3327 'iu
332 3273 392 3328 dies
410 3273 533 3342 singulos
552 3269 717 3342 peragenda'
736 3272 776 3326 sie
799 3275 864 3327 sunt
882 3269 1054 3341 accipienda,
1078 3276 1122 3340 ut,
1148 3271 1170 3326 si
1189 3275 1253 3342 post
1271 3270 1342 3326 hane
1360 3270 1604 3326 dinumerationem
1625 3269 1714 3324 minus
1733 3279 1759 3318 ar

278 3377 361 3432 quam
385 3361 483 3431 uiginti
507 3361 582 3416 milia
604 3360 756 3432 supersint,
780 3361 917 3430 integrum
941 3359 1014 3414 diem
1038 3367 1183 3430 noeupent.
1214 3360 1300 3414 ueluti
1324 3359 1422 3428 uiginti
1446 3375 1531 3413 unum
1555 3358 1628 3412 milia
1650 3361 1715 3412 sunt

278 3452 407 3520 passus‘:
432 3449 546 3505 biduum
571 3439 611 3504 eis
636 3447 816 3504 adtribuetur.
845 3462 916 3518 quae
941 3447 1123 3504 dinumeratio
1140 3449 1181 3503 ita
1199 3448 1309 3503 demum
1331 3445 1458 3503 iacienda
1480 3447 1545 3516 erit,
1569 3447 1592 3501 si
1614 3445 1649 3501 de
1670 3445 1715 3500 die

246 3550 259 3594 1
278 3555 334 3595 non
357 3539 512 3594 conueniat.
549 3538 628 3608 llius,
653 3538 699 3608 qui
723 3535 797 3607 apud
820 3536 915 3593 hostes
932 3535 1064 3606 decessit,
1087 3537 1142 3592 diei
1165 3536 1304 3592 hereditas
1326 3553 1381 3592 non
1404 3539 1508 3607 potest,
1532 3536 1597 3605 quin
1618 3549 1715 3590 seruus

278 3628 407 3684 deesssit.
1473 3647 1475 3654 ·
1732 3631 1763 3674 aa

278 3731 472 3802 amoc)

280 3895 405 3964 ¹quinto
425 3896 471 3948 del.
490 3895 566 3958 (11.1.)
646 3892 705 3945 ’in
723 3890 924 3946 Tarraconensi
943 3899 989 3946 ins.
1074 3891 1219 3946 ’Ilioitani
1238 3890 1403 3958 (Ueientani
1486 3887 1716 3958 ‘capitolienses

280 3969 323 4040 (ff
334 3987 361 4037 p.
369 3967 429 4030 931,
442 3965 478 4018 32
490 3972 513 4018 et
525 3965 684 4018 Ptolemaeus
694 3981 783 4036 propr.
795 3965 820 4026 5,
835 3963 876 4027 16,
888 3963 907 4016 8
918 3962 989 4018 hillis
1002 3963 1196 4030 Kunrrmllscl‘?
1255 3963 1265 3998 ⁵
1279 3961 1396 4017 uirens?
1448 3962 1604 4030 ⁶passuum
1616 3957 1717 4026 (edepl

594 4073 705 4081 ..-—-.-

281 4127 296 4180 1
315 4141 370 4179 non
387 4123 483 4178 habita
501 4122 607 4178 ratione
625 4121 799 4190 tributorum]
819 4121 853 4175 uri
870 4121 971 4192 ὲηερω-
1025 4105 1059 4159 21
1079 4101 1268 4159 81111οθ11918ῑὸ
1285 4106 1332 4156 F'‘
1353 4107 1358 4169 l
1378 4103 1470 4156 11110θὸ
1489 4101 1513 4154 F
1562 4102 1597 4156 22
1615 4099 1716 4154 diuise·

280 4195 362 4250 rricsc
384 4197 440 4266 περὶ
462 4196 517 4248 τῶκ
537 4194 671 4248 hunoclmu
695 4195 819 4264 Blapud
838 4193 972 4247 Gelasium
1025 4175 1138 4230 1191ομ
1187 4174 1716 4264 ,241111111110511ῙθᾸΉθΒΜΨῘΜ

280 4268 347 4321 0533,
358 4267 399 4330 19,
408 4269 436 4332 5)
481 4263 750 4334 pquam·n0·1egat0
763 4265 801 4318 1³²
844 4262 972 4318 gdjgm.
1025 4248 1172 4319 lepsbnntur
1185 4267 1210 4299 ur
1223 4245 1457 4300 uetuslroreschola
1472 4245 1641 4298 Bonomensr:
1654 4260 1715 4312 per·

280 4337 361 4392 hem„
378 4338 415 4390 ps
454 4329 676 4392 'mommsen
695 4336 731 4387 pu
788 4335 972 4390 puifflnflimo
1025 4323 1117 4389 scripti
1142 4324 1201 4372 sunl
1227 4325 1252 4369 in
1281 4315 1488 4388 quaternionibus
1516 4317 1577 4368 olim
1601 4331 1715 4366 seorsum

280 4410 377 4480 quinto
392 4409 434 4474 Ρ,
452 4409 547 4477 quinto
566 4407 673 4462 decimo
686 4408 736 4461 F’:
754 4426 841 4461 ueram
861 4425 914 4460 esse
932 4405 972 4460 ui-
1026 4389 1122 4442 1411113
1140 4396 1167 4441 1η
1179 4387 1455 4458 Χ(1451Ρο3150115
1474 4387 1545 4440 “dm
1562 4385 1717 4471 ”UQ

280 4481 402 4536 neusimo
421 4481 568 4534 obserasset
587 4480 709 4534 Cornetus
728 4479 782 4532 roll.
795 4477 831 4531 D.
845 4478 887 4540 36,
903 4479 926 4540 1,
938 4476 974 4531 33
1026 4478 1142 4532 timorit:
1165 4475 1243 4532 finito
1265 4474 1333 4530 libro
1357 4473 1488 4530 reddatur
1505 4475 1592 4542 gloria
1609 4475 1716 4529 XPlsto

282 4552 463 4622 101ysitania
481 4551 506 4604 F
522 4553 527 4616 Ι
546 4548 764 4620 paoeus'a'es'ed'
776 4555 805 4604 et
822 4553 973 4603 emereteu·
1026 4555 1150 4618 astatque
1164 4556 1265 4620 papias
1286 4549 1412 4617 reliqua).-
1434 4553 1588 4616 sepurunlur
1605 4565 1622 4600 a
1638 4565 1716 4616 prue-

280 4639 326 4678 ses
346 4625 381 4675 F'
440 4624 473 4677 11
493 4621 711 4676 barcenonenses
731 4620 767 4672 F¹
826 4619 972 4688 12113111-
1027 4619 1170 4673 cedentibus
1194 4627 1292 4690 intepra
1309 4637 1391 4688 paene
1407 4625 1505 4689 popina
1523 4635 1606 4670 uacua
1627 4619 1717 4672 relicta
1819 4618 1823 4624 '

280 4709 380 4750 nenses
400 4694 443 4758 F¹‚
468 4693 653 4765 lygdonenses
678 4694 713 4746 F’
733 4695 738 4758 Ι
758 4690 903 4746 bioneuses
924 4691 948 4743 F
967 4691 971 4756 Ι
1027 4689 1100 4752 inY,
1120 4696 1177 4742 item
1196 4695 1332 4744 interstitio
1347 4697 1445 4742 maiore
1464 4697 1489 4740 in
1502 4687 1548 4740 M:
1566 4695 1716 4741 continuan-

280 4765 481 4821 nnruouensiF
533 4767 566 4819 13
579 4763 767 4833 agripinenses
782 4765 820 4829 Fi
836 4761 979 4816 ioenieeF
1028 4769 1113 4814 turin
1133 4760 1183 4815 00
1235 4761 1269 4814 29
1288 4759 1403 4829 septem]
1421 4757 1567 4814 ‘anri‘l’on
1581 4760 1717 4812 secundnm

283 4839 315 4892 rt
335 4837 401 4891 iuris
421 4835 512 4890 'italici
530 4835 601 4890 sunt'
620 4843 648 4889 et
665 4835 798 4905 tyriorum
820 4835 843 4886 F
844 4833 854 4866 ⁴
871 4836 876 4900 Ι
897 4839 973 4888 nuto·
1028 4832 1100 4886 codd.
1119 4833 1242 4896 meliores,
1260 4829 1287 4884 ”ai
1303 4832 1327 4886 B
1344 4831 1448 4885 el'l'orr.
1462 4831 1534 4885 codd.
1554 4831 1691 4883 deteriores
1712 4828 1718 4896 Ι

279 4907 421 4964 11111111Ἰ
496 4909 528 4961 ll
557 4907 660 4961 colonis
686 4907 720 4958 F'
745 4909 749 4970 Ι
775 4903 910 4960 remis's'it
937 4905 974 4956 F²
1027 4901 1082 4956 diei
1105 4915 1159 4957 nou
1185 4902 1223 4956 his
1243 4903 1277 4954 F¹
1335 4903 1371 4956 33
1394 4901 1507 4956 uiduam
1533 4901 1576 4966 Fi
1599 4900 1656 4953 e*i⁴s
1683 4897 1717 4950 F‘

281 4981 316 5034 18
334 4975 702 5046 interpr'a’etatusF21hisl
723 4975 762 5030 eis
777 4977 811 5028 F¹
868 4976 901 5029 19
914 4989 973 5028 aas·
1026 4973 1219 5042 3411111111
1238 4973 1271 5028 F:
1295 4971 1336 5026 nri
1358 4972 1391 5027 rb
1413 4971 1562 5036 ranseries·
1587 4969 1667 5032 siritu
1686 4967 1715 5024 tu

280 5050 461 5106 *saadrenses
480 5051 516 5102 F³
572 5050 607 5104 20
626 5053 770 5104 stonenses
789 5047 829 5114 Fi
845 5045 918 5100 iures
938 5045 972 5098 Ρ
1026 5046 1131 5115 borneis
1150 5045 1176 5099 B
1189 5043 1298 5114 (Aaou.)
