3638 5460
263 234 398 304 XXXVI
421 237 438 300 1
461 241 496 298 28
932 231 1018 312 238
1243 255 1289 304 so
1313 254 1464 304 suranus
1486 254 1691 304 ooasunnurr

231 401 245 446 a
263 393 292 450 id
309 392 417 450 restitui
434 391 558 462 debebit,
582 393 654 448 siout
675 390 781 448 haeum
802 395 867 448 ante
891 391 995 448 ssiam
1017 392 1198 450 hereditatem
1220 394 1249 449 in
1265 394 1467 452 restitutionem
1485 393 1608 452 uenient
1643 393 1692 461 Qui

263 487 419 552 suspectam
437 479 490 538 arbi
507 480 686 538 hereditatem
704 480 781 552 dioit,
798 481 901 538 nullum
920 481 1093 538 eommodum
1112 499 1146 539 ex
1164 486 1329 540 testamento
1347 489 1538 554 consequetur,
1556 482 1631 554 quod
1648 481 1691 538 ha·

263 571 370 628 bitume
387 586 442 628 uon
459 575 548 641 esest,
570 571 595 626 si
611 570 692 628 heres
709 570 851 626 institutus
868 585 924 627 non
941 569 1038 628 suisset
1062 577 1110 627 aut
1128 587 1183 630 non
1200 573 1312 630 adisset.
1341 577 1369 628 et
1387 571 1449 628 ideo
1466 572 1491 628 si
1508 571 1615 644 pupillo
1633 570 1692 632 aub-

263 661 374 718 stitutus
392 659 474 718 fuedt
490 661 612 730 itaqne1:
632 658 762 730 ‘quisquis
787 659 853 716 mihi
872 659 951 716 heres
968 661 1034 730 erit,
1058 660 1130 718 idem
1148 660 1205 718 filio
1223 677 1285 720 meo
1310 660 1390 718 heres
1408 659 1481 732 ssto',
1505 661 1720 730 hereditatem,t

263 766 334 821 quae
351 766 386 806 ex
404 749 598 807 substitutione
618 749 629 821 Ι(
647 749 684 804 ad
701 764 764 806 eum
781 750 946 820 peruenerit,
965 751 1109 806 restituere
1126 751 1267 822 eugendus
1284 753 1344 808 erit.
1372 753 1396 808 si
1413 767 1479 808 uero
1500 751 1626 808 detraoto
1644 749 1694 808 hoo
1708 753 1765 802 till

263 840 376 895 artieulo
395 839 525 910 ‘quhquis
543 837 608 894 mihi
625 836 705 894 heres
723 836 781 894 erit’
799 836 965 894 substitutus
988 839 1028 894 ita
1045 838 1139 896 fuerit:
1159 839 1256 896 ‘Titius
1274 838 1329 896 tilio
1347 857 1408 898 meo
1427 841 1507 896 hersa
1525 839 1604 910 esto',
1628 845 1693 908 tum,

263 929 286 984 si
304 927 378 986 solus
396 929 468 998 patri
485 928 564 984 heres
582 928 715 998 extiterit,
740 926 823 984 nihilo
842 928 932 984 minus
949 927 1091 997 eogendua
1109 929 1161 985 erit
1178 928 1356 988 hereditatem
1375 929 1470 1002 pupilli
1488 930 1647 998 restituere,
1671 928 1694 984 ai

262 1033 329 1074 uero
351 1016 511 1074 ooheredem
535 1015 672 1086 habuerit,
699 1015 828 1074 retinebit
855 1017 950 1088 pupilli
977 1016 1170 1089 hereditatem,
1198 1019 1264 1088 quia
1288 1020 1378 1090 potuit
1403 1018 1539 1075 ooherede
1566 1018 1693 1088 adeunte

229 1118 244 1161 a
263 1108 388 1178 quamuis
406 1107 466 1177 ipse
483 1107 569 1178 patria
587 1106 726 1162 omisisset
743 1105 934 1176 hereditatem,
959 1119 995 1162 ex
1012 1107 1206 1164 substitutione
1225 1107 1308 1166 adire.
1345 1108 1376 1166 si
1392 1111 1473 1180 poter
1490 1106 1600 1178 filium„
1614 1121 1694 1178 quero

262 1197 291 1252 in
307 1201 445 1268 potestate
462 1195 589 1266 habebat,
607 1194 736 1252 heredem
755 1195 895 1266 seripserit
911 1199 941 1251 et
958 1195 994 1252 ab
1012 1211 1047 1252 eo
1063 1189 1181 1268 petierit,
1200 1203 1232 1253 ut
1247 1197 1426 1256 hereditatem
1438 1197 1601 1267 Sempronio
1618 1196 1694 1254 resti·
1711 1205 1732 1244 1⁰

263 1283 367 1356 tueret,
390 1286 468 1356 isque
486 1289 642 1354 suspeotam
662 1283 715 1342 sibi
732 1299 794 1342 esse
812 1283 898 1354 diost,
923 1286 1023 1355 poterit
1040 1301 1076 1342 ex
1093 1285 1265 1344 Trebelliano
1283 1292 1396 1344 senatus
1414 1286 1539 1344 consulto
1556 1285 1695 1342 hereditas
1783 1359 1784 1364 η

262 1375 377 1432 readuri.
403 1373 505 1444 quare¹
523 1380 552 1429 et
573 1375 597 1430 ai
619 1390 674 1430 non
697 1373 867 1430 iumhouerit
887 1389 919 1430 se
937 1373 1096 1444 hereditati,
1119 1375 1203 1433 nihilo
1221 1379 1311 1434 miuus
1328 1377 1464 1445 monos,
1488 1389 1560 1445 quae
1577 1375 1604 1432 ei
1621 1379 1651 1432 et
1666 1375 1695 1430 iu
1745 1415 1747 1424 .

229 1471 325 1520 team
349 1461 553 1534 oompetebant,
576 1463 612 1518 ad
629 1461 820 1534 Sempronium
842 1461 1049 1520 manderentur.
1085 1465 1111 1520 A
1135 1471 1215 1534 patre
1235 1465 1315 1522 heres
1330 1467 1450 1536 seriptus
1467 1459 1694 1550 Q

262 1558 292 1610 et
308 1551 473 1609 exheredato
490 1550 546 1608 lilio
563 1551 729 1608 substitutus
745 1552 771 1608 si
787 1556 902 1622 rogatus
919 1551 1003 1610 luerit
1020 1553 1208 1626 hereditatem,
1226 1571 1298 1626 quae
1315 1555 1352 1612 ad
1369 1571 1432 1612 oum
1451 1569 1486 1612 ex
1498 1553 1694 1610 substitutione

262 1642 426 1714 peruenerit,
444 1641 519 1696 Titio
536 1641 688 1711 restituere,
707 1641 848 1712 cogendus
865 1657 921 1698 non
937 1647 981 1698 ost
992 1643 1056 1700 uino
1068 1643 1172 1714 pupillo
1183 1645 1270 1713 patris
1280 1644 1460 1722 hereditatem
1473 1643 1562 1714 adire,
1575 1643 1693 1714 primum
1710 1648 1732 1690 ¹⁸

263 1733 328 1804 quia
344 1731 396 1788 sub
414 1729 572 1788 ooudioione
590 1729 829 1786 fideioommissum
848 1730 943 1786 datum
961 1737 1016 1800 est,
1040 1731 1140 1788 deiude
1163 1733 1229 1803 quia
1250 1745 1305 1789 non
1327 1732 1413 1804 probe
1430 1732 1466 1788 de
1483 1731 1638 1790 hereditate
1655 1732 1693 1788 ui·

231 1822 352 1878 tuentia
368 1821 447 1892 pueri
463 1825 542 1890 aget:
566 1824 674 1876 mortuo
697 1823 788 1874 autem
812 1820 915 1890 pupillo
938 1821 1064 1890 oompelli
1087 1820 1169 1878 debet
1191 1821 1370 1878 hereditatem
1388 1822 1475 1893 patris
1492 1821 1578 1880 adire.
1615 1820 1693 1888 Quod

141 1915 142 1921 ’
263 1912 287 1968 ai
304 1911 360 1968 duo
383 1908 497 1966 heredes
515 1924 534 1966 a
549 1913 628 1979 patre
650 1907 768 1964 instituti
791 1906 892 1964 fuerint
914 1915 943 1964 et
964 1911 1106 1981 utriusque
1128 1909 1192 1966 fidoi
1210 1911 1384 1968 commiasum
1403 1911 1448 1980 sit,
1480 1907 1555 1982 illul.
1565 1921 1693 1980 nithe

262 2005 295 2057 nt
311 1997 470 2056 exheredati
487 1997 536 2054 lilii
552 1996 729 2054 hereditatem
746 1998 930 2069 restituerent,
949 2001 1017 2056 satis
1034 2001 1085 2056 erit
1102 2001 1146 2056 uel
1164 2015 1251 2056 unum
1266 2000 1329 2070 eogi
1345 1999 1434 2056 adire:
1457 1999 1511 2056 hoo
1528 1999 1602 2056 enim
1620 1997 1694 2056 faoto

263 2090 346 2145 etiam
363 2089 397 2159 ia,
415 2088 462 2158 qui
479 2087 565 2158 patris
576 2085 756 2142 hereditatem
775 2101 829 2143 non
848 2087 914 2158 adit,
932 2086 980 2144 filil
991 2088 1170 2146 hereditatem
1182 2088 1259 2162 adire
1271 2093 1300 2144 et
1310 2089 1454 2146 resdhmre
1466 2093 1589 2160 tegetur.
1609 2084 1694 2173 [(ῦιῇ
1711 2092 1740 2135 ¹⁰

230 2185 244 2231 o
263 2179 394 2246 Quotiens
410 2176 483 2234 lilius
501 2175 689 2246 emanoipatus
707 2174 840 2232 bonorum
863 2178 1065 2247 pomereionem
1089 2183 1184 2236 eontra
1205 2177 1314 2234 ubilos
1338 2178 1450 2248 aooipit,
1473 2178 1547 2234 nulla
1563 2165 1695 2238 muo‘ert

117 2261 122 2268 '
263 2267 442 2339 oompellendi
465 2264 574 2322 heredis
597 2265 633 2322 ad
654 2265 852 2322 restitmndam
874 2266 1054 2324 hereditatem
1078 2272 1107 2324 et
1132 2267 1205 2324 siout
1224 2281 1314 2338 neque
1333 2268 1426 2338 legata
1446 2281 1536 2336 nequo
1555 2265 1694 2328 fideioom·
1716 2329 1721 2334 ,

262 2359 347 2414 missa
364 2361 457 2414 oetera
472 2360 612 2425 praestare
629 2355 750 2426 oop'tur,
774 2355 814 2412 ita
831 2371 866 2412 ne
884 2356 920 2412 ad
937 2357 1136 2414 mediationem
1153 2355 1265 2426 orridem
1282 2355 1443 2416 hereditatis
1459 2358 1585 2428 compelli
1601 2357 1693 2416 debet

262 2447 454 2504 Xaaoanaus:
476 2444 557 2515 plane
574 2457 629 2500 nou
647 2449 690 2500 est
706 2445 911 2515 oompellendus
929 2445 1020 2516 adire,
1042 2446 1066 2502 si
1089 2447 1143 2502 iam
1166 2444 1238 2504 lilius
1255 2445 1389 2504 honorum
1407 2447 1636 2518 possessionem¹,
1660 2461 1694 2504 ne

261 2535 408 2593 interdum
423 2533 664 2590 lideioommisrum
688 2537 795 2590 mortuo
817 2533 918 2592 herede
940 2535 1066 2592 imtitoto
1083 2539 1113 2591 et
1129 2535 1231 2592 omissa
1248 2551 1266 2592 a
1284 2533 1339 2592 lilio
1358 2533 1491 2596 bonorum
1508 2537 1693 2606 possessione.
1718 2531 1779 2580 ²⁵

229 2632 243 2678 t
262 2625 314 2692 Qui
331 2640 366 2682 ex
383 2622 555 2680 Trebelliano
573 2627 686 2678 seramus
703 2623 828 2680 oonsnlto
846 2621 1025 2680 hereditatem
1043 2624 1175 2692 nstituit,
1194 2624 1254 2680 siue
1271 2627 1383 2693 potata
1401 2623 1570 2682 debitoribus
1588 2624 1694 2682 heredi·

261 2714 338 2770 tariis
356 2713 416 2770 siue
434 2711 470 2768 ab
487 2725 522 2768 eo
539 2715 662 2782 petatur,
683 2711 845 2782 exeeptione
863 2714 1006 2770 restitutae
1025 2712 1184 2770 hereditatis
1203 2713 1328 2770 adsumi
1345 2714 1390 2770 uel
1407 2715 1573 2788 summoueri
1591 2719 1692 2785 potest

262 2803 384 2860 wdones
401 2806 493 2858 autem
510 2798 762 2858 fideioommisaario
780 2806 951 2873 oompetunt,
975 2817 1044 2874 quas
1062 2801 1158 2859 habuit
1175 2801 1253 2858 heres
1271 2817 1305 2858 eo
1322 2807 1460 2872 tempore,
1481 2817 1536 2873 quo
1554 2801 1692 2860 tideieom·

262 2894 376 2950 miserm
393 2889 563 2948 restituebat.
599 2890 793 2946 nisummus:
818 2891 867 2946 red
885 2905 933 2948 eas
951 2905 1060 2962 quoque
1078 2892 1213 2962 artiones,
1231 2906 1302 2962 quae
1320 2891 1373 2948 suh
1390 2891 1551 2950 eondioiono
1568 2898 1648 2950 mant
1665 2897 1694 2950 et

262 2997 377 3054 quarum
394 2980 454 3038 dies
472 2994 506 3036 eo
523 2985 647 3050 tempore
667 2993 723 3036 non
741 2984 873 3050 oesserot,
895 2979 1146 3038 fideioommissario
1170 2985 1325 3052 oompeters
1346 2981 1446 3052 plaoet
1472 2980 1522 3040 sed
1544 2987 1693 3053 antequam
1733 2971 1800 3016 ⁵

261 3073 450 3129 restitueretur
466 3068 617 3138 hereditas,
639 3067 800 3140 exceptione
823 3069 915 3140 adque
937 3068 1016 3126 heres
1039 3069 1212 3126 adiuuandus
1235 3085 1290 3126 non
1313 3075 1368 3126 est:
1381 3086 1455 3128 ,eum
1479 3069 1532 3128 hoo
1549 3071 1640 3128 minus
1658 3086 1693 3132 ea

229 3169 347 3218 eoauea
369 3159 573 3217 fideioommisai
591 3166 627 3214 rit
648 3159 833 3216 restituturus.
869 3157 1071 3216 Trebellianum
1095 3165 1207 3216 mustus
1226 3159 1380 3216 oonsultum
1398 3160 1488 3216 looum
1506 3158 1603 3230 habet,
1626 3176 1692 3231 quo·

229 3250 333 3308 atiena
354 3251 416 3321 quis
437 3265 516 3306 suam
539 3247 717 3305 hereditatem
739 3249 785 3304 uel
806 3253 893 3304 totam
916 3249 962 3304 uel
984 3263 1034 3319 pro
1057 3252 1137 3319 parte
1162 3247 1226 3306 fidei
1244 3248 1352 3306 heredis
1370 3249 1524 3306 eommittit.
1561 3247 1693 3316 Quarosi

261 3340 385 3396 llaenius
407 3343 437 3395 te
454 3337 748 3395 heredominstituorit
764 3343 794 3394 et
809 3338 960 3409 rogauerit,
983 3341 1015 3394 ut
1037 3337 1214 3394 hereditatem
1233 3338 1296 3394 Titii
1318 3346 1446 3404 mitum,
1464 3332 1692 3422 Q

262 3449 280 3484 a
297 3447 346 3502 quo
364 3446 430 3484 outa
448 3428 520 3483 loro
538 3433 678 3491 institutos,
702 3434 726 3481 et
743 3435 771 3482 ts
788 3428 953 3483 hereditatam
970 3427 1070 3482 Maeuii
1094 3425 1207 3498 adieris,
1230 3426 1343 3498 paritulo
1366 3432 1429 3482 ate
1450 3425 1693 3490 fideicommissum
1777 3417 1800 3446 ³

261 3521 379 3588 petetur,
396 3531 431 3572 ao
448 3517 472 3572 ai
489 3514 612 3585 mudum,
631 3515 679 3584 qui
695 3513 746 3570 tibi
763 3515 866 3572 aTrrio
883 3515 992 3586 legatus
1009 3519 1092 3586 esset,
1111 3516 1255 3572 restituero
1272 3520 1386 3587 rogatus
1403 3514 1516 3574 fuisses:
1535 3515 1654 3587 ideoque
1665 3523 1694 3573 et

214 3613 244 3660 10
262 3607 286 3666 si
309 3609 466 3677 suepeotam
484 3604 584 3661 llaeuii
601 3603 915 3682 hereditatsmldixeris,
940 3605 1003 3676 oogi
1020 3611 1049 3662 te
1066 3619 1121 3662 non
1140 3609 1250 3676 oportet
1267 3620 1328 3662 eam
1347 3605 1431 3662 adire.
1467 3604 1589 3671 Quodsi
1607 3602 1693 3690 [ffiffl

261 3695 385 3752 Maeuius
404 3701 432 3752 te
449 3695 589 3765 mganerit
605 3699 634 3750 et
650 3709 729 3750 suam
747 3692 926 3750 hereditatem
945 3699 974 3752 at
990 3694 1129 3752 Titianam
1147 3695 1291 3750 restituere
1308 3699 1510 3766 tuque-sponte
1528 3693 1635 3756 adieris.
1646 3694 1693 3760 he

261 3785 418 3855 teutatem,
442 3784 527 3842 uteris
550 3783 775 3854 reparatiores
800 3783 944 3840 eommodo
962 3787 991 3840 et
1007 3789 1113 3854 partem
1132 3788 1255 3854 queem
1274 3785 1434 3844 Maeuianae
1451 3782 1613 3842 hereditatis
1630 3784 1694 3842 reh'·

261 3873 354 3944 nehis,
378 3873 518 3930 dimidiam
541 3877 569 3928 ot
592 3877 717 3943 quanm
741 3887 776 3930 er
799 3870 1010 3932 hdeioommisso
1024 3874 1177 3945 restitues,
1201 3888 1252 3930 neo
1275 3872 1410 3944 intererit,
1434 3872 1525 3930 eidem
1547 3877 1693 3944 suamque
1710 3863 1800 3912 f

261 3971 504 4041 HWDEQIOK)

263 4115 272 4149 ¹
290 4109 330 4169 ita
346 4115 382 4182 (a.
394 4111 444 4180 tl?
514 4113 588 4168 ’ool
603 4131 653 4184 pro
671 4126 756 4181 quare
774 4133 823 4168 scr.
842 4114 907 4182 quin
926 4121 971 4168 out
989 4122 1035 4169 ins.
1054 4118 1214 4184 apraetore
1237 4111 1407 4184 compellitur
1430 4113 1545 4170 miseere
1567 4129 1598 4170 ae
1616 4113 1692 4172 here

261 4184 341 4240 ditati
359 4187 388 4239 et
405 4185 445 4240 sio
462 4183 618 4240 restituere:
638 4184 687 4238 sed
705 4185 748 4257 (cf
761 4188 776 4239 l.
788 4185 807 4238 6
819 4183 833 4256 5
847 4187 864 4240 2
876 4185 900 4239 Ιι.
911 4185 940 4252 t.)
1024 4185 1035 4220 ⁸
1054 4185 1173 4256 aceepit:
1196 4183 1246 4240 sed
1264 4183 1388 4255 eompelli
1405 4191 1511 4256 potest,
1529 4185 1692 4244 sinendum

261 4256 376 4327 agnouit
391 4253 463 4312 tilius
481 4255 613 4312 bonoram
631 4256 833 4326 possessiouem
852 4265 899 4311 tna.
1662 4267 1665 4272 ·

260 4389 426 4459 4itequelF,
439 4386 781 4458 itsWDEQloKlistoF
810 4389 946 4458 bueraFl
1001 4387 1222 4458 habet1habtne
1245 4390 1277 4446 F:
1300 4391 1361 4446 τότε
1384 4390 1471 4461 xr'opau
1494 4389 1544 4462 ἔχει
1564 4389 1592 4446 Β
1610 4391 1692 4478 (Tap.)

261 4460 322 4531 hoo]
335 4459 392 4526 lm,
411 4458 506 4516 holm
554 4459 680 4516 eirenes*
689 4459 741 4516 erit
753 4460 805 4515 1²²⁹
852 4460 948 4516 9omi·
1001 4461 1037 4515 34
1054 4466 1086 4516 ut
1102 4460 1281 4518 hereditatem
1304 4462 1359 4516 titii
1439 4463 1475 4517 35
1492 4462 1593 4520 hlaeoii
1616 4463 1692 4520 adue

261 4531 409 4588 suaserit
424 4533 429 4600 Ι
445 4531 712 4602 siparterFlem.f)
759 4533 794 4587 12
810 4539 899 4602 quta⁴e
914 4529 948 4585 F‘
1001 4531 1048 4602 ris]
1066 4535 1182 4604 aappbar·
1200 4535 1236 4588 ud
1252 4533 1448 4598 t1851ht,
1466 4534 1510 4588 ati
1526 4531 1594 4590 isos
1611 4537 1691 4590 loom

261 4605 296 4660 13
306 4602 481 4673 oompetebat
489 4605 575 4670 Flam.
579 4606 617 4676 j)
653 4602 835 4660 l‘luiuentiF
860 4605 893 4659 19
903 4601 948 4658 he·
1002 4603 1098 4658 lotmnr·
1119 4603 1243 4676 Uipstanus
1260 4611 1337 4660 citat:
1360 4608 1400 4658 ut¹
1414 4604 1691 4670 hereditatel—tear

260 4673 377 4731 reditato
394 4675 435 4740 lit
451 4674 511 4744 erit]
530 4674 569 4729 erl
587 4675 613 4727 F
654 4676 688 4730 21
698 4681 761 4732 *sati*
773 4674 825 4730 Ρ*
873 4675 908 4730 24
925 4674 948 4730 si
1008 4673 1079 4741 WQ)
1098 4676 1198 4730 maeuii
1216 4675 1315 4732 adieris
1332 4675 1433 4742 FWQ,
1456 4681 1488 4734 ot
1511 4675 1691 4733 hereditatem

260 4747 315 4802 lam
337 4744 409 4802 lilius
431 4744 564 4802 bonorum
586 4746 797 4817 possesslouem]
819 4747 846 4810 i:
870 4761 948 4802 suam
1001 4746 1055 4800 titii
1072 4747 1170 4813 (meuii
1188 4747 1229 4814 Ε)
1247 4745 1332 4803 adeas
1350 4745 1434 4812 (adea
1450 4747 1494 4814 K)
1515 4753 1545 4802 et
1562 4749 1691 4812 restitum

259 4815 332 4874 filins
348 4817 482 4874 bonorum
506 4819 707 4888 possessiouem
721 4817 905 4882 WDEPOK,
925 4819 949 4873 si
1001 4817 1096 4884 (adeas
1106 4819 1141 4873 al.
1150 4818 1279 4874 restituas
1286 4816 1339 4885 θ’)
1348 4823 1434 4888 tuque
1442 4815 1623 4876 hereditatem
1635 4833 1690 4876 me

260 4890 315 4946 iam
333 4886 405 4944 lilim
426 4888 559 4946 honorum
577 4891 778 4960 possessionem
797 4889 949 4958 sooepit1⁵
1001 4889 1040 4946 uii
1052 4889 1213 4956 (restitueris
1223 4899 1273 4962 pro
1284 4889 1368 4948 msuii
1382 4889 1535 4957 Otadieris
1546 4889 1690 4956 waioli,

260 4962 295 5017 iii
313 4959 439 5018 adiubari
456 4961 482 5014 F
519 4961 555 5018 30
572 4967 694 5020 oesaaret
710 4964 737 5016 F
779 4961 812 5016 31
826 4959 948 5016 *heredi-
1002 4979 1050 5015 om.
1064 4969 1130 5016 later
1141 4964 1196 5018 ulta
1204 4962 1246 5016 D·
1283 4961 1541 5030 testiti01attioF
1569 4962 1605 5018 37
1618 4977 1690 5020 mae

260 5031 723 5102 tasu⁶thsre·o'sad1ubanduset
759 5031 947 5103 disitom.Fl
1000 5030 1071 5088 ul'a'i
1090 5033 1126 5086 Ft
1142 5035 1147 5102 Ι
1163 5041 1243 5090 etam
1261 5033 1313 5088 par
1358 5034 1395 5090 40
1412 5038 1575 5103 utramque
1592 5033 1645 5088 Ρ*
