3584 5454
270 259 450 329 XXXXVII
473 261 570 325 1015
951 250 1039 332 778
1503 277 1551 324 pn
1573 277 1711 326 ulmeus

223 415 253 472 ai
271 419 346 488 tiam,
365 417 415 473 aed
433 417 592 473 iniuriarum
611 420 729 471 tenetur.
759 413 843 470 Aliud
861 419 906 470 eat
923 414 1070 484 appellare,
1088 414 1163 470 aduri
1182 415 1334 472 adrectart:
1352 415 1474 486 appellat
1491 417 1576 486 euim,
1595 416 1642 486 qui
1659 431 1711 472 eer-

272 521 352 563 mone
376 506 537 576 pudicitiam
560 505 727 574 adtemptat,
752 504 923 573 adnectatur,
946 503 994 572 qui
1016 503 1117 558 tacitus
1141 501 1298 574 frequenter
1320 505 1457 574 nequitur:
1480 505 1620 561 adaiduo²
1643 505 1712 561 euim

224 595 425 664 infrequentia
443 595 522 664 quael
540 592 654 663 praebet
672 593 829 648 nonnullam
847 591 997 646 infamiam.
1024 592 1181 648 Meminisse
1200 597 1292 648 autem
1310 592 1449 663 oportebit
1462 609 1519 649 nou
1532 609 1651 664 omnem,
1668 595 1713 664 qui

272 685 432 740 adsentatus
450 688 501 752 eat,
520 697 572 736 uec
590 697 709 748 omnem,
728 681 775 750 qui
794 682 951 750 appellauit,
969 680 1022 736 boc
1040 680 1131 736 edicto
1149 683 1288 737 conueniri
1306 695 1389 752 poeee
1406 685 1509 752 (noque
1527 684 1603 738 euim
1620 684 1713 753 eiquia

272 771 441 841 colludendi,
466 772 490 825 ei
514 771 575 840 quie
594 768 677 826 officii
696 769 810 824 honeste
828 769 946 825 faciendi
964 771 1055 839 gratia
1071 769 1100 825 id
1118 768 1198 840 facit,
1222 771 1315 825 rtatim
1334 771 1362 826 iu
1380 771 1501 826 edictum
1520 772 1643 842 incidit),
1665 771 1740 828 ecda

224 871 254 916 24
272 862 319 932 qni
337 865 433 916 contra
450 858 538 915 bonne
557 873 647 914 morae
666 857 717 913 boc
736 855 810 912 iacit.
841 857 978 927 Spcueum
996 873 1107 928 quoque
1124 858 1161 914 ad
1178 859 1337 915 iniuriarum
1357 860 1494 916 actionem
1513 860 1712 916 admittendum

224 959 254 1004 rt
272 956 354 1021 puto:
378 949 478 1004 etenim
503 951 611 1017 apertat
633 946 670 1002 ad
693 945 885 1001 oontnmeliam
910 948 969 1002 eiua
992 947 1104 1017 iuiurla,
1132 961 1322 1018 quaecumque
1345 963 1465 1019 epoueae
1488 949 1551 1004 eiua
1574 948 1633 1004 fiat.
1667 949 1713 1004 ait

271 1041 397 1109 praetor:
416 1037 458 1091 ‘ne
476 1035 542 1106 quid
561 1033 712 1090 infamandi
730 1049 816 1090 cauea
833 1033 890 1090 fiat.
918 1036 942 1091 ei
960 1037 1022 1106 quie
1040 1036 1174 1092 aduereue
1192 1051 1228 1092 ea
1240 1035 1345 1108 ferent,
1363 1043 1447 1108 prout
1456 1051 1588 1108 quaeque
1599 1053 1644 1093 rea
1656 1039 1712 1108 erit,

225 1136 254 1182 ac
274 1124 512 1182 'animaduertam'.
549 1125 609 1179 Hoc
627 1123 748 1179 edictum
767 1138 967 1193 superuacuum
986 1139 1049 1180 aeae
1067 1124 1161 1182 Labeo
1179 1125 1232 1196 ait,
1250 1127 1352 1198 quippo
1369 1141 1432 1182 cum
1451 1141 1486 1182 ex
1505 1127 1630 1196 generali
1647 1127 1712 1182 iniu-

273 1216 374 1271 riarum
398 1229 481 1284 agere
505 1227 660 1284 poaaumua.
694 1212 744 1268 aed
762 1211 872 1268 uidetur
890 1217 919 1268 et
937 1213 990 1283 ipei
1008 1212 1130 1269 Labeoni
1148 1216 1188 1280 (et
1205 1215 1245 1270 ita
1262 1229 1293 1270 ee
1312 1213 1406 1282 habat)
1423 1219 1583 1284 praetorem
1601 1215 1711 1271 audem
1728 1228 1752 1266 ιι

273 1319 386 1362 caueam
405 1307 530 1360 aecutnm
549 1301 671 1356 uoluieee
689 1300 772 1355 etiam
790 1301 946 1370 specialiter
964 1301 999 1356 de
1017 1317 1052 1357 ea
1069 1315 1099 1357 re
1117 1303 1204 1373 loqui:
1223 1317 1257 1358 ea
1274 1303 1355 1373 enim,
1374 1317 1445 1374 qnae
1464 1303 1626 1359 notabiliter
1639 1303 1711 1373 finnt

226 1401 255 1447 al
274 1395 326 1450 ulei
350 1392 505 1463 specialiter
527 1394 669 1460 notentur,
691 1389 820 1446 uidentur
843 1390 922 1458 quael
943 1391 1076 1446 neclecta
1112 1390 1284 1447 Generaliter
1301 1393 1390 1447 uetuit
1407 1396 1520 1462 praetor
1537 1393 1606 1462 quid
1624 1393 1660 1448 nd
1676 1393 1712 1447 in-

274 1481 385 1538 famiam
404 1479 519 1536 alicuine
537 1477 604 1534 lieri.
632 1478 746 1548 proinde
764 1478 957 1548 quodcumque
976 1479 1037 1548 quie
1056 1478 1153 1535 fecerit
1171 1480 1214 1535 nel
1232 1479 1345 1550 dixerit,
1364 1485 1396 1536 ut
1414 1482 1498 1538 alium
1516 1480 1647 1550 infamet,
1665 1482 1712 1536 erit

274 1572 347 1627 actio
365 1569 533 1625 iniuriarum.
565 1567 635 1622 baec
654 1571 745 1622 autem
764 1566 822 1622 iere
841 1571 919 1637 aunt,
943 1583 1014 1637 quae
1033 1568 1069 1623 ad
1087 1567 1227 1624 infamiam
1245 1569 1361 1624 alicuine
1379 1567 1461 1624 liunt:
1488 1575 1520 1625 ut
1537 1575 1608 1640 puta
1625 1570 1659 1626 ad
1675 1572 1710 1625 iu·

273 1659 376 1716 uidiam
395 1658 510 1714 alicuine
529 1661 608 1710 neate
625 1655 735 1726 lugubri
753 1657 839 1712 utitur
857 1659 908 1711 aut
925 1657 1059 1727 squalida,
1078 1662 1128 1712 aut
1145 1658 1169 1712 ei
1187 1655 1301 1712 barbam
1319 1656 1448 1714 demittat
1464 1659 1511 1714 uel
1526 1661 1643 1729 capilloa
1654 1657 1710 1714 eub
1727 1669 1747 1709 ιι

275 1749 379 1816 mittat,
403 1753 450 1803 aut
472 1747 495 1802 ei
513 1761 623 1800 carmen
641 1744 798 1800 concumbat
814 1745 859 1800 uei
877 1751 1014 1815 proponat
1031 1747 1075 1801 uel
1094 1748 1188 1800 cantet
1205 1745 1330 1816 aliquod,
1355 1747 1429 1816 quod
1448 1747 1585 1817 pudorem
1604 1748 1710 1802 alicuine

227 1843 257 1890 28
275 1837 376 1894 laedat.
413 1835 492 1901 Quod
511 1835 549 1888 ait
566 1837 690 1904 praetor:
709 1833 741 1890 ‘ai
759 1821 821 1904 quie
839 1833 973 1889 mucrona
992 1849 1026 1889 ea
1044 1832 1152 1905 fecerit,
1171 1839 1253 1904 prout
1270 1849 1381 1905 quaqua
1397 1851 1429 1891 re
1445 1835 1527 1906 arlt¹,
1545 1836 1710 1891 animaduer-

276 1924 357 1995 'tam‘,
376 1924 416 1980 eic
433 1922 646 1992 intellegendum
666 1927 717 1993 eet,
735 1927 767 1978 ut
784 1923 888 1992 plenior
906 1927 981 1978 eaeet
998 1923 1132 1992 praetoria
1150 1923 1360 1994 animaduersio,
1378 1923 1408 1979 id
1425 1931 1470 1979 eet
1481 1929 1513 1979 nt
1524 1925 1710 1995 quodcumque

276 2029 340 2070 enm
362 2012 481 2068 mouerit
502 2012 547 2067 uel
570 2011 598 2066 in
620 2025 739 2082 perenna
761 2011 820 2066 eina
844 2011 891 2082 qui
915 2011 975 2080 agit
991 2011 1149 2066 iniuriamm
1168 2013 1323 2069 actionem⁸
1340 2013 1385 2068 nol
1403 2013 1463 2068 eine
1482 2013 1620 2069 aduenae
1637 2027 1709 2084 men

229 2109 259 2156 aa
277 2103 368 2172 agitur
385 2102 430 2157 uel
448 2101 531 2156 etiam
550 2101 578 2156 in
596 2115 626 2156 re
644 2100 713 2170 ipen,
732 2100 909 2170 inqualitate
927 2099 1050 2170 iniuriae,
1069 2115 1125 2155 nou
1142 2100 1238 2156 audiat
1255 2115 1318 2156 cum
1336 2101 1384 2170 qui
1403 2102 1470 2172 agit
1498 2101 1529 2157 Si
1547 2103 1612 2172 quie
1628 2101 1710 2158 libello
1723 2110 1745 2152 ιι

277 2191 343 2246 dato
367 2191 412 2246 uel
435 2189 551 2261 principi
574 2189 619 2244 uel
642 2189 677 2244 ali
703 2189 747 2243 eui
771 2187 872 2244 famam
895 2189 1011 2244 adanam
1029 2189 1180 2244 ineertatne
1198 2189 1293 2260 fuerit,
1316 2190 1476 2245 iniuriarum
1495 2191 1550 2246 erit
1567 2191 1709 2261 mudum:

229 2289 259 2334 ao
277 2279 443 2350 Papinianue
467 2278 514 2334 ait.
550 2277 626 2332 idem
650 2277 689 2332 ait
706 2291 784 2345 enm,
806 2277 853 2346 qui
871 2283 1001 2334 euentum
1020 2278 1173 2333 sententiae
1191 2278 1268 2333 uelut
1285 2278 1400 2334 daturne
1417 2279 1567 2348 pecuniam
1587 2278 1709 2347 uendidit,

276 2368 396 2424 fnatibue
419 2383 436 2423 a
459 2365 585 2436 praecide
611 2365 647 2422 cb
670 2365 723 2421 boc
751 2365 914 2436 caetigatum
938 2366 1096 2422 iniuriarum
1120 2365 1280 2422 muratum
1303 2366 1403 2422 uideri:
1431 2369 1530 2438 utique
1555 2373 1649 2425 autem
1669 2381 1708 2435 ιιι

229 2467 256 2512 al
277 2462 356 2528 parat
374 2455 446 2510 bunc
464 2455 589 2510 iniuriam
608 2455 634 2510 ei
652 2452 760 2522 fecium,
779 2455 858 2510 cuiue
876 2455 1039 2510 sententiam
1059 2455 1220 2510 uenditauit
1249 2454 1278 2510 Si
1296 2457 1357 2525 quia
1375 2455 1449 2512 boue
1467 2457 1587 2513 alicuine
1605 2458 1649 2512 uel
1660 2470 1709 2512 reu

230 2556 259 2600 aa
278 2562 360 2602 uuam
378 2561 429 2616 per
443 2545 569 2600 iniuriam
582 2543 767 2613 occupauerit,
785 2542 943 2598 iniuriarum
957 2545 1065 2599 actione
1077 2549 1194 2600 tenetur.
1221 2544 1290 2600 item
1304 2545 1328 2600 ei
1339 2546 1401 2616 quie
1413 2545 1516 2616 pignus
1528 2545 1709 2617 proacripeerit
1722 2552 1743 2594 ri

278 2635 449 2703 conditurae,
467 2638 609 2702 tamquam
628 2647 645 2688 a
659 2647 703 2686 me
716 2632 862 2701 acceperit,
880 2630 1029 2688 infamandi
1043 2634 1096 2688 mei
1108 2647 1201 2702 cauea,
1220 2631 1332 2689 Seruiua
1344 2635 1384 2689 ait
1394 2635 1557 2690 iniuriarum
1570 2635 1617 2705 agi
1629 2647 1708 2705 poena

230 2734 259 2779 aa
278 2724 307 2780 Si
326 2725 388 2794 quie
406 2739 461 2780 nou
479 2722 629 2778 debitorem
649 2720 728 2790 quani
746 2720 898 2776 debitorem
918 2721 1098 2790 appellauerit
1114 2722 1229 2778 iniuriae
1247 2721 1365 2778 faciendi
1382 2739 1482 2792 οιιιιι,
1501 2723 1660 2779 iniuriarum
1675 2727 1708 2776 tt⁴

230 2822 260 2868 tt
278 2817 366 2868 netur.
403 2813 516 2868 Praetor
539 2811 590 2866 ait:
610 2809 670 2876 'Qui
693 2825 802 2865 aeruum
822 2810 940 2864 alienum
959 2809 1093 2872 aduereue
1110 2809 1198 2868 bonne
1218 2826 1308 2867 morea
1325 2810 1520 2868 uerberauieae
1538 2812 1613 2868 deue
1630 2827 1662 2868 eo
1675 2811 1707 2866 iu·

278 2902 362 2958 ‘iueau
385 2901 488 2957 domini
512 2900 700 2971 quaestionem
724 2898 853 2954 habuieee
876 2897 997 2968 dicetur,
1022 2899 1050 2954 in
1074 2915 1137 2955 eum
1161 2899 1292 2955 iudicium
1316 2898 1397 2956 dabo.
1431 2901 1499 2956 item
1518 2901 1542 2956 ei
1561 2901 1630 2972 quid
1647 2898 1707 2957 aliud

230 3000 260 3046 ao
278 2989 389 3046 'factum
414 3005 476 3046 eeae
499 2989 620 3058 dicetur,
643 3003 729 3044 cauea
752 2987 864 3056 cognita
880 2987 1011 3042 iudicium
1030 2987 1119 3044 debo'.
1155 2987 1186 3044 Si
1203 2989 1265 3059 quie
1283 2989 1323 3044 eie
1340 2987 1406 3044 fecit
1423 2989 1553 3046 iniuriam
1573 3007 1663 3061 acmo,
1681 2992 1707 3044 rt
1720 2995 1739 3036 ⁸⁰

279 3079 389 3135 domiuo
406 3077 522 3148 faceret,
545 3077 627 3133 uideo
646 3076 786 3132 dominum
803 3076 962 3132 iniuriarum
982 3091 1065 3146 agere
1083 3093 1165 3148 poeae
1183 3093 1235 3133 auo
1252 3079 1375 3134 nomine:
1399 3078 1423 3132 ei
1441 3093 1511 3134 uero
1528 3095 1586 3136 uon
1604 3080 1639 3135 ad
1654 3093 1706 3147 eug·

278 3169 445 3238 gillationem
468 3166 573 3222 domiui
597 3165 625 3222 id
643 3164 722 3236 iecit,
745 3165 799 3235 ipei
816 3179 897 3220 uerno
915 3163 991 3220 facta
1008 3166 1210 3232 iniuriaiuulta
1228 3182 1246 3222 a
1261 3171 1388 3236 praetore
1406 3167 1525 3237 relinqui
1542 3183 1600 3224 eon
1617 3165 1705 3234 uelut

231 3267 260 3312 aa
280 3258 398 3312 maxime
422 3257 446 3312 ei
470 3253 632 3312 uerberibus
654 3255 699 3310 uel
723 3254 882 3324 quaestione
899 3252 991 3310 lieret:
1015 3253 1086 3310 banc
1104 3256 1176 3312 enim
1194 3260 1224 3310 et
1241 3270 1350 3310 remum
1369 3255 1473 3310 rendre
1491 3257 1586 3328 palam
1605 3262 1653 3312 eat
1682 3252 1705 3309 Si

279 3347 465 3415 comllmunem
484 3345 546 3415 quie
565 3359 675 3399 eorunm
693 3342 889 3412 uerberauerit,
907 3343 1002 3412 utiquc
1021 3342 1073 3398 ban
1091 3344 1199 3399 actione
1217 3358 1273 3400 non
1290 3343 1436 3413 tenebitur,
1456 3359 1521 3400 cnm
1539 3347 1601 3402 iure
1618 3342 1704 3402 domici
1716 3339 1766 3394 liii

231 3444 260 3490 ut
278 3433 307 3489 id
325 3432 429 3489 fecerit.
460 3434 517 3490 Nec
535 3434 559 3489 ei
577 3431 743 3488 fructuarius
760 3431 789 3487 id
808 3431 913 3502 fecerit,
932 3431 1059 3487 dominae
1077 3447 1140 3487 cum
1159 3447 1192 3488 eo
1211 3433 1277 3502 agit,
1289 3433 1341 3488 'uel
1358 3433 1381 3488 ai
1399 3433 1603 3503 proprietarius
1617 3431 1703 3498 leont
1717 3438 1735 3480 ³⁵

231 3533 260 3578 aa
279 3521 444 3578 fructuarius
467 3536 530 3576 eum
553 3522 707 3576 conueniet.
744 3520 872 3576 Adicitur
890 3519 1030 3576 ‘aduerana
1056 3517 1143 3577 bonos
1166 3519 1272 3591 moree',
1297 3525 1327 3576 ut
1351 3536 1406 3577 non
1431 3523 1524 3578 omnia
1545 3524 1654 3578 omnino
1668 3517 1704 3589 qui

279 3609 444 3679 uerberauit,
463 3609 513 3666 eed
531 3609 578 3680 qni
597 3609 730 3664 aduersus
747 3607 835 3664 bonne
854 3625 944 3665 morea
962 3609 1127 3676 uerberauit,
1145 3615 1285 3666 teneatur:
1302 3615 1425 3666 catemm
1444 3612 1469 3666 ai
1488 3611 1553 3682 quie
1568 3606 1702 3682 corrigendi

278 3710 305 3762 F
306 3709 352 3777 (X
354 3707 481 3773 YMOO).
499 3707 593 3762 Pclrata
605 3707 629 3771 3,
643 3708 678 3761 57
691 3727 725 3754 =
737 3710 753 3762 1.
767 3709 799 3761 15
813 3707 828 3776 ἓ
841 3708 883 3760 27.
893 3708 928 3761 28
940 3710 1028 3779 (napae
1039 3709 1077 3761 nd
1086 3717 1111 3762 ι’.
1122 3709 1156 3762 17
1167 3707 1396 3775 animaduertitur)

281 3837 289 3869 ¹
309 3832 426 3888 adsidue
444 3831 543 3898 (addai
614 3830 626 3865 ²
643 3845 693 3900 pro
711 3846 822 3900 quaqua
839 3845 869 3884 re
887 3836 918 3885 ut
936 3830 1007 3886 erit?
1077 3831 1089 3867 ³
1106 3831 1214 3886 actione
1232 3830 1332 3898 (adali

282 3965 459 4021 ladeectare
472 3965 505 4018 F:
523 3961 658 4034 inscript
671 3961 719 4016 RS
766 3963 901 4018 2tacitae
914 3963 970 4034 Εἰ
1024 3977 1150 4034 quaeque
1167 3977 1213 4018 rea
1231 3961 1345 4017 XFMO
1355 3961 1438 4027 Pata,
1462 3978 1510 4018 ree
1527 3979 1652 4036 quaeque
1668 3961 1701 4020 ol

280 4035 533 4092 adeiduoetenim
552 4035 591 4087 F’
643 4033 808 4088 euoneatac
822 4035 861 4102 Fi
877 4034 973 4090 indicit
1025 4035 1085 4106 erit]
1105 4039 1186 4090 erunt
1202 4034 1235 4088 X
1288 4034 1322 4088 18
1340 4033 1433 4102 ntpl.]
1452 4035 1533 4105 etpl.
1546 4037 1585 4089 F¹
1602 4039 1607 4105 Ι
1622 4031 1702 4104 utqui

281 4110 314 4162 F:
332 4107 446 4162 taniam
461 4107 508 4160 RS
551 4105 823 4162 locutumeliuualm
858 4107 971 4174 8qnae·
1025 4112 1054 4162 et
1072 4121 1118 4176 qn.
1138 4107 1164 4158 F
1211 4107 1247 4160 20
1264 4105 1292 4159 in
1310 4117 1340 4159 rc
1362 4105 1424 4173 ipaa
1445 4104 1634 4176 inqualitate
1650 4105 1703 4162 iniu-

280 4185 352 4248 *quu
361 4180 400 4231 Ρ
447 4180 464 4232 9
477 4175 704 4244 animaduersam]
712 4185 751 4231 etc
761 4195 790 4230 ea
798 4197 822 4229 u.
833 4177 877 4230 17:
887 4177 971 4231 auim—
1025 4177 1092 4246 riae]
1101 4176 1128 4229 ἒΞ
1141 4175 1222 4238 aire?
1234 4176 1282 4239 roi
1294 4174 1450 4246 npafaaroc,
1462 4176 1536 4240 roir'
1549 4178 1620 4234 ἓιιιιι
1632 4178 1658 4232 ia
1668 4175 1703 4228 ric

281 4251 409 4305 aduerttu
425 4249 471 4313 P,
490 4247 691 4303 animaduertat
703 4248 739 4299 F'
794 4247 826 4300 ll
847 4248 971 4302 uotauili·
1024 4249 1165 4303 nordraroc
1183 4247 1232 4301 rric
1248 4247 1353 4318 ῨΒρεωο
1365 4247 1413 4300 BS
1429 4249 1434 4314 Ι
1449 4263 1507 4304 uon
1520 4251 1625 4320 audiat]
1643 4242 1706 4304 flii

281 4325 323 4376 ter
341 4321 377 4374 F¹
439 4321 472 4374 12
494 4318 666 4388 generaliter]
685 4332 777 4386 gener.
795 4322 888 4373 numm
908 4318 972 4383 ΜΟ,
1026 4319 1109 4374 Moe
1119 4339 1175 4374 cnm
1187 4318 1237 4373 BS
1249 4319 1352 4384 (Dor.):
1365 4315 1504 4390 adtacta,
1518 4321 1704 4376 nonatum.

281 4390 473 4448 uenerabiliter
485 4396 575 4445 autem
589 4391 612 4445 0
626 4394 630 4456 Ι
646 4389 711 4458 quid
724 4388 760 4442 ad
772 4387 911 4444 infamiam
925 4389 972 4444 ali-
1025 4397 1102 4445 tacite
1155 4391 1190 4444 21
1209 4389 1245 4444 ali
1263 4390 1318 4458 eni]
1336 4387 1400 4458 ὶρχιζι
1420 4389 1469 4444 RS
1489 4392 1597 4462 (Dea),
1618 4393 1702 4462 appear

250 4513 253 4526 ,
281 4464 359 4518 cuiue
368 4460 500 4530 fierilfieri
509 4461 583 4530 quod
591 4461 627 4515 ad
637 4459 776 4514 infamiam
785 4461 900 4516 alicuine
911 4475 972 4530 pcr-
1027 4461 1171 4527 Blriaoa.)
1206 4461 1241 4515 23
1253 4461 1404 4530 caetlgatnr
1414 4461 1447 4514 F:
1457 4461 1585 4531 poniacrc
1593 4461 1703 4526 ιγιιτόιε·

281 4536 351 4589 tinet
361 4535 429 4588 Patr.
454 4533 488 4586 13
498 4533 559 4602 quia
568 4530 665 4586 iecerit
674 4531 717 4586 uei
726 4531 826 4586 dixerit
835 4531 915 4590 (dixit
924 4532 972 4602 l't]
1027 4551 1074 4586 noc
1086 4530 1115 4586 ἐκ
1124 4531 1172 4586 rtic
1187 4531 1362 4602 intorpriporu
1372 4534 1568 4604 aaraaaapl'ctlar
1578 4535 1703 4598 muritta·

281 4605 378 4674 aliquia
397 4605 498 4659 dixerit
520 4604 563 4659 uel
584 4601 680 4657 fecerit
696 4601 766 4656 Patr.
788 4605 793 4669 Ι
813 4603 905 4671 alium]
925 4603 972 4658 ali·
1027 4603 1075 4657 Rs
1123 4601 1297 4672 adfaciendi}
1313 4603 1357 4667 F¹,
1375 4600 1567 4659 faciendeF²³
1614 4607 1703 4660 itaer

281 4691 363 4746 quem
382 4676 451 4729 Pele.
497 4676 531 4729 14
549 4675 631 4742 actio]
651 4673 790 4729 accuratio
803 4674 845 4727 Μ’
861 4678 866 4741 Ι
881 4672 972 4729 fere'n'
1026 4672 1198 4729 baronianae*
1211 4675 1247 4728 F²
1300 4675 1334 4730 31
1354 4673 1436 4728 uideo
1450 4675 1595 4732 domiuum
1612 4673 1704 4732 iniuria·

281 4752 347 4801 eunt
364 4746 400 4798 F‘
417 4747 421 4811 l
438 4746 561 4814 alicuine]
581 4745 694 4800 alicuine
712 4743 774 4814 quie
788 4745 857 4799 Patr.
873 4748 877 4811 Ι
892 4743 971 4814 fiunt]
1026 4761 1086 4800 rum
1109 4761 1193 4814 agere
1215 4746 1308 4816 poaee]
1336 4745 1446 4807 ainana·
1471 4747 1522 4802 aaa
1547 4747 1703 4818 larorpripoti

281 4817 383 4872 fuerint
406 4815 449 4870 M·
473 4821 477 4881 l
502 4820 533 4872 nt
559 4816 638 4886 puta]
665 4821 696 4870 nt
721 4821 790 4886 puta
815 4816 889 4885 quod
916 4815 974 4872 Mn
1027 4817 1105 4871 aeneia
1119 4817 1167 4871 BS
1183 4817 1188 4882 l
1204 4817 1340 4872 ein⁴uero
1354 4816 1391 4869 Ρ
1426 4817 1482 4872 ’32
1500 4813 1701 4889 praetore‘m’fl

284 4889 317 4944 15
330 4891 378 4944 aut
390 4887 516 4956 squalida
527 4893 576 4942 aut
587 4887 619 4956 ai]
633 4901 668 4942 an
681 4885 806 4956 equalida
818 4903 853 4942 aa
865 4889 889 4942 ai
903 4888 971 4942 Patr.
1025 4887 1160 4956 relinqui
1173 4889 1209 4940 F’
1255 4887 1458 4957 38quaeetinui
1471 4891 1497 4942 F
1540 4889 1703 4946 moeona-

283 4962 317 5015 16
336 4963 385 5014 aut
402 4959 434 5028 ai]
454 4960 499 5014 uei
511 4959 535 5014 ai
547 4961 617 5014 Patr.
633 4962 638 5024 Ι
654 4957 756 5027 aliquid
767 4957 884 5014 XFMO
895 4959 972 5023 Pata,
1025 4960 1082 5014 rina
1100 4959 1138 5012 F²
1191 4959 1226 5014 37
1245 4958 1405 5014 uerberauit
1422 4959 1474 5014 aed
1493 4962 1531 5014 1⁵⁸¹

283 5031 349 5102 quid
369 5031 393 5086 0
450 5032 483 5086 l'i
502 5030 544 5102 eal
564 5044 625 5087 eam
647 5029 681 5085 Y‘·
689 5031 758 5086 Patr.
780 5031 785 5098 Ι
803 5043 914 5100 quaqua
931 5029 969 5099 re]
