3728 5452
93 247 138 295 na
160 247 607 298 commmemoratione
766 225 849 307 311
1209 227 1358 298 XXXVII
1381 231 1419 296 11
1442 237 1521 293 1-2

92 391 224 441 testatore
242 387 425 457 desideratur,
443 389 555 444 tametsi
572 393 681 444 exstare
698 387 838 444 desierint:
859 401 943 458 quare
961 391 991 442 et
1008 387 1031 442 sl
1049 391 1146 458 postea
1162 387 1369 458 interciderunt,
1388 387 1521 444 bonorum

91 477 231 545 possessio
248 477 306 546 peti
324 477 431 546 poterit.
462 476 609 532 Scientiam
626 482 719 532 tamen
736 477 887 547 exigemus,
906 481 937 532 ut
955 477 1025 532 sciat
1042 475 1121 530 heres
1140 482 1233 532 extare
1250 477 1359 532 tabulas
1377 481 1522 546 certusque

90 566 127 619 sit
145 564 265 618 delatam
284 565 336 620 sibi
354 565 485 620 bonorum
503 567 713 634 possessionem.
747 565 777 622 Si
795 567 857 634 quis
874 567 902 620 in
920 563 1028 620 duobus
1046 565 1246 636 exemplaribus
1263 564 1359 621 iecerit
1375 570 1521 621 testamen-

90 659 149 708 tum
173 659 202 708 et
219 653 294 708 alind
312 659 414 724 exstet,
438 653 512 710 eliud
535 670 590 710 non
614 659 716 724 exstet,
739 653 850 710 tabulae
873 657 966 709 extare
989 653 1117 708 uidentur
1140 656 1251 725 patique
1274 659 1367 725 potest
1389 653 1521 710 benorum

89 743 240 812 possessio.
266 742 321 798 Sed
339 747 368 798 et
385 744 408 798 si
425 743 453 798 in
472 742 579 798 dnobus
598 743 738 800 codicibus
756 744 837 798 simul
855 743 970 812 signatis
989 743 1056 798 alios
1074 747 1157 812 atque
1176 744 1244 798 alios
1255 742 1371 798 heredes
1383 743 1522 813 scripserit
1540 755 1554 796 ι

89 835 118 886 ιι
136 837 285 901 utromque
302 836 390 901 extet,
413 846 448 886 ιιι
466 835 583 901 utroque
600 833 680 902 quasi
697 847 732 888 ex
750 847 805 888 uno
824 832 954 902 competit
977 830 1107 886 bonorum
1131 833 1282 902 possessio,
1305 833 1370 901 qula
1392 847 1442 902 pro
1459 832 1521 887 unis

88 919 193 974 tabulis
212 919 366 974 habendum
389 923 433 974 est
454 925 483 974 et
505 937 663 991 supremum
686 925 831 991 utrumque
854 921 1028 990 accipiemus.
1065 919 1119 974 Sed
1143 920 1167 974 si
1187 935 1271 974 unum
1295 918 1391 974 iecerit
1406 925 1523 976 testator

88 1009 171 1079 quasi
188 1013 393 1079 testamentum,
412 1010 486 1064 alind
504 1011 584 1080 quasi
602 1011 770 1080 exemplum,
789 1009 941 1078 siquidem
959 1007 987 1062 id
1006 1013 1082 1064 extat
1100 1007 1174 1078 quod
1191 1009 1278 1062 uoluit
1295 1022 1357 1063 esse
1373 1013 1521 1064 testamen·

88 1103 157 1166 ιιιιιι,
176 1097 310 1152 bonorum
328 1099 466 1168 possessio
483 1103 606 1168 petetur,
624 1100 649 1154 si
665 1113 733 1154 uero
751 1099 780 1153 id
797 1097 870 1168 quod
889 1098 1043 1167 exemplum
1062 1101 1133 1168 erat,
1158 1096 1289 1152 bonomm
1308 1099 1447 1168 possessio
1464 1098 1522 1168 peti

88 1203 144 1243 non
163 1188 273 1258 poterit,
291 1193 323 1242 ut
340 1188 506 1257 Pomponius
523 1188 640 1258 scripsit
673 1187 768 1257 Exigit
784 1191 907 1257 praetor,
925 1190 958 1241 ut
973 1187 1011 1256 is,
1030 1187 1109 1241 cuius
1127 1186 1259 1242 bonorum
1276 1187 1415 1256 possessio
1433 1187 1521 1258 datur,
1542 1201 1569 1240 ro

88 1283 209 1354 utroque
226 1281 349 1346 tempore
367 1278 410 1331 ius
427 1277 586 1332 testamenti
603 1275 721 1331 faciendi
739 1273 877 1345 habuerit,
901 1281 930 1329 et
951 1289 1013 1330 cum
1036 1272 1104 1330 iacit
1125 1279 1320 1331 testamentum
1338 1281 1446 1332 etcum
1465 1291 1522 1332 mo·

89 1367 167 1421 titur.
194 1365 309 1435 proinde
327 1365 351 1420 si
369 1365 494 1435 impubes
517 1367 561 1421 nei
583 1364 702 1420 furiosus
726 1365 771 1418 uel
794 1364 855 1433 quis
878 1364 947 1419 alius
969 1379 1004 1420 ex
1022 1363 1065 1418 bis
1083 1365 1130 1434 qui
1146 1369 1340 1420 testamentum
1358 1363 1450 1420 iacere
1467 1381 1522 1422 non

89 1458 208 1525 possum
225 1459 420 1510 testamentum
438 1453 542 1524 fecerit,
560 1453 659 1510 deinde
677 1453 781 1509 babens
798 1453 957 1508 testamenti
974 1451 1121 1509 factionem
1139 1453 1297 1524 decesserit,
1314 1455 1372 1523 peti
1389 1453 1522 1510 bonorum
1551 1471 1554 1477 ·

89 1543 230 1614 possessio
248 1558 301 1598 non
319 1544 428 1612 poterit.
457 1543 506 1598 sed
525 1549 554 1598 et
571 1543 595 1598 si
613 1541 685 1598 filius
702 1541 820 1597 familias
837 1545 939 1612 putens
960 1556 990 1596 se
1012 1540 1253 1612 patremfamilias
1271 1547 1465 1599 testamentum
1484 1542 1521 1599 le·

90 1633 171 1702 serit,
196 1631 296 1688 deinde
315 1633 410 1687 mortis
427 1638 551 1702 tempore
569 1635 647 1702 pater
664 1630 781 1686 familias
797 1631 967 1700 inueniatur,
990 1645 1045 1686 non
1064 1636 1157 1702 potest
1173 1631 1306 1688 bonorum
1324 1633 1463 1702 possessio
1480 1647 1522 1688 se·
1541 1645 1570 1686 ιι

90 1721 211 1776 cundum
229 1722 329 1776 tabulae
346 1721 413 1791 peti.
441 1722 490 1776 sed
508 1722 532 1776 si
549 1719 621 1776 filios
639 1719 755 1776 familias
780 1723 927 1774 ueteranus
949 1719 985 1775 de
1008 1721 1141 1777 cestrensi
1162 1719 1260 1792 faciat,
1284 1721 1383 1778 deinde
1406 1723 1522 1778 emanci-

90 1819 172 1882 patus
189 1811 235 1864 uel
253 1811 321 1864 alias
338 1815 417 1880 pater
434 1807 552 1865 familias
569 1808 659 1866 faetus
677 1808 807 1878 decedat,
825 1814 919 1878 potest
936 1809 996 1864 eius
1014 1807 1145 1866 bonorum
1164 1811 1303 1880 possessio
1320 1811 1386 1881 peti.
1414 1811 1480 1866 sed¹
1499 1812 1523 1867 si

91 1901 151 1970 quis
169 1903 286 1969 utroque
304 1905 427 1968 tempore
445 1899 603 1954 testamenti
620 1897 766 1954 lectionem
783 1897 916 1968 habuerit,
934 1899 1025 1954 medio
1037 1902 1161 1970 tempore
1172 1915 1227 1955 non
1239 1899 1372 1968 babuerit,
1390 1899 1522 1956 bonorum

90 1989 230 2059 possessio
247 1987 399 2043 secundum
416 1987 525 2044 tabulas
542 1988 600 2058 peti
617 1987 726 2058 poterit
763 1984 792 2041 Si
810 1986 872 2056 quis
890 1994 980 2043 antem
999 1991 1193 2044 testamentum
1212 1987 1321 2059 iecerit,
1339 1989 1439 2044 deinde
1457 1989 1523 2044 ami·

91 2078 155 2132 serit
172 2077 333 2132 testamenti
349 2076 496 2132 factionem
519 2078 564 2132 uel
586 2075 677 2132 furore
699 2078 745 2132 nel
768 2077 841 2146 quod
864 2077 890 2132 ei
913 2075 992 2132 bonis
1010 2077 1183 2132 interdictum
1202 2083 1259 2148 est,
1280 2084 1373 2148 potest
1389 2079 1448 2134 eius
1466 2079 1523 2149 peti
1541 2089 1570 2129 ao

91 2165 223 2222 bonorum
241 2167 389 2236 possessio,
409 2165 473 2236 quia
490 2167 549 2220 iure
566 2170 761 2222 testemonium
781 2167 840 2221 eius
857 2166 947 2221 ualet:
965 2173 995 2221 et
1005 2165 1058 2221 boe
1069 2167 1232 2236 generaliter
1244 2167 1279 2222 de
1291 2167 1418 2223 omnibus
1429 2167 1521 2224 buina-

91 2256 163 2312 modi
181 2255 290 2324 dicitur,
309 2256 355 2324 qui
373 2256 501 2310 emittent
518 2256 613 2310 mortis
625 2264 635 2322 ιι
650 2256 790 2326 tempote¹
807 2256 966 2310 testamenti
983 2253 1138 2324 lectionem,
1157 2255 1207 2311 sed
1225 2261 1288 2310 ante
1306 2255 1409 2312 factum
1427 2271 1521 2313 eorum
1538 2257 1618 2310 t1tt'

91 2349 285 2400 testamentum
304 2345 386 2399 ιιιιιι.
413 2343 442 2399 Si
461 2345 554 2414 linum,
573 2359 628 2413 quo
646 2344 748 2413 ligatae
766 2347 831 2399 sunt
847 2343 967 2413 tabulae,
985 2344 1101 2399 incisum
1119 2346 1163 2414 sit,
1182 2345 1327 2414 siquidem
1340 2347 1409 2400 alius
1426 2351 1522 2402 ιοιιιιι

91 2435 259 2490 uoluntatem
276 2434 417 2488 testatoris
434 2433 575 2502 inciderit,
600 2432 731 2492 bonorum
756 2433 895 2502 possessio
916 2431 975 2502 peti
995 2436 1102 2502 potest:
1126 2433 1200 2502 quod
1223 2435 1247 2488 si
1271 2433 1330 2504 ipse
1352 2437 1469 2488 testator
1491 2433 1521 2489 id

90 2521 192 2593 lecerit,
210 2537 266 2578 non
284 2522 413 2577 uidentur
429 2523 554 2592 signatae
572 2525 601 2576 et
617 2521 680 2576 ideo
698 2521 831 2578 bonorum
849 2522 987 2592 possessio
1005 2523 1063 2591 peti
1081 2535 1135 2578 non
1152 2527 1253 2592 potest.
1287 2521 1317 2578 Si
1334 2537 1413 2577 rosae
1431 2523 1486 2577 sint
1502 2538 1521 2578 a
1538 2531 1567 2573 ιι

90 2611 212 2668 nuribus
229 2610 340 2666 tabulae
358 2613 402 2666 uel
419 2611 504 2666 linum
523 2611 601 2665 aliter
618 2616 728 2680 ruptum
751 2611 796 2666 uel
818 2615 958 2666 uetustate
979 2608 1163 2681 putrefactum
1186 2612 1230 2666 uel
1253 2611 1307 2666 situ
1326 2611 1368 2665 uel
1387 2626 1467 2680 omn,
1491 2615 1521 2666 et

90 2703 127 2756 ιιι
143 2701 276 2757 uidentur
293 2700 403 2756 tabulae
421 2701 554 2770 signatae,
573 2700 691 2754 maxime
709 2701 733 2754 ιι
750 2715 887 2770 proponas
905 2700 950 2754 uel
968 2715 1052 2754 unum
1070 2699 1155 2754 linum
1174 2705 1276 2755 tenere.
1303 2700 1327 2754 si
1339 2703 1381 2754 ter
1393 2699 1463 2755 forte
1474 2701 1519 2756 uel

90 2795 186 2859 qnater
202 2789 289 2844 linem
306 2795 381 2844 esset
396 2789 620 2858 circumductum,
638 2788 784 2844 desudem
803 2791 847 2844 est
863 2789 986 2858 signatas
997 2787 1106 2844 tabulas
1122 2789 1198 2844 eios³
1210 2793 1312 2859 extare,
1331 2789 1456 2858 quamuis
1473 2790 1518 2844 uel

90 2879 174 2936 incisa
192 2879 237 2934 uel
254 2892 318 2933 rosa
335 2877 372 2931 sit
388 2893 452 2946 pars
469 2877 541 2932 unit
1537 2887 1566 2929 sa

138 2969 219 3024 ιιιιι
236 2967 305 3022 libro
323 2965 552 3036 quadragensimo
569 2965 657 3036 prium
675 2965 711 3022 ad
728 2966 857 3022 edictum.
885 2965 1089 3035 Aequissimum
1101 2965 1223 3022 ordinem
1235 2969 1345 3036 praetor
1362 2962 1557 3051 QX

90 3063 200 3113 secutus
218 3061 275 3112 est:
297 3056 386 3111 uoluit
401 3056 474 3110 enim
491 3056 580 3125 primo
598 3055 633 3110 ad
651 3054 751 3110 liberos
768 3055 899 3110 bonomm
918 3056 1119 3124 possessionem
1137 3054 1357 3112 comestabulas
1374 3058 1518 3129 pertinere,

90 3161 165 3216 mox,
189 3145 214 3201 si
237 3145 301 3200 iude
324 3159 379 3200 non
401 3145 438 3200 sit
459 3149 606 3214 occupata,
629 3143 759 3199 indicium
783 3142 906 3200 defuncti
928 3143 1106 3214 sequendum.
1137 3145 1315 3214 exspectandi
1335 3145 1419 3215 igitur
1440 3146 1528 3205 liberi,

90 3241 181 3306 erunt,
199 3233 332 3305 quamdiu
350 3234 481 3290 bonorum
499 3233 701 3304 possessionem
719 3238 813 3302 petere
830 3237 959 3303 possunt:
982 3233 1057 3302 quod
1079 3234 1103 3288 ιι
1120 3238 1230 3304 tempos
1247 3232 1330 3288 fuerit
1346 3233 1452 3290 finitum
1470 3240 1519 3291 ant

90 3331 151 3380 ante
169 3324 341 3379 decesserint
357 3324 402 3378 uel
419 3322 624 3393 repudiauerint
646 3322 690 3377 uel
713 3322 757 3376 ius
773 3321 908 3392 petendae
926 3321 1060 3378 bonorum
1077 3323 1259 3393 possessionis
1277 3323 1428 3394 amiserint,
1451 3328 1519 3381 tunc

90 3419 242 3470 reuertetur
264 3412 396 3468 bonomm
419 3412 557 3482 possessio
582 3410 617 3465 ad
640 3411 766 3480 scriptos.
802 3409 832 3466 Si
854 3409 906 3466 sub
929 3411 1089 3468 condicione
1112 3410 1192 3467 heres
1213 3412 1355 3468 institutus
1378 3411 1450 3469 filius
1473 3413 1517 3484 ιιι,
1536 3425 1565 3466 ιι

88 3504 210 3560 lulianus
227 3517 364 3572 peraeque
382 3501 491 3571 putauit
513 3499 664 3554 secundom
687 3497 796 3554 tabulas
819 3504 973 3570 competere
996 3500 1022 3554 ei
1045 3501 1123 3570 quasi
1141 3501 1243 3571 scripto
1261 3500 1392 3556 bonorum
1410 3517 1518 3572 posses·

89 3594 202 3662 donem,
220 3591 397 3662 qualisqualis
415 3588 539 3644 condicio
557 3588 602 3656 ιιι,
620 3589 702 3644 etiam
721 3589 745 3642 si
762 3587 831 3643 haee
850 3588 880 3642 'si
898 3588 977 3644 nauis
995 3605 1030 3644 ex
1049 3589 1117 3644 Asia
1134 3589 1261 3645 uenerit':
1283 3595 1311 3645 et
1328 3591 1453 3660 quamuis
1471 3591 1517 3647 de-

89 3680 184 3738 iecerit
200 3681 334 3747 condicio,
351 3684 462 3750 praetor
479 3683 572 3732 mmen
589 3675 683 3747 filium,
702 3677 749 3747 qui
767 3677 908 3732 admiserit
925 3678 1075 3734 secundum
1094 3679 1210 3746 tabulas,
1228 3680 1298 3734 tueri
1314 3677 1426 3735 debebit
1443 3695 1476 3734 ao
1494 3680 1518 3736 si

89 3777 184 3827 cauma
200 3769 310 3824 tabulae
328 3767 478 3838 acceperit:
497 3781 568 3835 quae
586 3767 665 3821 tuitio
684 3766 709 3820 ei
726 3767 774 3835 qui
792 3767 980 3836 emancipatus
998 3772 1042 3822 est
1059 3768 1214 3823 necessaria
1231 3773 1281 3822 est.
1308 3769 1428 3838 Proque
1444 3769 1517 3839 quis·

89 3877 138 3931 que
157 3865 238 3930 parte
256 3858 335 3914 heres
353 3857 471 3926 scriptus
489 3861 539 3923 est,
557 3869 608 3925 pro
625 3869 660 3909 ea
677 3855 792 3924 accipiet
810 3855 942 3911 bonomm
960 3857 1170 3926 possessionem,
1187 3845 1228 3912 'sic
1245 3861 1345 3926 tamen,
1363 3863 1402 3928 ut,
1421 3858 1445 3912 si
1463 3872 1516 3914 oon
1535 3871 1564 3912 ιο

89 3951 122 4004 ιιι
139 3950 189 4020 qui
213 3948 239 4002 ei
257 3952 414 4016 concurrat,
437 3943 539 4000 babeat
560 3943 635 3998 solus
653 3942 786 4000 bonorum
803 3945 1021 4014 possessionem:
1044 3945 1175 4016 quamdiu
1198 3951 1290 4001 ιιιιιιιι
1313 3961 1347 4000 ex
1371 3945 1517 4002 heredibus

88 4054 157 4094 unus
177 4035 319 4105 deliberat,
337 4040 429 4091 utrum
448 4033 576 4089 admittat
588 4033 720 4088 bonomm
732 4033 934 4104 possessionem
947 4049 982 4090 an
994 4049 1057 4104 non,
1074 4035 1163 4104 portio
1175 4033 1306 4090 bonomm
1319 4035 1517 4105 possessionis⁸

88 4129 145 4183 eins
164 4124 294 4182 coheredi
311 4139 366 4180 non
384 4121 514 4180 defertur.
543 4121 573 4178 Si
590 4122 697 4178 Primus
715 4121 844 4192 quidem⁶
861 4121 1083 4186 itefsubstitutus
1101 4123 1145 4194 sit,
1163 4124 1188 4179 si
1204 4124 1276 4179 intra
1293 4123 1397 4194 decem,
1415 4123 1517 4180 Secun-

88 4233 290 4302 mosmos)

90 4379 98 4412 ¹
116 4383 145 4431 et
164 4384 213 4430 tas.
285 4376 297 4410 ¹
305 4377 363 4447 fiat
372 4377 448 4444 sm:
465 4373 513 4442 qui
531 4373 658 4428 amittant
671 4372 838 4442 [testamenti
849 4370 995 4427 factionem
1014 4387 1080 4426 casu
1099 4371 1203 4441 aliquo:
1221 4387 1276 4427 non
1293 4371 1403 4442 habent]
1422 4374 1517 4430 mortis

88 4453 211 4518 tempore
288 4446 386 4514 ⁸eius]
411 4443 494 4500 nihilo
517 4445 602 4499 ιιιιιιι
625 4445 670 4512 l=
691 4443 856 4510 mererium?
932 4443 1008 4499 ‘lini
1026 4448 1061 4512 (a.
1075 4443 1123 4510 i.)?
1199 4441 1361 4500 ‘bonomm
1378 4446 1517 4516 possessio

88 4517 242 4590 portionis?
311 4516 469 4571 ‘cuidami
752 4539 753 4542 ¹

89 4659 284 4717 ldesideriot
309 4661 336 4713 F
353 4663 416 4726 (em.
427 4661 463 4732 sl
533 4658 714 4726 docilisque
740 4659 777 4711 Ρ
829 4658 864 4713 28
887 4658 932 4713 uel
953 4658 1040 4713 incisa
1062 4657 1159 4710 om.F¹
1217 4659 1252 4713 29
1274 4658 1346 4729 rosa]
1369 4675 1434 4714 ress
1453 4659 1515 4726 F¹l

87 4735 103 4788 'l
115 4747 294 4802 suppremum
308 4731 334 4784 F
375 4727 520 4799 Squa'e'si
534 4735 727 4784 testamentum
741 4729 777 4782 ι’
828 4745 893 4799 pars
915 4730 971 4798 uni]
991 4730 1019 4794 F,
1041 4728 1089 4783 lini
1111 4743 1175 4798 pers
1196 4729 1228 4794 0,
1253 4729 1299 4785 lini
1318 4733 1464 4801 (empore)
1482 4733 1516 4798 1⁰,

89 4805 123 4860 10
148 4809 181 4857 nt
205 4804 248 4858 is*
273 4802 312 4856 ι’
383 4804 416 4857 11
439 4806 478 4856 *et
503 4809 574 4856 cum*
600 4801 713 4855 moritur
741 4801 777 4852 ιι
828 4817 892 4872 pars
911 4817 966 4856 nna
983 4805 1090 4855 tantum
1109 4799 1199 4867 DEQ,
1216 4817 1280 4871 pars
1297 4801 1344 4856 lini
1361 4805 1516 4868 tentumK,

88 4877 123 4930 13
135 4875 256 4946 petiam.
265 4873 301 4926 Ρ
346 4874 381 4928 16
397 4872 514 4940 tabulas]
529 4872 683 4938 DEQIGK,
696 4891 743 4924 oen.
757 4871 783 4925 F
828 4873 875 4928 lini
897 4889 961 4942 pars
984 4871 1217 4928 unatantum1⁵
1270 4874 1304 4928 el
1323 4873 1516 4960 qualisqualis⁴

87 4947 123 5002 18
133 4953 253 5016 unoque
265 4945 382 5014 tempori
391 4945 429 4998 F·
464 4943 610 5012 tolus-orel
623 4941 776 5012 lutorqu¹
829 4945 868 4998 F²
883 4946 888 5013 Ι
903 4951 932 5000 ιι
949 4963 998 4998 om.
1013 4944 1048 4996 ιι
1101 4945 1135 4998 41
1154 4943 1327 5014 possessione
1335 4943 1385 5001 s'm
1403 4945 1440 5000 pa

86 5016 542 5086 ibbonmlnilumfflllegateeli
570 5015 781 5072 stamineas
