3638 5460
249 270 367 338 XXXV
389 274 409 338 1
431 280 545 335 tra-56
924 269 1010 349 212
1498 291 1546 338 an
1568 289 1687 338 55555

249 429 366 500 reliqua:
391 429 540 486 deminutio
563 429 661 500 legati,
687 429 761 501 quod
779 435 910 488 sxhanec
928 435 1052 502 praestat
1068 430 1190 500 legatum
1198 433 1216 500 ¹,
1239 427 1347 502 proficit
1363 428 1420 485 tilio
1438 429 1473 484 ad
1491 427 1687 499 consequenda

218 525 231 572 1
252 518 347 588 solida,
366 520 479 588 quaesi
498 519 590 589 legata
608 523 680 575 suut.
718 519 895 590 Quacumque
913 535 948 575 55
966 536 1050 575 causa
1068 521 1159 590 legata
1176 535 1231 575 nou
1249 523 1430 590 praestantur,
1451 519 1623 589 imputantur
1640 517 1686 572 he·

252 607 309 662 redi
328 608 356 662 iu
367 613 499 676 'quartam
517 612 623 679 partem
641 623 712 678 quae
729 613 841 680 propter
858 610 947 680 legem
965 609 1114 665 Falcidiam
1133 623 1274 664 remanere
1292 609 1366 679 apud
1384 623 1446 664 eum
1464 606 1555 662 debet

194 693 232 752 53
304 695 418 752 Oeneus
435 696 504 753 libro
523 698 640 768 septimo
653 697 759 754 decimo
771 699 949 769 digestorum.
977 697 1006 754 Si
1018 702 1130 769 propter
1142 713 1183 768 ea,
1202 714 1274 769 5555
1286 699 1338 753 551)
1350 697 1509 754 5555151555
1528 689 1688 780 Q
1707 705 1731 759 Ε

250 785 343 856 legata
362 791 433 856 sunt,
451 787 554 857 pendet
570 787 640 856 legis
658 787 795 843 Falcidiae
813 789 891 858 ratio,
910 789 1048 857 praesenti
1067 788 1112 843 die
1130 787 1196 843 data
1214 803 1268 843 non
1285 792 1346 843 tota
1362 786 1583 843 uindicahuutnr.
1706 801 1719 840 s

194 872 233 931 54
262 946 264 950 .
303 875 484 932 1155555555
502 875 571 931 libro
589 876 684 946 quinto
703 876 809 931 decimo
827 877 1005 947 digestorum.
1039 875 1238 947 Panerotem,
1261 892 1295 932 55
1314 891 1369 947 555
1387 882 1442 932 tres
1461 875 1508 931 ba·
1526 867 1687 960 Q
1705 883 1731 936 11

250 964 334 1020 bebat
352 971 478 1037 nepotes,
502 963 630 1020 heredem
649 965 768 1020 instituit
784 963 903 1036 fideique
922 967 980 1021 eius
999 966 1147 1036 commisit,
1169 963 1337 1026 55155555
1355 966 1486 1021 alienaret
1504 960 1685 1020 51551515-

166 1123 171 1126 ,
250 1055 325 1109 51115
349 1070 411 1110 555
433 1055 611 1124 relinqueret:
638 1053 710 1109 tilius
733 1055 871 1111 decedens
893 1059 950 1111 tres
971 1053 1042 1110 lilios
1067 1053 1177 1110 scribsit
1199 1053 1323 1110 heredes.
1359 1054 1544 1124 quaerendum
1567 1059 1625 1122 est,
1650 1069 1686 1107 an

250 1145 360 1199 omnino
383 1144 462 1214 quasi
485 1144 633 1200 creditores
657 1145 845 1214 unusquisque
869 1145 897 1199 iu
920 1145 1025 1200 ratione
1048 1143 1118 1214 legis
1136 1143 1276 1199 Falcidiae
1301 1145 1403 1214 aliquid
1427 1144 1516 1215 possit
1538 1141 1686 1210 deducere,

250 1233 316 1303 5515
333 1234 361 1288 15
379 1237 516 1303 potestate
534 1249 585 1288 555
602 1232 699 1288 habuit
716 1239 803 1304 pater,
822 1235 866 1289 cui
884 1249 919 1289 er
936 1233 980 1288 his
997 1233 1090 1303 potius
1108 1233 1280 1303 relinqueret.
1308 1233 1357 1288 555
1376 1233 1428 1288 hac
1446 1233 1550 1288 ratione
1564 1245 1646 1286 nemo
1658 1231 1688 1285 iu
1706 1244 1753 1284 ro

250 1322 387 1378 Falcidiae
405 1323 510 1378 ratione
528 1324 673 1394 quicquam
691 1323 818 1378 deducet.
844 1323 918 1394 quod
936 1321 1094 1392 uidendum,
1112 1337 1147 1377 no
1166 1321 1233 1377 dure
1251 1324 1447 1378 constituaturr
1465 1323 1559 1392 551555
1571 1321 1645 1376 5515
1658 1319 1688 1374 15

251 1411 339 1468 alieno
358 1427 420 1467 aere
438 1411 534 1467 hahuit
552 1410 675 1482 155555,
695 1414 859 1468 necessitate
877 1413 979 1483 quippe
997 1411 1146 1468 obstrictus
1164 1409 1280 1466 fuisset¹
1297 1409 1360 1467 filiis
1377 1427 1440 1467 555
1458 1407 1637 1481 relinquendi.

195 1499 233 1558 55
304 1501 381 1556 1555
403 1500 472 1556 libro
495 1502 626 1557 uicesimo
644 1501 823 1572 digestorum.
860 1501 929 1558 Cum
947 1501 1021 1556 Titio
1038 1501 1067 1556 in
1084 1515 1170 1556 annos
1189 1499 1310 1570 singulos
1329 1500 1401 1556 dena
1417 1501 1510 1571 legata
1527 1493 1688 1584 Q
1706 1505 1752 1560 R·

251 1595 315 1646 sunt
333 1595 361 1646 et
378 1589 461 1645 iudex
479 1591 549 1660 legis
567 1591 704 1647 Falcidiae
722 1592 855 1648 rationem
875 1591 946 1646 inter
964 1590 1091 1646 heredem
1110 1595 1139 1645 et
1156 1590 1224 1645 alios
1241 1591 1388 1660 legatarios
1405 1590 1517 1659 haheat,
1542 1589 1608 1644 uiuo
1626 1589 1687 1658 551-

251 1680 313 1735 555
328 1679 401 1735 Titio
419 1680 489 1734 tanti
505 1680 581 1735 litem
600 1681 745 1736 aestimare
763 1680 871 1752 debeat,
889 1681 984 1752 quanti
1002 1680 1096 1735 555155
1113 1678 1142 1733 15
1159 1679 1280 1749 legatum
1299 1685 1399 1750 potest,
1417 1681 1445 1735 in
1462 1680 1567 1735 incerto
1585 1679 1687 1748 posito,
1706 1690 1773 1732 15

250 1768 381 1839 quamdiu
398 1769 521 1824 uicturus
540 1769 577 1824 sit
587 1769 691 1825 Titius:
710 1776 818 1826 mortuo
836 1775 927 1826 55155
940 1769 1013 1825 11515
1032 1785 1086 1825 555
1104 1767 1177 1824 51155
1194 1770 1311 1840 spectari
1323 1768 1413 1840 dehet,
1433 1783 1514 1840 5555
1527 1767 1593 1838 5515
1605 1766 1688 1822 heres

252 1872 287 1913 ex
305 1873 339 1912 oa
357 1873 441 1913 causa
459 1857 592 1914 debuerit

195 1947 234 2007 56
304 1947 381 2002 luem
398 1945 469 2002 libro
486 1947 619 2002 uicesimo
637 1947 758 2004 secundo
776 1947 955 2019 digestorum.
989 1947 1057 2003 tlnm
1076 1962 1130 2016 quo
1149 1945 1184 2002 de
1201 1947 1311 2018 peculio
1328 1947 1373 2017 agi
1391 1950 1506 2017 poterat,
1526 1937 1687 2030 Q
1703 1955 1783 2009 Ε·

252 2034 331 2091 heres
355 2036 482 2091 creditori
504 2036 624 2092 exstitit:
649 2038 770 2108 quaeris,
795 2039 873 2094 euius
896 2037 1027 2108 temporis
1049 2037 1185 2108 peculium
1204 2037 1356 2108 computari
1374 2041 1499 2107 oporteat
1516 2036 1544 2090 iu
1561 2034 1687 2090 Falcidia

252 2126 322 2196 lege.
355 2125 478 2196 plerique
495 2130 606 2196 putant,
629 2126 702 2196 qood
721 2131 787 2182 tunc
804 2127 833 2182 in
850 2127 958 2198 peculio
976 2125 1071 2197 iuer-it,
1089 2142 1151 2182 cum
1170 2125 1290 2181 adiretur
1307 2125 1458 2196 hereditas,
1476 2123 1686 2194 inspiciendum.
1705 2140 1750 2180 ι
1766 2141 1815 2180 ο

253 2230 305 2286 ego
329 2213 439 2284 dubito,
463 2215 591 2285 quoniam
615 2217 710 2272 mortis
734 2219 843 2286 tempus
861 2216 889 2271 in
907 2216 1013 2270 ratione
1030 2216 1099 2286 legis
1117 2215 1254 2271 Falcidiae
1272 2215 1392 2271 ineunda
1408 2215 1513 2286 placuit
1529 2213 1686 2270 obseruari:

253 2304 319 2375 quid
339 2305 411 2360 5515
430 2303 556 2375 interest,
579 2306 716 2375 peculium
735 2305 808 2360 serui
826 2309 1021 2376 postmortem
1040 2305 1181 2361 creditoris
1200 2305 1369 2360 deminutum
1388 2305 1424 2359 sit
1441 2319 1477 2359 an
1494 2303 1603 2360 debitor
1619 2319 1687 2373 pau·

220 2408 233 2454 1
252 2395 342 2465 perior
359 2393 449 2450 iactus
468 2395 523 2450 sit?
550 2393 657 2464 Aliquis
675 2393 762 2450 dicet:
781 2394 900 2464 quidex
919 2394 1067 2465 contrario,
1086 2395 1109 2449 si
1127 2400 1190 2450 ante
1209 2394 1312 2450 aditam
1329 2393 1506 2449 hereditatem
1526 2393 1688 2463 adquisierit

253 2483 370 2540 seruus?
400 2488 428 2538 et
452 2497 504 2552 ego
523 2499 666 2554 quaeram,
685 2483 725 2538 'si
743 2483 888 2554 debitoris,
911 2485 1042 2553 5515555
1061 2499 1115 2540 non
1134 2489 1192 2539 erat
1209 2483 1353 2553 soluendo,
1378 2483 1523 2554 ampliatae
1539 2480 1687 2537 facultates

252 2571 383 2630 fuerunt?
410 2577 518 2629 etcum
538 2573 565 2628 in
583 2573 637 2627 isto
655 2573 788 2642 placuerit
806 2587 840 2628 ex
857 2578 921 2644 post
938 2571 1012 2629 tacto
1030 2573 1182 2628 uberiorem
1201 2573 1289 2628 uideri
1301 2571 1386 2627 151555
1398 2571 1586 2642 hereditatem,
1605 2571 1687 2626 sicuti
1731 2579 1815 2621 ⁵

253 2677 315 2718 cum
334 2661 457 2718 condicio
475 2661 572 2717 crediti
590 2662 696 2717 exstitit
713 2667 776 2732 post
794 2667 922 2734 mortem,
946 2663 985 2717 ita
1003 2663 1086 2718 etiam
1104 2663 1203 2734 peculii
1220 2663 1416 2718 incrementum
1435 2661 1584 2732 pleniorem
1603 2659 1686 2715 iaciet

220 2759 235 2803 a
253 2750 441 2806 hereditatem.
479 2749 636 2807 Sonnuoua
654 2756 746 2806 notat:
771 2751 837 2822 quid
854 2767 933 2822 crgo,
952 2753 976 2807 si
993 2751 1066 2807 idem
1085 2761 1181 2808 seruus
1200 2751 1328 2808 defuncto
1347 2757 1376 2807 et
1393 2752 1439 2806 alii
1456 2751 1528 2806 dena
1545 2749 1642 2804 debuit
1659 2755 1687 2804 et

253 2857 309 2897 uua
331 2841 427 2896 decem
450 2839 565 2896 habuit?
595 2845 713 2911 augetur
735 2842 839 2897 scilicet
863 2847 891 2897 ct
913 2840 955 2896 his
977 2840 1129 2912 hereditas,
1153 2840 1262 2914 decern,
1286 2857 1357 2913 5555
1380 2837 1509 2896 defuncto
1527 2839 1687 2895 naturaliter

173 2931 175 2936 ’
221 2938 235 2983 8
254 2929 436 3000 debebantur,
460 2929 488 2984 iu
506 2928 657 2985 hereditate
675 2929 856 2986 manentibus.
893 2931 934 3000 15,
959 2929 1051 3000 quiin
1068 2929 1148 2986 bonis
1166 2945 1250 2986 unum
1269 2931 1413 2986 dumtaxat
1430 2945 1540 2986 seruum
1558 2927 1686 2998 habebat,

252 3019 357 3088 legauit
375 3035 436 3074 eum
449 3017 523 3074 litio
541 3023 569 3074 et
587 3017 651 3075 ridel
664 3020 724 3075 eius
737 3020 881 3090 commisit,
899 3024 931 3076 55
941 3025 1005 3090 post
1015 3021 1162 3076 triennium
1175 3021 1391 3076 manumitteret:
1408 3019 1493 3075 debet
1504 3033 1539 3074 er
1550 3033 1594 3089 ec,
1613 3016 1686 3088 5555

253 3108 361 3164 interim
380 3123 415 3163 ex
432 3108 522 3178 operis
540 3108 613 3163 serui
631 3108 667 3164 ad
679 3109 781 3164 litium
799 3109 942 3179 peruenire
959 3103 1059 3180 potest,
1077 3115 1176 3181 quarta
1193 3109 1266 3180 apud
1284 3109 1412 3164 heredem
1425 3123 1574 3178 remanere,
1592 3121 1686 3178 5555-

254 3195 400 3253 admodum
425 3197 448 3252 si
471 3197 575 3253 directo
596 3201 661 3268 post
684 3198 829 3254 triennium
853 3193 934 3254 seruo
956 3197 1109 3255 libertatem
1135 3199 1257 3254 dedisset
1280 3200 1393 3270 eiusque
1415 3215 1494 3255 5555
1518 3195 1638 3253 fractum
1661 3197 1687 3252 ei

220 3291 236 3338 4
253 3285 382 3356 legasset,
401 3291 449 3341 aut
466 3285 492 3341 ei
509 3287 703 3356 proprietatem
722 3303 772 3358 per
789 3286 1028 3344 fideicommissum
1043 3289 1171 3359 relinquit
1177 3291 1196 3344 ⁴.
1224 3287 1346 3344 Stichum
1359 3287 1418 3359 tibi,
1436 3303 1517 3344 seruo
1528 3293 1578 3342 tuo
1590 3286 1686 3342 decern

253 3375 357 3446 legauit
373 3376 418 3431 uel
436 3380 531 3431 oontm
548 3375 598 3430 tibi
616 3375 721 3446 decem,
740 3391 821 3432 seruo
838 3381 886 3432 tuo
905 3363 1036 3448 Stichum,
1054 3377 1264 3449 libertatemque
1281 3376 1367 3434 Stichi
1384 3375 1449 3432 fidei
1466 3377 1526 3433 eius
1541 3375 1686 3432 commisit

253 3467 297 3520 155
309 3465 432 3521 Falcidia
450 3466 547 3522 515515
560 3466 664 3537 legata:
684 3465 817 3521 redimere
831 3466 865 3521 ab
877 3465 978 3522 herede
990 3472 1094 3538 partem
1108 3466 1200 3537 debes,
1219 3467 1448 3538 quemadmodum
1461 3467 1485 3522 si
1496 3465 1547 3522 tibi
1560 3465 1572 3538 1
1585 3471 1686 3522 oham·

221 3559 235 3606 5
254 3569 308 3626 555
325 3555 453 3624 legasset.
481 3554 597 3626 Saepius
615 3556 715 3625 euenit,
734 3571 769 3610 ne
783 3557 995 3612 emolumentum
1008 3557 1068 3612 5155
1079 3557 1148 3628 logis
1160 3557 1239 3613 heres
1251 3561 1446 3626 consequatur:
1465 3571 1529 3611 nam
1541 3556 1565 3610 si
1578 3561 1687 3612 centum

255 3659 398 3700 aureorum
417 3645 543 3700 dominus
560 3645 658 3715 uiginti
676 3645 796 3716 5515555
814 3645 894 3702 511551
912 3645 1035 3702 dedisset
1053 3650 1160 3702 55555
1179 3647 1328 3702 instituerit
1345 3645 1472 3702 heredem
1484 3651 1513 3701 et
1524 3644 1687 3701 dodrantem

254 3743 457 3813 5555155)

256 3870 265 3904 ¹
284 3867 435 3924 deminutio
525 3868 658 3940 legatum]
681 3868 755 3938 quod
778 3873 908 3924 55155555
934 3874 1058 3940 praestat
1082 3871 1205 3940 legatum
1232 3875 1363 3940 patronos
1390 3869 1563 3926 dimidiatum
1586 3872 1623 3936 (5.
1642 3869 1690 3934 111

255 3938 267 3974 ¹
285 3937 391 4010 1515555]
410 3939 530 3996 551551
600 3941 611 3976 ⁸
629 3939 695 4010 quid
714 3948 762 3994 tas.
781 3937 863 4008 (Hal.)
933 3943 945 3976 ⁴
963 3941 1053 3996 55551
1071 3941 1266 4012 proprietatem
1283 3957 1332 4012 per
1349 3939 1590 3996 fideicommissum
1608 3941 1689 3996 reliu-

255 4010 316 4080 quit
334 4013 380 4066 det.
399 4013 535 4084 (ploeaema
552 4013 655 4066 uidetur
673 4012 830 4083 adscriptam
848 4013 884 4066 ad
900 4013 979 4066 uerba
997 4034 1021 4067 5.
1033 4012 1070 4066 30
1086 4014 1190 4083 legauit
1207 4029 1270 4068 eum
1288 4013 1373 4081 Titio)

256 4143 271 4197 1
290 4143 364 4212 quod
377 4147 508 4200 55555555
519 4148 643 4213 praestat
654 4143 786 4214 legatum]
798 4144 854 4209 FF,
872 4145 946 4214 quod
998 4153 1088 4218 neptae
1105 4149 1286 4203 5550515515
1305 4147 1371 4215 (ohe.
1383 4147 1425 4212 25,
1438 4147 1502 4216 at).-
1519 4165 1581 4200 555
1596 4154 1689 4219 patro·

255 4214 334 4286 (quid
346 4216 387 4282 D)
400 4222 531 4272 extraneo
543 4220 666 4286 praestat
678 4217 888 4286 (praestolato)
900 4217 950 4271 D!
998 4238 1057 4272 uam
1076 4219 1218 4274 Falcidiam
1237 4219 1359 4273 dedocere
1382 4220 1457 4274 aliter·
1475 4225 1501 4271 ta
1519 4221 1603 4290 leyoto
1623 4219 1697 4290 qood

255 4287 293 4354 (iu
311 4307 369 4339 mar
388 4307 408 4340 ..·
426 4287 600 4358 marthure]
619 4286 662 4342 hic
679 4287 799 4358 legatum
813 4289 944 4344 cancella·
989 4291 1051 4360 filio
1070 4291 1157 4344 daturo
1170 4297 1214 4354 eet,
1233 4292 1308 4344 aliter·
1320 4297 1346 4342 ira
1358 4291 1442 4361 lepato
1455 4295 1576 4354 eatraaei,
1594 4293 1692 4344 scilicet

255 4357 306 4422 uit)
332 4307 395 4413 CX:
422 4358 454 4413 τὸ
477 4360 633 4422 5515155555
656 4359 723 4430 55ρὰ
747 4359 795 4422 ro?
820 4358 945 4422 ὲξωτικοῨ
998 4367 1121 4432 quatenoc
1137 4361 1185 4416 too
1203 4363 1277 4424 ualet,
1295 4367 1420 4415 rationem
1437 4379 1487 4413 nou
1505 4359 1588 4416 habet.
1615 4379 1693 4416 caesa

256 4429 424 4493 crutthterar
443 4432 483 4500 τῷ
502 4431 550 4498 γῑῷ
570 4431 607 4485 cic
629 4429 660 4484 τὸ
682 4432 770 4486 tutela
794 4431 894 4486 τὲλειοκ
913 4430 945 4486 τὸ
998 4439 1082 4485 autem
1100 4431 1142 4486 tric
1159 4437 1210 4486 eet:
1228 4432 1332 4486 libertae
1350 4431 1445 4486 habena
1461 4431 1532 4487 005
1549 4433 1620 4504 hyat
1628 4435 1690 4506 filio

253 4500 321 4554 itroe
340 4501 451 4566 tara'roe
471 4504 497 4556 B
514 4503 634 4567 (Anca),
658 4502 691 4557 τὸ
708 4502 742 4556 ari
761 4501 861 4557 atterere
881 4513 944 4557 toa·
1000 4501 1090 4567 CXX,
1103 4509 1221 4557 55155555
1233 4501 1358 4558 CXXX:
1371 4509 1423 4557 tam
1436 4522 1491 4558 eam
1502 4521 1568 4574 pare
1580 4503 1691 4558 dimidia

256 4572 344 4628 eterra
368 4571 415 4627 rba
439 4571 563 4628 timuistis
587 4570 635 4636 οῨκ
659 4572 690 4626 td
712 4575 744 4629 τὸ
767 4573 945 4638 1551555551
997 4573 1168 4645 1515515511
1186 4573 1271 4628 LXV
1286 4593 1336 4627 noa
1357 4580 1501 4646 praestetur
1524 4581 1610 4645 utpote
1628 4577 1693 4630 data

256 4627 945 4720 5515556555Φ51κ1115115105ν.);555551-
999 4663 1028 4699 ec
1044 4651 1161 4715 portione
1179 4645 1277 4709 debita,
1312 4652 1417 4699 5155555
1436 4645 1603 4700 1555551511
1621 4649 1643 4700 le
1661 4665 1689 4700 a·

256 4716 330 4769 detor
342 4723 476 4788 5511551555
487 4716 634 4782 Marcellae,
653 4719 830 4788 compilatores
848 4723 946 4772 matare
998 4721 1194 4770 toramnomiua
1208 4715 1288 4770 CLX
1315 4713 1381 4780 XV,
1398 4717 1497 4788 reliqua
1511 4715 1625 4770 latera
1659 4716 1689 4782 V,

256 4786 395 4842 debuerant
414 4793 520 4859 propter
541 4795 626 4859 partia
649 4787 772 4843 dimidiae
790 4793 947 4854 mentionem,
1000 4805 1056 4841 eam
1078 4785 1196 4842 Falcidia
1220 4789 1317 4860 efficiat
1338 4785 1445 4842 LXIIS
1498 4787 1516 4840 3
1540 4793 1631 4856 qu*a⁴e
1653 4787 1689 4842 ΙΝ

256 4864 417 4912 mutauerant
440 4865 522 4912 autern
546 4866 642 4914 inscite.
673 4866 808 4931 proetma
830 4878 947 4914 aurunco
999 4855 1515 4926 4551555]1”555Β.·Κὲ1155γ,15555
1530 4859 1583 4911 F1:
1601 4879 1626 4914 5.
1643 4859 1688 4914 od·

258 4933 572 5002 quamqaomcoufirmout
585 4929 681 4986 055551
695 4931 808 5002 defendit
841 4948 948 5002 eaaper
999 4935 1151 4983 notationem
1165 4931 1203 4984 ad
1232 4929 1353 4994 .211,37
1385 4930 1419 4984 16
1428 4927 1521 5000 dehet]
1530 4923 1687 4987 debeam*
1812 4935 1815 4944 '

259 4949 946 5075 55551585151511Ρ5155111511555111511175155-
999 4999 1035 5055 25
1052 4997 1152 5056 luerint
1169 5001 1207 5052 F¹
1271 5000 1306 5056 31
1325 4999 1369 5071 ad]
1389 5005 1419 5056 51
1435 4999 1462 5052 F
1802 5021 1803 5026 ¹

257 5090 305 5126 aaa
321 5091 348 5143 p.
360 5071 408 5142 80)
425 5079 514 5142 perite,
532 5079 615 5129 tamen
627 5082 711 5146 mepte
723 5073 875 5128 crediderim
888 5091 943 5128 cor·
