3614 5460
80 295 128 344 ιιι
150 295 356 344 somnusue
378 295 592 346 sonusnuurs
667 229 670 234 Ι
751 269 838 350 809
897 259 901 272 ”
1032 349 1035 358 ,
1137 271 1331 341 xxxxvur
1352 273 1373 340 5
1395 279 1511 335 16-18

80 434 198 492 habetur
220 437 263 503 (nt
284 438 354 506 puta
377 434 424 505 qui
446 434 474 490 in
495 434 624 505 uigilibus
642 436 687 506 uel
705 433 817 491 urbanis
835 435 933 492 castris
951 434 1072 504 militat),
1096 431 1242 488 dicendum
1261 436 1305 487 est
1322 429 1421 486 deferri
1439 429 1511 486 hunc

44 533 62 579 4
80 540 178 596 posse:
196 539 285 596 neone
303 524 375 580 enim
393 522 517 581 laborare
534 525 626 598 babet,
645 531 676 582 ut
693 541 724 582 se
741 528 936 596 repraesentet.
964 524 1001 578 Et
1018 523 1181 594 generaliter
1198 520 1344 578 dicendum
1362 525 1406 576 est
1417 533 1512 576 sorum

81 614 193 670 demum
211 613 363 670 absentiam
383 618 542 670 excusatam
561 630 635 685 sese,
656 615 704 686 qui
722 615 750 670 in
768 613 822 670 alia
838 613 979 685 prouincia
996 614 1036 668 rei
1053 610 1179 683 publicae
1197 625 1282 666 causa
1298 609 1411 679 absunt,
1429 625 1511 680 qnam
1625 643 1629 652 .

80 705 111 760 in
128 718 162 758 ca
178 705 206 758 in
224 719 280 773 qua
297 701 464 759 deferuntur.
491 704 605 774 proinde
623 705 646 760 si
665 705 727 776 qnia
744 704 773 760 in
790 703 940 774 prouincia,
957 703 986 758 in
1003 717 1059 772 qua
1076 702 1143 772 agit,
1161 701 1325 756 adulterium
1337 699 1512 769 commiserit,

46 802 62 850 t
82 793 206 849 murari
224 793 333 864 poterit,
351 792 403 848 nisi
421 793 458 847 sit
475 807 509 848 ea
526 808 653 863 persona,
670 809 742 864 quae
761 793 797 849 ad
813 793 947 864 praesidis
965 792 1148 861 cognitionem
1166 805 1222 846 non
1234 789 1360 860 pertinet.
1388 787 1417 844 Si
1429 803 1511 858 nega-
1530 798 1544 841 ι

82 883 173 938 nerint
191 896 222 936 ee
239 887 318 951 pater
335 885 364 936 st
382 882 496 938 maritus
514 888 689 938 recusaturos
707 883 779 938 intra
796 882 868 940 diem
887 882 1118 951 sexagensimum,
1136 897 1172 936 an
1190 879 1283 936 statim
1301 879 1434 948 incipiant
1444 883 1512 934 tem·

81 986 151 1042 pora
172 975 303 1026 exbaneo
325 970 444 1026 sedere?
475 975 504 1026 et
526 971 630 1042 primus
648 972 814 1042 Pomponius
836 975 917 1042 putat
939 971 1046 1026 admitti
1070 970 1105 1025 ad
1127 969 1330 1025 accusationem
1352 973 1512 1024 exuanenm

82 1074 165 1132 posse
183 1059 277 1116 statim
296 1064 379 1129 atoue
397 1059 443 1116 isti
461 1061 630 1130 negauerint.
658 1060 703 1116 oni
720 1059 929 1116 adsentiendum
947 1065 1028 1130 puto:
1051 1058 1237 1116 iordusenim
1255 1057 1355 1114 dicitnr
1371 1073 1448 1127 eum,
1466 1057 1513 1127 qni

48 1159 64 1206 ι
82 1165 111 1204 ιιι
129 1149 273 1218 uegauerit
290 1153 424 1218 acturum,
441 1153 540 1218 postea
556 1165 612 1206 uon
629 1149 805 1206 audiendum.
836 1151 894 1206 Lex
912 1148 1033 1206 iuliade
1051 1149 1190 1204 adulteriis
1208 1148 1362 1218 specialiter
1379 1147 1512 1217 quosdam

82 1238 211 1296 adulterii
229 1251 359 1294 aocusuc
376 1236 510 1308 probibet,
529 1243 561 1294 ut
578 1237 709 1294 minorem
728 1239 807 1294 annis
824 1238 922 1310 uiginti
940 1238 1073 1308 quinque:
1092 1252 1143 1294 nec
1161 1238 1233 1294 enim
1251 1237 1327 1293 uisus
1345 1237 1514 1294 estidoneus
1533 1246 1561 1287 ιο

82 1333 242 1398 ιιιιιιιιοι,
266 1327 313 1398 qui
336 1325 458 1382 nondum
482 1325 611 1382 robustas
629 1328 730 1384 aetads
748 1333 800 1384 est.
832 1327 906 1397 qnod
924 1327 964 1382 ita
981 1342 1077 1382 nerum
1094 1332 1150 1397 est,
1175 1327 1198 1382 si
1216 1341 1271 1382 non
1288 1327 1453 1382 matrimonii
1471 1327 1514 1382 eui

82 1417 209 1473 iniuriam
228 1420 392 1486 exequatur:
416 1419 537 1472 osterum
555 1415 579 1471 si
597 1431 678 1472 suurn
696 1417 897 1472 matrimonium
915 1416 1054 1472 uindicare
1072 1417 1152 1486 uelit,
1171 1415 1297 1488 quamuis
1314 1415 1373 1471 iure
1391 1416 1514 1472 extranei

82 1505 120 1562 sd
137 1505 339 1562 accusationem
358 1505 461 1574 ueniat,
477 1509 570 1560 tamm
588 1505 727 1562 audietur:
746 1521 797 1561 neo
815 1506 886 1562 enim
905 1506 961 1562 ulla
978 1505 1156 1576 praescriptio
1170 1503 1288 1560 obicitur
1299 1519 1376 1560 suam
1389 1505 1514 1560 iniuriam

82 1593 242 1652 uindicanti.
269 1609 337 1648 sane
355 1594 379 1648 si
395 1593 516 1648 iuuenali
533 1591 664 1648 fusilitate
682 1594 782 1652 ductus
801 1596 845 1650 uel
863 1595 945 1652 stiam
964 1593 1072 1650 feruore
1090 1595 1190 1650 aetatis
1208 1609 1341 1652 accensus
1354 1593 1390 1649 ad
1402 1609 1514 1650 accusa·

82 1684 187 1740 tionem
204 1682 318 1752 prosilit,
335 1683 477 1738 mosanti
494 1682 520 1736 ci
537 1698 593 1738 non
610 1680 690 1738 facite
707 1684 860 1740 calumniae
877 1699 967 1754 poena
983 1683 1156 1755 irrogabitur.
1183 1683 1314 1739 minorem
1329 1683 1426 1754 uiginti
1437 1683 1514 1753 quiu-
1534 1691 1562 1734 ιι

50 1782 65 1828 ἰ
82 1788 138 1845 que
150 1773 229 1828 anuis
241 1772 324 1828 etiam
337 1786 400 1827 eum
413 1771 571 1842 accipimus,
583 1781 628 1844 qur·
639 1772 818 1842 uicensimum
830 1773 955 1844 quintum
968 1789 1068 1830 annum
1078 1772 1177 1830 aetatis
1185 1773 1251 1844 agit.
1274 1773 1515 1844 Raescdptiones,

83 1878 156 1934 qnae
179 1861 251 1918 obici
275 1863 364 1916 solent
388 1859 581 1916 moerentibus
600 1860 740 1932 adulterii,
761 1867 827 1917 ante
844 1863 934 1918 solent
951 1863 1079 1932 uectari,
1102 1878 1183 1932 quam
1202 1861 1263 1932 quis
1281 1861 1351 1917 inter
1368 1876 1430 1918 reos
1448 1861 1515 1916 reci-

50 1952 188 2023 epiatur:
211 1955 332 2007 ceterum
355 1957 536 2020 posteaquam
558 1950 644 2006 semel
667 1956 794 2022 receptus
813 1957 870 2020 est,
893 1967 949 2007 non
966 1956 1059 2022 potest
1075 1952 1315 2022 praescriptionem
1333 1950 1450 2007 obicere.
1486 1950 1516 2008 Si

83 2042 114 2097 in
132 2039 266 2096 uiduitate
285 2040 381 2096 mulier
398 2043 570 2109 perseuerat,
589 2040 617 2094 in
635 2040 803 2096 accusatorie
821 2045 864 2096 est
881 2039 1008 2111 arbitrio,
1027 2057 1044 2096 a
1061 2055 1116 2111 quo
1134 2041 1201 2096 uelit
1218 2039 1352 2111 incipere,
1370 2045 1462 2098 uuum
1479 2038 1516 2096 ab

51 2141 66 2188 ι
84 2129 211 2186 adultero
229 2145 265 2184 an
283 2128 319 2184 ab
337 2127 469 2184 adultera.
498 2126 528 2184 Si
546 2129 607 2199 quis
625 2133 654 2183 st
671 2128 822 2185 multorum
836 2134 865 2184 ct
876 2129 1028 2186 adulteram
1041 2129 1121 2185 simul
1134 2128 1240 2198 detulit,
1258 2128 1323 2186 nibil
1335 2130 1394 2200 agit
1404 2131 1516 2200 poterit
1534 2137 1563 2178 ²0

84 2233 154 2290 qne,
172 2219 252 2289 quasi
269 2223 397 2274 neutrum
415 2217 555 2288 detulerit,
574 2233 669 2272 rursus
687 2233 705 2272 a
722 2233 776 2288 quo
794 2219 861 2274 uelit
878 2219 985 2276 initium
1003 2217 1102 2289 lacere,
1121 2217 1187 2288 quia
1204 2217 1269 2274 nihil
1287 2218 1347 2288 agit
1363 2219 1452 2288 prima
1469 2218 1516 2274 de·

83 2309 196 2365 latione.

24 2395 67 2476 tc)
140 2395 291 2453 Uarrauue
312 2394 382 2450 libro
403 2395 491 2465 primo
514 2394 549 2449 de
573 2394 722 2450 adulteriis.
759 2395 811 2462 Qui
831 2396 910 2452 uxori
927 2396 1071 2467 repudium
1090 2395 1208 2466 miserit,
1232 2402 1327 2468 postes
1344 2391 1516 2480 Q
1534 2399 1570 2455 8·

85 2486 257 2555 denuntiare,
275 2500 310 2540 ne
327 2483 392 2540 Seio
409 2483 532 2554 nuberet,
550 2489 586 2554 ct,
605 2484 629 2538 si
647 2484 857 2553 denuntiarent,
875 2491 904 2540 et
922 2485 957 2540 ab
975 2500 1010 2542 ca
1026 2486 1146 2556 insipere
1164 2492 1264 2557 potest.
1534 2494 1565 2534 ιι

24 2577 69 2654 li)
139 2577 218 2632 Ioarr
241 2573 309 2630 libro
333 2573 454 2630 secundo
478 2573 515 2628 ad
537 2572 625 2642 legem
649 2573 746 2629 Inliam
768 2574 804 2630 de
822 2574 971 2630 adulteriis.
1008 2575 1191 2630 Denuntiasse
1210 2575 1326 2644 qualiter
1344 2571 1556 2661 ΜΒ

86 2665 263 2736 accipiamus,
281 2667 373 2720 nuum
391 2663 427 2718 ad
444 2661 563 2718 indicem
581 2679 616 2718 an
634 2677 700 2719 uero
718 2663 896 2734 simpliciter?
922 2677 983 2734 ego,
1002 2664 1056 2720 etei
1073 2678 1128 2720 non
1146 2662 1319 2720 denuntiauit
1336 2665 1372 2720 ad
1390 2665 1516 2737 iudicem,

24 2807 25 2812 ,
56 2767 68 2812 ι
86 2753 214 2813 sufficere
237 2753 333 2822 oredo,
357 2751 381 2806 si
398 2751 524 2807 adulterii
541 2767 572 2808 se
590 2757 714 2808 acturum
732 2751 942 2810 denuntiauerit.
979 2752 1051 2819 Quid
1069 2768 1147 2824 ergo,
1171 2754 1196 2810 si
1213 2769 1268 2810 non
1285 2753 1394 2824 uiridem
1414 2753 1517 2812 denun-

86 2845 182 2914 tiauit,
206 2858 302 2900 nerum
326 2841 443 2909 libellos,
454 2843 639 2898 amusatorios
657 2841 746 2914 dedit,
770 2848 916 2912 anmquam
935 2841 1064 2912 nuberet,
1087 2857 1188 2913 eaque,
1206 2859 1268 2899 cum
1286 2843 1315 2900 id
1333 2845 1517 2916 cognouisset,

87 2935 196 3005 nupsit,
214 2933 259 2990 uel
276 2931 427 3004 ignorans?
451 2935 520 3001 puto
538 2946 592 2986 non
610 2931 698 2986 uideri
715 2932 741 2986 ci
760 2931 963 2988 denuntiatum:
983 2931 1086 2988 idcirco
1104 2947 1159 2988 non
1175 2948 1259 3002 posse
1276 2939 1463 2992 accusatorem
1481 2933 1517 2990 ab

55 3035 122 3082 tea
139 3024 268 3094 incipere.
305 3021 375 3088 Quid
394 3036 474 3092 ergo,
493 3021 516 3076 si
534 3025 641 3076 tantum
659 3021 845 3091 denuntiauit,
863 3037 899 3076 nc
916 3020 1043 3092 nuberet,
1062 3021 1183 3078 sednon
1202 3021 1322 3094 addidit,
1341 3039 1434 3094 quare,
1452 3039 1517 3080 num
1536 3032 1566 3074 ³⁰

87 3119 163 3170 recte
187 3112 313 3182 nupsisse
332 3109 479 3166 uideatur?
511 3109 561 3166 sed
579 3110 675 3166 melius
693 3115 736 3166 est
753 3111 819 3166 illud
837 3111 929 3180 sequi,
953 3115 984 3166 ut
1001 3110 1061 3166 cius
1078 3109 1248 3166 denuntiatio
1264 3111 1392 3168 uideatur
1408 3112 1518 3170 electio-

24 3225 31 3236 ·
87 3219 152 3260 nem
171 3201 324 3258 ιιιιιιιιιοιί
342 3214 491 3270 reseruare,
510 3199 556 3270 qni
574 3208 677 3255 crimen
694 3199 876 3256 denuntiauit.
903 3200 1013 3256 omnino
1030 3199 1115 3270 igitur
1131 3199 1156 3254 si
1173 3197 1239 3255 iecit
1255 3199 1381 3257 adulterii
1398 3202 1518 3258 criminis
1564 3231 1567 3238 ·

87 3290 373 3350 commemorationem
391 3290 420 3344 in
438 3288 651 3359 denuntiatione,
669 3289 721 3344 etsi
738 3289 855 3344 indicem
872 3304 928 3345 non
939 3289 1109 3359 monstrauit,
1128 3290 1357 3360 magisputamus
1369 3291 1517 3362 mullerem,

57 3381 169 3454 ιιιιιιιί
192 3379 442 3436 denuntiationem¹
460 3378 653 3448 praecesserit,
676 3392 758 3448 posse
781 3379 913 3434 accusari.
949 3377 1020 3445 Quid
1039 3381 1132 3434 umen
1150 3379 1174 3434 si
1191 3379 1359 3450 specialiter,
1382 3395 1446 3436 cunr
1463 3395 1518 3451 quo

89 3469 253 3527 adulterium
271 3467 380 3538 iecerit,
403 3467 602 3524 denuntiationi
622 3468 781 3538 complexus
798 3473 855 3535 cet,
878 3483 941 3524 mox
959 3468 1025 3524 nelit
1043 3482 1104 3524 eam
1122 3482 1157 3523 ex
1175 3468 1286 3524 alterius
1304 3484 1422 3538 persona
1438 3485 1518 3526 accu-
1537 3479 1566 3522 ιι

58 3559 173 3618 aare?
200 3558 288 3628 magis
305 3563 356 3628 est,
374 3562 478 3614 utnon
496 3555 597 3612 debeat
614 3557 716 3613 audiri:
736 3558 916 3627 nequeenim
934 3557 1036 3614 odmen
1054 3557 1128 3628 qnod
1146 3557 1318 3613 denuntiauit
1335 3557 1427 3614 obicit.
1463 3558 1518 3614 Sed

89 3657 119 3706 ct
137 3650 161 3704 ei
177 3663 228 3718 per
244 3651 448 3718 procuratorem
467 3645 677 3716 denuntiauerit,
695 3651 762 3716 puts
779 3661 861 3716 posse
879 3661 942 3702 cnm
960 3648 1161 3704 assumtionem
1180 3647 1204 3702 si
1222 3647 1289 3702 nolit
1305 3647 1448 3704 instituere
1463 3646 1519 3704 sui-

59 3747 73 3794 t
90 3738 227 3808 ticenoque
244 3736 429 3808 procuratoris
447 3735 689 3792 denuntiationem.
726 3735 800 3806 Ergo
818 3741 846 3790 et
864 3735 888 3792 ei
905 3750 955 3806 per
972 3739 1079 3792 actores
1096 3735 1312 3806 denuntiassem,
1333 3737 1362 3792 id
1380 3741 1424 3794 est
1440 3736 1452 3806 li
1469 3753 1519 3809 per
1536 3743 1552 3792 t.
1562 3743 1608 3792 ott

59 3837 201 3886 tactuum
219 3826 347 3884 dominus
364 3825 580 3894 denuntiaucrit,
597 3829 658 3880 rata
675 3825 727 3880 erit
744 3824 922 3880 denuntiatio.
958 3825 1111 3896 Quaeritur,
1129 3843 1165 3882 an
1183 3827 1252 3882 alius
1271 3826 1431 3898 adulteram,
1449 3828 1519 3884 alins

90 3917 245 3974 adulterum
268 3916 408 3986 postulare
431 3915 532 3984 possit,
556 3918 600 3985 ut,
622 3915 749 3985 quamuis
773 3911 808 3970 ab
827 3913 923 3970 eodem
942 3913 1023 3970 ambo
1041 3915 1121 3972 simul
1138 3916 1271 3986 postulari
1288 3931 1343 3972 non
1361 3917 1480 3988 possint,
1503 3926 1568 3973 aso

90 4006 209 4063 diuersis
233 4011 326 4062 umen
348 4004 449 4074 singuli
471 4003 587 4074 possint.
620 4003 671 4058 sed
694 4019 749 4060 non
771 4002 807 4059 ab
828 4018 857 4058 rc
875 4008 919 4058 est
936 4002 988 4060 boc
1005 4003 1121 4074 probaro
1138 4005 1262 4062 diuersos
1280 4009 1454 4062 accusatores
1472 4005 1520 4062 ad·

90 4097 163 4154 mitti
189 4109 286 4166 posse,
310 4093 391 4163 dum,
416 4093 439 4148 si
464 4097 527 4148 ente
550 4091 783 4149 denuntiationem
807 4093 943 4164 nupserit,
971 4093 1044 4164 prior
1070 4095 1167 4150 mulier
1192 4095 1315 4152 accusari
1342 4110 1396 4152 usn
1422 4097 1519 4167 possit

89 4201 285 4271 HXYMOO)

91 4360 100 4394 ¹
120 4351 292 4412 denuntiatio
310 4355 345 4420 (a.
357 4352 405 4421 tl?

91 4505 350 4562 3excausatamF
398 4505 522 4573 oquae
540 4503 579 4556 Ρ
634 4505 781 4558 dascusa·
834 4503 912 4559 tiatio
929 4502 1111 4574 praecesserit
1120 4501 1274 4559 XYMOO:
1293 4504 1387 4560 dorset
1402 4505 1520 4561 sosiaco

91 4576 180 4646 buca]
199 4575 357 4640 X‘YMOO,
379 4581 558 4630 accusaturus
577 4574 637 4629 FX·
690 4575 707 4629 8
725 4575 779 4644 istil
834 4576 1031 4645 uapsrrsuesicu
1041 4573 1095 4628 BS.
1102 4577 1220 4646 sertam
1232 4577 1377 4632 exciderunt
1388 4578 1520 4662 quosdm,

92 4651 118 4704 F
118 4651 138 4712 ¹,
150 4649 174 4704 si
188 4646 380 4713 F²X⁸Y‘M·G,
393 4667 441 4700 om.
450 4645 598 4702 X·Y⁰M¹0
643 4648 659 4700 9
672 4646 712 4716 sc]
725 4646 785 4701 sir
833 4654 862 4702 al
875 4654 941 4718 puto
957 4654 1039 4717 potest
1047 4649 1134 4718 suites
1152 4645 1231 4715 quati
1245 4645 1416 4704 denuntiatio
1429 4648 1520 4704 matri·

93 4722 296 4776 nonmusios
316 4719 354 4772 F’
408 4717 579 4774 lensensi
598 4719 623 4771 F
672 4719 705 4773 16
723 4717 779 4787 quil
834 4718 917 4774 monii
935 4717 1143 4774 celebrationem
1161 4721 1341 4788 praecesserit
1395 4721 1430 4776 35
1448 4735 1521 4776 com·

93 4798 123 4848 ut
141 4791 234 4860 quit*
287 4789 538 4846 sordesceret*
597 4790 633 4843 21Ι
650 4790 725 4858 agiu
744 4789 782 4843 F’
833 4790 948 4860 plexus
967 4791 1003 4842 F’
1055 4790 1090 4844 36
1109 4788 1281 4847 denuntiabit
1299 4792 1324 4844 F
1371 4792 1406 4847 38
1423 4807 1520 4861 procu·

92 4865 128 4920 23
145 4861 282 4931 ulpianus]
297 4863 340 4925 Ρ,
357 4861 430 4916 idem
443 4861 479 4914 Ρ
495 4862 499 4929 Ι
515 4861 621 4932 metae]
639 4865 731 4930 potest
747 4875 782 4915 ea
833 4859 992 4918 rator‘em'is
1010 4860 1059 4914 F‘:
1079 4860 1118 4915 ὡι
1134 4859 1264 4932 ipaotcrrc
1280 4862 1329 4917 ric
1346 4862 1387 4917 sti
1407 4881 1520 4933 προκογ-

94 4937 238 5004 Ρζροὶιιῑ
254 4929 396 4989 XYMOO
452 4933 487 4988 24
507 4930 726 4988 denuntiau'er'it
744 4932 781 4985 F*
835 4933 955 5004 pdrmpoc
977 4933 1128 5004 repert-eisc
1151 4933 1213 4988 BS:
1231 4935 1290 5006 firit
1304 4936 1422 5007 sortasse
1445 4932 1520 4990 suffi-

93 5007 129 5064 bO
147 5005 190 5074 ea]
211 5019 244 5060 oo
262 5005 298 5058 ps
340 5004 610 5060 testamentare
649 5005 685 5059 ³4
701 5003 782 5072 quasi
833 5019 950 5074 oersqrm
967 5019 1017 5076 per
1033 5009 1251 5076 proacuratsrcm
1269 5003 1502 5062 denuntiationem

94 5077 328 5134 denuntiationem
340 5075 529 5147 praecesserit]
542 5077 570 5141 F,
587 5075 667 5144 quael
677 5074 781 5130 denun-
