3480 5460
60 313 89 360 rr
104 305 453 356 nnrorsrusrxournns
689 283 772 363 197
1150 287 1268 356 XXXV
1293 290 1308 354 1
1333 295 1448 350 ιιι-ιι

42 451 142 520 lhgamn
158 445 281 501 miletum
301 449 384 502 esset.
412 445 480 502 Cum
498 460 565 502 uero
583 445 696 504 libertas
710 447 762 504 sub
775 445 943 518 condicione,
961 447 1082 518 legatum
1095 451 1186 504 autem
1205 439 1449 530 fflsflffi

62 537 157 611 prasenti
172 535 213 591 die
231 535 327 590 datum
348 539 398 604 est,
416 536 445 590 in
462 533 514 590 hoc
532 537 657 606 quaestio
670 541 721 604 est,
740 553 775 590 an
788 537 941 592 constiterit
952 538 1086 607 legatum:
1105 537 1206 593 etenim
1218 551 1269 591 neo
1282 536 1449 592 camnianae

64 627 170 684 mennas
184 625 272 680 locum
292 625 320 680 in
338 623 479 695 proposito
497 640 572 694 esso,
591 626 656 694 quia
675 625 727 680 etsi
744 625 838 680 statim
856 629 972 682 testator
989 626 1163 696 decessisset,
1181 628 1345 682 nontamen
1363 625 1448 680 omni-

1 753 2 774 r
65 716 116 772 sodo
128 715 208 770 inutile
225 719 302 768 esset
320 714 449 784 legatum,
468 729 529 770 cnm
548 719 644 782 posset
662 713 786 770 condicio
803 713 937 770 libertatis
955 719 1019 772 anto
1036 715 1139 770 aditam
1152 714 1330 770 hereditatem
1343 713 1450 784 impleri

1 797 3 870 ξ
66 805 182 874 elbertum
200 803 369 858 manumisso
387 801 489 872 deberi,
508 803 560 858 nisi
578 800 648 858 torte
666 803 838 858 necessarius
855 803 935 860 heres
947 804 1111 860 exstitisset:
1130 807 1196 858 tunc
1208 803 1280 860 enim
1293 801 1449 858 omnimodo
1468 817 1482 858 s

1 925 3 931 ,
66 895 126 948 inde
139 893 181 946 orit
195 892 317 962 legatum
336 893 394 947 iure
412 893 481 962 ipso,
500 892 565 960 quia
582 891 634 946 sub
653 891 813 948 condicione
832 892 967 962 acceperit
984 891 1147 948 libertatem.

35 976 57 1034 ll
99 981 188 1037 dunas
204 980 273 1036 hbro
291 982 379 1051 primo
397 979 677 1036 fideicommissorum.
707 980 785 1046 Quod
804 981 933 1036 uaditum
952 987 995 1036 est
1012 981 1039 1037 in
1054 981 1152 1050 legatis
1165 982 1254 1037 nouis·
1273 973 1449 1064 [Kreas
1467 988 1495 1043 P

1 1103 2 1130 ;
66 1072 136 1140 nuru,
148 1070 172 1124 in
186 1069 358 1125 libertatibus
375 1070 542 1125 lenissimam
562 1067 748 1126 condicionem
769 1069 946 1140 spectandam
965 1085 1036 1141 esse,

1 1143 2 1149 '
33 1152 56 1210 lt
100 1159 167 1214 dnus
181 1158 247 1214 lrbro
264 1160 353 1229 primo
371 1157 651 1214 fideicommissorum.
679 1159 707 1214 id
726 1165 769 1214 est
786 1174 857 1228 quae
874 1159 927 1229 ipsi
940 1175 1019 1216 seruo
1032 1158 1199 1216 commodior
1212 1159 1256 1228 sit,
1275 1141 1449 1232 Q
1468 1158 1495 1213 P

32 1242 57 1299 tl
101 1247 189 1302 damna
205 1246 274 1304 hhro
292 1249 381 1318 primo
399 1246 680 1304 fideicommissorum.
708 1263 762 1304 non
780 1247 817 1305 ad
834 1263 868 1304 ea
885 1249 1030 1305 dumtaxat
1041 1249 1167 1319 pertinet,
1186 1263 1257 1318 qnae
1276 1239 1449 1331 Q
1468 1255 1495 1310 P

69 1335 138 1404 ιιιιιιι
154 1335 198 1392 sub
221 1337 339 1392 diuersis
362 1335 582 1405 condicionibus,
608 1335 657 1392 sed
682 1338 765 1392 etiam
788 1351 859 1407 quae
882 1339 969 1408 primo
992 1353 1073 1408 pore,
1097 1335 1196 1392 deinde
1221 1334 1272 1392 sub
1290 1335 1449 1392 condicione
1470 1351 1497 1390 ιι

70 1423 137 1478 hrtrr.
157 1425 242 1495 itaque
260 1425 335 1496 quod
354 1425 433 1480 heres
451 1439 519 1494 pure
537 1423 603 1480 dare
622 1426 714 1481 iussus
731 1431 775 1482 est
792 1426 901 1496 quodne
919 1443 987 1498 pure
1003 1428 1124 1498 legatum
1136 1429 1188 1495 est,
1206 1440 1267 1480 oum
1281 1424 1310 1480 id
1322 1440 1357 1480 ex
1368 1424 1449 1479 inter·

72 1514 114 1568 mr
129 1513 168 1570 suh
187 1515 347 1572 condicione
368 1515 491 1584 legatum
516 1520 571 1584 est,
596 1515 733 1585 posterius
756 1517 843 1572 ualet:
866 1517 889 1571 si
908 1517 983 1586 prius
1001 1515 1053 1572 suh
1071 1514 1243 1584 condicione,
1266 1513 1365 1570 deinde
1382 1527 1450 1584 pure

70 1602 147 1671 tphn
163 1609 213 1673 est,
236 1619 367 1674 praeseus
386 1603 509 1660 debetur.
543 1603 618 1673 qnod
636 1604 659 1658 si
677 1619 745 1674 pure
763 1605 883 1674 legatum
902 1620 936 1660 ex
955 1604 1105 1661 continenti
1123 1603 1202 1659 heros
1221 1601 1273 1658 snb
1291 1602 1450 1658 condicione

69 1689 166 1748 hamus
181 1697 227 1748 aut
244 1699 358 1763 rogatus
377 1698 420 1748 est
437 1693 516 1763 dare,
538 1691 652 1762 perinde
670 1699 721 1763 est,
740 1709 773 1748 sc
791 1695 815 1749 si
833 1695 927 1750 iuncta
945 1694 1069 1751 subiecta
1087 1694 1222 1765 scriptura
1239 1693 1311 1750 idem
1329 1693 1450 1762 legatum
1470 1705 1498 1746 ro

67 1787 120 1848 sect
132 1783 165 1836 rol
181 1785 223 1836 ιιιι
242 1797 374 1853 praesens
392 1781 533 1852 uindicari,
553 1782 576 1838 ιι
595 1781 647 1837 hoo
665 1783 782 1838 uoluerit
793 1783 950 1854 legatarius,
969 1785 1022 1854 uel,
1042 1799 1104 1839 cnm
1117 1783 1242 1839 condicio
1254 1781 1397 1850 exstiterit,
1415 1781 1451 1837 ab

65 1867 131 1924 leode
143 1872 189 1940 peti
206 1872 304 1941 possit,
323 1871 394 1926 nisi²
406 1871 664 1926 commemoratione
682 1872 830 1941 superioris
848 1873 931 1942 legati
949 1873 1086 1942 posterius
1105 1873 1235 1944 scriptum
1253 1870 1343 1941 fuerit,
1362 1871 1450 1926 uelut:

65 1953 160 2028 ιιιιιιι,
175 1975 253 2028 quem
272 1961 310 2015 illi
328 1961 427 2028 legaui,
445 1959 525 2014 heres
544 1974 621 2014 meus
640 1960 674 2028 oi,
693 1960 716 2016 ιι
735 1960 802 2016 illud
820 1959 922 2016 fectum
941 1963 1001 2032 erit,
1020 1959 1106 2018 deto':
1128 1967 1193 2018 tunc
1211 1961 1283 2016 enim
1302 1959 1450 2016 reuocandi

63 2047 125 2101 rniuo
141 2063 259 2118 praesens
283 2049 403 2118 legatum
426 2053 454 2102 ot
472 2047 524 2103 suh
543 2048 702 2103 condicione
721 2049 804 2104 dandi
822 2051 862 2105 ita
879 2049 1022 2106 scribsisse
1040 2049 1192 2106 uidebitur:
1216 2056 1245 2106 et
1261 2050 1285 2106 si
1304 2051 1367 2106 ente
1386 2063 1449 2104 oon·

62 2132 156 2192 din'omu
171 2153 225 2192 rom
243 2137 373 2206 uindicet,
392 2136 447 2193 doli
465 2137 592 2207 exceptio
609 2137 699 2193 locum
717 2137 817 2194 habere
835 2141 944 2210 poterit.
1468 2151 1497 2192 ιι

27 2218 54 2275 to
97 2223 166 2281 lirun
181 2226 247 2283 hbro
265 2227 354 2296 primo
372 2224 652 2282 fideicommissorum.
680 2228 732 2282 Per
749 2227 990 2286 fideicommissum
1009 2230 1085 2286 uarie
1099 2229 1165 2285 data
1176 2227 1255 2286 liher-
1288 2222 1449 2296 ῇιῙ-ἰιιι
1466 2235 1493 2288 P

63 2317 100 2367 ta
111 2331 150 2370 non
165 2315 301 2372 leuissima
312 2315 464 2384 spectanda
475 2319 527 2386 cst,
546 2315 596 2372 sed
609 2317 766 2386 nouissima,
784 2318 849 2388 qnia
860 2319 995 2390 posterior
1006 2319 1134 2376 uoluntas
1145 2319 1235 2391 potior
1246 2317 1340 2374 haberi
1352 2316 1448 2374 debet:

63 2402 91 2456 eri
102 2409 210 2460 mnsonat
227 2406 310 2460 etiarn
330 2405 490 2474 rescriptum
509 2404 567 2460 diui
585 2405 726 2462 Antonini.

30 2483 52 2540 91
95 2491 241 2550 ιιιιιιιιιι
262 2493 332 2549 libro
355 2494 476 2550 morundo
495 2493 775 2550 fideicommissorum.
813 2495 1023 2565 Condicionem,
1048 2513 1119 2569 qnae
1136 2497 1164 2554 ιιι
1183 2495 1255 2553 intu-
1273 2493 1313 2580 [Β.
1321 2509 1359 2564 44,
1369 2509 1406 2564 ie,
1417 2508 1447 2555 ιι
1466 2501 1492 2556 Ρ

62 2593 99 2634 uu
111 2581 281 2652 mulsmntur,
300 2583 400 2653 triplex
419 2589 517 2640 natura
534 2587 590 2654 est,
609 2587 641 2639 ut
658 2583 793 2652 quaedam
812 2585 847 2640 ad
866 2586 894 2640 id
911 2591 1035 2658 tempus,
1054 2601 1109 2656 quo
1126 2589 1242 2642 testator
1260 2587 1346 2656 uiuat,
1364 2601 1446 2656 qnae·
1466 2597 1494 2638 aa

62 2664 100 2724 lan
119 2671 146 2726 ad
168 2673 207 2744 id,
233 2673 307 2744 quod
333 2676 537 2743 postmortem
564 2673 624 2728 eius
651 2672 771 2730 loturum
800 2674 848 2743 sit,
876 2674 1012 2744 quaedam
1039 2677 1075 2732 nd
1100 2677 1259 2732 alterutrum
1283 2675 1445 2746 pertineant,

1 2802 3 2810 ι
61 2761 131 2829 buum
146 2771 231 2818 sotem
250 2763 294 2818 nol
312 2767 417 2818 certum
436 2763 480 2818 uel
498 2759 632 2818 infinitum
653 2763 913 2835 comprehendatur:
937 2779 1007 2833 quae
1031 2766 1123 2822 omnia
1145 2781 1199 2822 non
1217 2765 1307 2820 minus
1325 2764 1353 2820 in
1371 2761 1446 2820 lidel-

1 2895 8 2920 ,,
61 2851 167 2906 mansis
183 2869 264 2922 quam
283 2853 311 2906 in
330 2849 546 2906 institutionibus
565 2867 598 2907 ao
615 2853 714 2922 legatis
736 2853 856 2908 incidere
879 2853 981 2908 solent:
1005 2859 1035 2908 ut
1056 2852 1125 2910 haec
1148 2854 1271 2910 condicio
1290 2853 1400 2924 Titiae,
1422 2853 1446 2908 si

1 2927 3 3021 ὲ
61 2935 225 2996 ιιιιιιιιιιι·
243 2956 298 2996 non
321 2939 404 2996 dubie
427 2939 479 2994 nisi
502 2941 615 2996 uiuente
638 2947 782 3011 testatore,
806 2943 851 2998 illa
875 2947 967 2998 autom
985 2941 1016 2998 'si
1038 2942 1074 2998 ad
1098 2944 1243 3013 exsequias
1267 2941 1369 2998 ιιιιιιιιι
1392 2943 1446 2998 mei

1 3028 4 3040 ¹
61 3028 134 3084 mcdt'
148 3031 195 3086 uisi
211 3035 277 3100 post
295 3033 410 3086 mortem
428 3029 535 3099 impleri
553 3044 607 3086 non
625 3032 728 3101 possit,
751 3031 797 3086 illa
819 3046 885 3086 uero
904 3029 934 3086 'si
958 3029 1014 3086 filio
1037 3047 1098 3088 meo
1121 3031 1250 3088 nubserit'
1269 3034 1312 3088 uel
1335 3033 1446 3088 uiuente
1465 3043 1494 3084 so

61 3115 181 3176 nlnorno
198 3123 332 3174 testatore
356 3119 464 3189 impleri
485 3121 583 3189 possit.
611 3126 640 3175 et
663 3121 751 3191 prima
775 3120 885 3190 quidem
910 3137 943 3176 ac
964 3122 1046 3176 tertia
1069 3137 1103 3176 ex
1126 3121 1218 3176 relatis
1241 3120 1446 3178 condicionibus

3 3262 4 3265 ,
60 3199 150 3264 bfinitnn
160 3215 269 3280 tempus
285 3207 402 3264 habeut:
419 3205 586 3279 numenque
604 3210 677 3266 enim
696 3209 827 3280 nubserit,
846 3210 974 3281 impletur
991 3209 1128 3266 condicio:
1147 3209 1270 3266 secunda
1287 3209 1323 3266 ad
1341 3217 1445 3266 certum

7 3306 8 3310 ’
60 3295 129 3364 tuom
143 3299 278 3369 adscripta
294 3303 346 3353 est

10 3369 51 3429 Η
91 3383 214 3444 umarus
237 3387 307 3442 libro
330 3387 426 3457 quinto
449 3384 729 3442 fideicommissorum.
767 3385 796 3442 Si
821 3388 865 3442 cui
888 3388 1009 3458 legatum
1028 3386 1111 3443 inerit
1128 3388 1252 3444 relictum
1271 3383 1446 3474 Q
1465 3395 1493 3448 P

59 3465 107 3538 ¹tuno
121 3481 224 3546 rogatus
241 3477 279 3531 sit
296 3475 397 3531 liberos
415 3491 480 3530 suos
499 3475 685 3545 emancipare,
711 3493 745 3530 an
764 3477 826 3546 cogi
846 3480 856 3547 ΙΙ
876 3475 976 3532 dehent
995 3477 1204 3534 manumittere?
1234 3481 1263 3532 et
1279 3478 1383 3534 retineo
1402 3495 1445 3533 me
1463 3485 1479 3532 l.
1490 3485 1519 3536 97

59 3553 123 3618 thies
141 3565 215 3621 defici
239 3580 288 3620 eos
307 3581 324 3619 a
341 3565 473 3634 petitione
491 3563 709 3620 fideicommissi:
734 3580 823 3635 neque
841 3566 913 3620 enirn
931 3571 1042 3636 praetor
1058 3564 1326 3622 fideicommissarius
1344 3582 1392 3623 eos
1410 3568 1446 3624 ad
1464 3578 1492 3620 se

59 3642 164 3710 lhettrteur
180 3659 275 3710 tuetur
291 3659 324 3707 nt
341 3667 445 3708 seruos.
473 3653 652 3723 Papinianum
671 3669 781 3724 quoqne
792 3654 861 3710 libro
874 3669 946 3711 nono
959 3669 1150 3724 responsorum
1164 3655 1282 3712 scrihere
1294 3654 1445 3714 referebam

58 3747 90 3792 bl
101 3757 148 3798 esse
163 3743 316 3814 cogendum
335 3743 508 3812 emancipare
525 3741 596 3798 fillos
614 3757 688 3798 suos.
716 3742 833 3799 arbitror
849 3748 942 3800 tamen
960 3750 1039 3800 extra
1056 3745 1178 3800 ordinem
1197 3744 1297 3800 dehere
1315 3747 1445 3802 oonsdtni

57 3835 94 3882 tm
107 3833 144 3901 qui
160 3833 292 3904 adgnouit
310 3831 350 3900 id,
374 3830 449 3902 quod
467 3830 519 3888 sibi
536 3832 660 3887 relictum
679 3837 722 3888 ιιι
740 3831 792 3888 ιιι
810 3833 1053 3904 contemplatione,
1077 3839 1108 3889 ut
1125 3832 1225 3888 liberos
1243 3848 1309 3890 suos
1326 3836 1444 3892 emanci-

57 3921 110 3986 Νι
123 3922 268 3992 cogendum
287 3921 474 3990 emancipare:
493 3935 582 3990 neque
600 3922 671 3976 enim
691 3921 775 3976 debet
793 3921 983 3978 circumueniri
1001 3922 1161 3978 testantium
1179 3923 1320 3978 uoluntas:
1339 3924 1379 3978 sic
1397 3924 1444 3980 de·
1463 3935 1492 3978 so

0 4005 12 4074 ζ
57 3999 94 4058 Me
111 4008 152 4064 hcc
174 4009 380 4081 accipiendum,
406 4009 636 4077 quemadmodum
660 4011 684 4064 si
707 4009 759 4066 sub
783 4012 942 4068 condicione
966 4012 1110 4068 liberorum
1135 4012 1394 4082 emancipandornm
1418 4014 1444 4070 ei

56 4085 118 4150 [lbet
130 4099 245 4168 legatum
263 4100 309 4154 uel
327 4099 368 4154 ita
386 4098 523 4168 relictum,
548 4105 578 4154 nt
596 4114 644 4154 eos
663 4100 857 4170 emanciparet
885 4101 930 4156 nni
947 4101 987 4156 rei
1004 4115 1175 4170 consequens
1192 4105 1247 4171 est,
1270 4102 1344 4171 qnod
1362 4101 1444 4158 dinus

56 4173 135 4242 fltltros
152 4188 299 4259 rescripsit
333 4203 396 4242 narn
420 4203 483 4243 cnm
508 4187 643 4258 quaedam
662 4189 758 4244 mulier
776 4194 892 4260 nepotes
910 4205 981 4246 suos
993 4189 1108 4244 heredes
1127 4189 1291 4246 instituisset
1308 4195 1337 4246 et
1353 4191 1443 4261 ipsum

7 4317 8 4320 ,
56 4263 107 4328 ἧι
124 4276 277 4334 coheredem
300 4275 364 4332 tiliis
388 4278 446 4332 suis
468 4276 591 4332 dedisset
613 4291 715 4347 eosque
739 4278 857 4333 inuicem
881 4277 1068 4334 substituisset
1090 4283 1270 4348 rogassetque
1290 4277 1389 4350 filium,
1412 4285 1445 4336 nt

2 4382 3 4406 1
56 4351 96 4414 fis
109 4368 296 4438 snmciparet,
316 4381 371 4422 non
389 4371 480 4420 autem
500 4373 637 4436 rogasset,
656 4372 687 4421 ut
704 4365 883 4422 hereditatem
902 4368 942 4423 ιιι
960 4369 1129 4424 restitueret:
1153 4383 1188 4422 ex
1206 4369 1368 4425 auctoritate
1387 4369 1444 4426 diui
1462 4381 1491 4422 ιι

55 4439 114 4506 flecti
127 4457 294 4526 emancipare
312 4469 361 4510 eos
379 4455 536 4526 compulsus
555 4460 598 4510 ost
614 4455 712 4526 hisque
731 4457 875 4511 restituere
888 4455 1075 4512 hereditatem.
1103 4462 1132 4512 et
1144 4457 1280 4514 adiectum
1292 4461 1343 4528 est,
1362 4461 1401 4529 nt,
1419 4459 1443 4516 si

2 4541 3 4550 '
53 4547 249 4632 lucrorum

54 4699 152 4768 'tull
219 4715 313 4772 'eum
333 4723 380 4768 ιίιι.

49 4851 103 4946 ἦ*
120 4865 224 4934 idern
247 4868 312 4922 liber
336 4873 403 4922 esto:
430 4887 485 4922 rum
509 4867 613 4922 serebas
635 4867 698 4922 liber
754 4870 864 4939 impleto,
882 4870 930 4924 ιιι
948 4887 1011 4924 em
1020 4868 1267 4940 ponderabuntur
1278 4888 1322 4924 ιιιι
1334 4876 1443 4939 requirit

46 4933 320 5010 ‘thusumes'
339 4937 415 4993 ἄπιθ’.
428 4939 512 5030 piandi
529 4941 637 5030 hodium
656 4941 698 5030 illo
751 4949 873 5008 pecuniae
891 4941 1019 4994 dutionmn
1063 4939 1167 4996 9serui
1180 4941 1215 4992 F¹
1261 4941 1295 4996 26
1313 4939 1441 4994 adulter·

40 5009 698 5154 rrum
751 5009 1270 5151 cernennentes
1287 5013 1441 5149 ,aar
