4216 5424
25 1261 41 1312 L„
35 1191 38 1198 .
33 1011 36 1016 -
28 973 36 992 r—
22 893 36 906 ἱ
21 743 34 792 ι’,
20 643 29 654 ε
18 529 21 550 ⁴-
21 421 28 448 μ-
27 353 28 390 „h
24 193 25 202 μ
19 109 25 142 „w
8 65 20 70 ζ

75 1507 79 1524 „
55 1357 80 1472 .-.η-ἐξ
52 1199 75 1274 ;-;’;;.
52 1149 56 1168 “
70 1113 72 1118 .
52 1027 72 1088 „.‘=.‘
51 977 69 1000 ἑ.
51 943 55 956 ’
61 883 69 920 -ι,
47 815 69 868 Εῃζ
61 751 68 778 ;-.
50 683 63 700 .;
44 555 65 657 *“.“-,-.
56 531 60 538 ,
57 487 62 494 ,
59 417 62 470 -„
54 373 55 378 „
51 209 60 330 „nrfflf
53 177 59 188 Ξ

100 1577 104 1585 «
101 1520 104 1528 ..
94 1400 102 1454 -ιᾼ-
95 1379 99 1388 -
92 1331 101 1362 a.
94 1305 98 1316 -
92 1260 97 1284 a
93 1235 97 1246 Ἀ
90 1141 103 1176 ι,
91 1061 94 1066 -
86 963 99 1014 ..s-
95 928 97 930 .
86 861 91 874 -
86 814 89 820 ⁷
82 635 99 740 ἕπε-πμ,
82 585 85 620 “⁴
87 529 95 544 2-
85 365 87 370 .
75 159 85 198 ,ἢ
74 55 84 126 :av-

111 1541 114 1546 ·
107 1480 116 1486 -'
107 1411 112 1422 ‘
103 1331 113 1366 '¹¹
103 1277 113 1317 '¹'’'
105 989 108 1004 ..-
102 951 105 960 v
100 753 102 758 ’
116 723 118 734 <⁴
115 671 120 680 =
118 595 122 600 .
117 573 121 576 .
112 519 119 528 π
111 455 120 464 .-
111 417 113 439 -
109 371 116 382 ι
107 298 116 319 ·-.
109 271 116 280 ι
107 227 114 236 ι
106 127 114 160 ⁴-
111 47 115 60 „-

133 925 142 943 fl
128 795 132 804 '
123 711 125 720 ξ
121 665 124 668 ¹
127 613 128 616 Α
125 559 128 562 “
126 535 128 546 -
124 503 125 508 ⁴
126 454 127 474 ⁴⁴
135 105 136 111 ⁴

156 815 160 820 .
156 698 159 718 ,a
149 635 154 648 =
167 483 168 488 „
158 275 165 287 '
158 235 160 244 -
156 157 158 160 -
156 121 157 136 Α

178 1621 180 1628 .
178 1313 182 1330 ἡ
174 1243 182 1272 ..ae
171 1135 177 1166 <-

198 1665 201 1673 -
192 1451 202 1604 -..-2·
191 1379 194 1389 >
191 1239 196 1280 ⁶⁴-
185 907 203 1187 -,--..’“””“”

611 177 637 244 L
662 179 801 260 131-t3
1285 169 1371 250 930
1475 157 1653 240 causans
1668 191 1714 236 ar
1729 187 1999 242 suessonneocu.

613 335 669 390 'sed
687 334 739 390 boc
757 335 796 389 itu
814 334 856 388 ius
875 335 926 402 est,
946 333 969 387 si
988 347 1123 402 suspensa
1140 331 1187 386 lite
1205 330 1366 386 societatem
1386 328 1470 384 iuturi
1492 329 1668 406 emolumenti
1687 327 1782 382 cautio
1800 327 1874 396 poili·
1889 323 2003 410 [Q]

612 423 706 478 'cetnr.
733 423 756 478 si
774 437 840 476 uero
858 425 923 491 post
941 437 1052 476 causum
1071 427 1161 476 actam
1180 425 1263 476 caute
1280 425 1324 474 est
1341 419 1488 474 honoraria
1505 412 1621 486 summa,
1639 417 1698 490 peti
1715 417 1822 486 poterit
1835 418 1951 484 usquead
1963 409 2004 488 pre

612 511 738 566 ‘habilem
757 513 948 581 quantitatem,
967 512 1019 565 etsi
1039 510 1148 564 nomine
1167 509 1291 580 pulmarii
1310 511 1422 563 cautum
1441 508 1490 562 sit:
1509 508 1549 562 sic
1567 513 1670 575 tamen,
1689 511 1722 560 ut
1740 507 1909 573 computetur
1922 505 1944 558 id
1956 509 2006 574 quud

613 600 715 655 'datum
734 607 777 655 est
801 617 863 656 cum
889 616 921 656 eo
945 599 1019 670 quod
1042 598 1158 653 debetur
1182 603 1363 665 neutrumque
1386 596 1570 664 compositum
1594 596 1696 650 licitam
1717 596 1895 663 quantitatem
1912 595 2008 650 exudat.

565 697 594 742 13
613 689 701 744 Licita
719 693 812 744 antem
831 689 971 759 quantitas
989 688 1157 756 intellegitur
1175 702 1224 756 pro
1243 685 1358 754 singulis
1377 687 1468 740 causis
1486 700 1574 754 usque
1587 684 1622 738 ad
1636 689 1746 738 centum
1759 697 1866 738 aureos.
1890 682 1962 737 Diuus
1974 679 2030 765 [ms

614 776 733 832 Seuerus
752 776 787 832 ab
806 777 953 833 heredibus
972 776 1101 832 aduocati
1124 782 1232 831 mortuo
1255 789 1288 830 eo
1311 773 1451 844 probibuit
1469 773 1624 830 mercedem
1645 771 1656 841 l
1675 773 1779 842 repeti,
1803 771 1866 840 quia
1886 759 2074 840 peripsimule·

567 874 596 920 14
614 881 668 920 non
686 870 814 935 steterat,
839 883 894 936 quo
913 867 1003 920 minus
1021 881 1133 919 cansam
1152 867 1256 932 ageret.
1293 862 1339 917 Ad
1357 863 1474 918 nutricia
1492 877 1602 932 quoque
1621 861 1742 916 officinm
1762 859 1894 930 praesidis
1910 860 1945 914 uel
1959 857 2012 942 ᾖ)

613 955 747 1024 praetoris
767 954 893 1009 deuenit:
912 969 1030 1023 namque
1049 953 1171 1007 nutrices
1190 952 1226 1006 ob
1245 952 1401 1006 alimoniam
1420 949 1565 1005 infantium
1585 951 1659 1020 apud
1676 949 1820 1020 praesides
1841 947 1911 1016 quod
1928 949 1969 1002 sibi
1982 950 2014 1004 le·

614 1041 694 1097 betur
712 1045 818 1111 petunt.
846 1041 896 1096 sed
915 1043 1032 1096 nutricia
1050 1057 1083 1096 eo
1102 1057 1190 1110 usque
1209 1040 1406 1110 producemus,
1431 1039 1524 1110 quoad
1547 1037 1666 1094 infantes
1685 1037 1818 1093 uberibus
1836 1037 1947 1090 aluntur:
1964 1044 2015 1091 cete·

567 1139 595 1184 15
614 1147 673 1185 rum
693 1137 756 1200 post
774 1130 843 1185 haec
861 1137 971 1185 cessant
989 1133 1082 1199 partes
1100 1130 1235 1199 praetoris
1253 1129 1298 1184 uel
1315 1129 1459 1199 praesidis.
1496 1129 1573 1182 Haec
1590 1129 1683 1182 omnia
1707 1127 1731 1182 si
1753 1125 1828 1196 apud
1847 1124 1971 1194 praesides
1983 1141 2016 1194 pe·
2029 1140 2047 1178 u

613 1224 715 1285 tantur,
733 1219 878 1274 uideamus
897 1236 932 1274 aa
950 1219 985 1274 de
1004 1219 1107 1274 mutuis
1124 1217 1305 1288 petitionibus
1317 1217 1588 1288 possuntpraesides
1599 1230 1778 1286 cognoscere.
1805 1219 1834 1268 et
1845 1213 2017 1283 putemdebus

614 1307 730 1362 admitti.

510 1447 512 1450 .
576 1394 595 1451 2
667 1395 744 1450 insu
763 1394 833 1449 libro
850 1395 939 1465 primo
957 1395 1124 1464 opinionum.
1162 1395 1204 1450 De
1222 1411 1276 1450 usn
1294 1409 1396 1464 aquae,
1416 1393 1450 1448 de
1469 1393 1536 1448 riuis
1554 1393 1633 1447 nouis
1652 1392 1799 1447 inciuditer
1816 1389 1953 1458 institutis,
1972 1387 2054 1444 iuml

614 1483 649 1538 de
667 1484 746 1551 equis
764 1484 860 1538 alienis
879 1499 896 1537 a
914 1484 1018 1538 sciente
1036 1484 1172 1554 possessis
1196 1482 1309 1553 fetuque
1332 1499 1440 1550 aarum,
1466 1488 1494 1536 et
1517 1481 1552 1536 de
1575 1481 1676 1536 damno
1701 1480 1767 1536 dato
1792 1494 1841 1548 per
1863 1479 2019 1533 immissosir

613 1571 756 1641 praedium
781 1587 861 1626 suum
885 1572 1030 1626 uniuersos
1054 1571 1178 1628 homines
1201 1587 1263 1640 eos,
1287 1573 1333 1640 qui
1357 1572 1385 1626 in
1407 1571 1525 1640 plurium
1549 1571 1663 1640 praedis
1687 1567 1816 1624 distribui
1838 1566 1987 1634 debuemnt,
2004 1567 2051 1620 siu

615 1659 696 1714 modo
715 1659 743 1714 id
762 1675 816 1715 non
836 1677 870 1715 ex
889 1662 1052 1716 auctoritate
1071 1661 1131 1716 eius
1149 1662 1197 1730 qui
1215 1659 1309 1716 iubere
1327 1660 1418 1730 potuit
1435 1658 1602 1728 factumest,
1621 1657 1778 1728 praesidem
1791 1655 2021 1727 prouinciaedoceri

614 1753 741 1817 oportere
759 1764 923 1818 responsum
940 1755 996 1818 est,
1020 1754 1051 1802 ut
1073 1749 1097 1804 is
1121 1749 1273 1804 secundum
1296 1749 1337 1804 rei
1360 1749 1526 1819 aequitatem
1551 1753 1580 1802 et
1597 1747 1793 1802 iurisdictionis
1812 1745 1930 1801 ordinem
1947 1758 2021 1798 conns·

614 1821 869 1892 nientem'iormam
888 1839 927 1892 rei
946 1837 1001 1892 det.
1179 1887 1182 1896 ,

578 1923 597 1980 3
668 1925 746 1980 lnau
763 1925 832 1980 libro
851 1927 947 1994 quinto
965 1925 1133 1995 opinionum.
1165 1925 1194 1980 Si
1214 1911 1409 1995 medicus,cui
1423 1925 1560 1980 curandos
1574 1941 1639 1980 suos
1657 1925 1753 1980 oculos
1772 1923 1819 1992 qui
1838 1921 1877 1976 eis
1895 1914 2022 2004 [stiffi
2044 1927 2067 2000 ij

615 2013 759 2068 laborabat
777 2015 960 2084 commiserat,
979 2015 1130 2084 perieulum
1149 2014 1361 2070 amittendorum
1381 2029 1476 2070 eorum
1494 2031 1544 2085 per
1562 2015 1680 2070 aduersa
1698 2013 1899 2068 medicamenta
1909 2007 2022 2063 inserendo
2036 2022 2054 2061 u

616 2103 760 2172 compulit,
785 2108 817 2157 ut
839 2103 865 2157 ci
889 2105 1078 2174 possessiones
1102 2119 1168 2157 suas
1192 2107 1288 2158 contra
1310 2101 1392 2158 fidem
1417 2104 1517 2159 bonam
1541 2119 1624 2174 aeger
1645 2101 1794 2158 uenderet:
1818 2099 1924 2154 inciuils
1944 2096 2023 2152 lactan

616 2206 729 2262 praeses
747 2191 905 2260 prouinciae
924 2197 1051 2248 coerceat
1069 2206 1182 2260 remque
1200 2192 1309 2246 restitui
1328 2191 1430 2248 iubeat.

578 2277 599 2332 4
670 2281 789 2334 Faunus
807 2280 876 2335 libro
894 2287 992 2350 quarto
1010 2280 1046 2336 ad
1061 2281 1207 2336 Plautium.
1238 2281 1327 2336 Diuus
1340 2281 1495 2337 Antoninus
1514 2281 1579 2335 Pius
1597 2279 1739 2350 rescripsit
1756 2278 1823 2334 iuris
1842 2276 1977 2344 studiosos,
1990 2275 2024 2343 qui
2046 2271 2062 2325 li

617 2367 716 2424 salaria
733 2367 874 2438 petebant,
896 2369 964 2424 haec
983 2369 1094 2438 exigere
1112 2384 1203 2438 posse.
2038 2377 2057 2416 ²⁴

580 2451 599 2510 5
670 2456 895 2512 Gacnrsraarus
913 2457 982 2512 libro
1001 2458 1089 2527 primo
1108 2457 1143 2512 de
1161 2456 1374 2526 cognitionibus.
1406 2457 1599 2528 cognitionum
1612 2471 1744 2512 numerus
1762 2471 1826 2510 cum
1845 2469 1879 2508 ex
1897 2446 2026 2536 [Q
2047 2457 2063 2510 i

618 2546 702 2600 uariis
721 2545 811 2600 causis
830 2545 993 2614 descendat,
1012 2547 1040 2600 in
1058 2561 1161 2616 genera
1179 2545 1266 2603 diuidi
1284 2543 1364 2602 lacile
1382 2562 1436 2602 non
1454 2551 1559 2616 potest,
1583 2547 1637 2600 nisi
1655 2546 1812 2600 summatim
1832 2542 1969 2598 diuidatru.
1990 2557 2026 2594 nu-

619 2649 710 2688 merus
734 2649 800 2702 ergo
823 2635 1011 2704 cognitionum
1034 2636 1062 2690 in
1085 2639 1216 2704 quattuor
1239 2634 1296 2690 iere
1317 2649 1420 2704 genera
1442 2634 1528 2690 diuidi
1549 2639 1655 2706 potest:
1679 2639 1728 2688 aut
1750 2634 1824 2688 enim
1847 2631 1882 2686 de
1905 2629 2027 2685 bonoribus

619 2722 678 2776 siue
696 2721 855 2778 muneribus
873 2722 1002 2791 gerendis
1021 2723 1155 2792 agitatur,
1179 2729 1226 2780 aut
1245 2725 1280 2778 de
1299 2740 1328 2778 re
1347 2723 1505 2793 pecuniaria
1522 2724 1704 2793 disceptatur,
1729 2727 1778 2776 aut
1800 2721 1836 2774 de
1854 2719 2027 2776 existimatione

586 2819 598 2862 1
618 2810 734 2866 alicuius
753 2811 936 2880 cognoscitur,
955 2817 1004 2864 aut
1021 2811 1056 2865 dc
1075 2811 1185 2882 capitali
1204 2813 1317 2868 crimino
1335 2813 1484 2882 quaeritur.
1519 2811 1693 2868 Existimatio
1712 2817 1756 2866 est
1773 2809 1916 2879 dignitatis
1931 2808 2027 2862 inlaesae

619 2905 722 2967 status,
745 2898 853 2968 legibus
873 2915 905 2952 sc
924 2897 1046 2954 moribus
1064 2899 1272 2970 comprobatus,
1297 2901 1344 2969 qui
1363 2916 1398 2956 ex
1415 2899 1515 2956 delicto
1534 2905 1628 2956 nostro
1646 2901 1812 2956 auctoritate
1830 2900 1921 2968 legum
1937 2899 1979 2950 ant
1993 2894 2058 2948 niu

585 2988 712 3042 annitur
736 2993 784 3042 aut
807 2987 986 3042 consumitur.
1027 2987 1159 3044 Minuitur
1182 2989 1362 3058 existimatio,
1389 2990 1517 3058 quotiens
1544 2995 1672 3044 manente
1698 2988 1828 3044 libertate
1854 2987 1925 3042 eirca
1947 2987 2028 3038 sutum

619 3075 763 3144 dignitatis
781 3091 871 3144 poena
889 3076 1046 3144 plectimur:
1071 3077 1152 3131 sicuti
1177 3093 1239 3132 cum
1264 3078 1403 3147 relegatur
1427 3077 1489 3146 quis
1512 3079 1556 3132 uel
1580 3094 1641 3132 cum
1666 3078 1762 3133 ordine
1785 3081 1911 3132 mouetur
1929 3075 1968 3128 uel
1982 3087 2029 3126 cun

618 3163 778 3234 prohibetur
796 3163 944 3218 honoribus
962 3163 1079 3233 publicis
1098 3163 1175 3234 iungi
1199 3166 1244 3220 uel
1263 3182 1324 3221 cum
1343 3165 1467 3236 plebeius
1485 3164 1605 3220 fustibus
1624 3167 1749 3221 caeditur
1772 3167 1818 3220 uel
1835 3166 1864 3220 in
1882 3179 1947 3233 opus
1961 3160 2030 3232 publi·

620 3269 682 3308 oum
706 3252 788 3306 datur
811 3253 854 3306 uel
879 3268 941 3307 cum
967 3253 994 3306 iu
1017 3267 1078 3308 eam
1102 3268 1214 3308 eausam
1238 3255 1301 3324 quis
1324 3254 1431 3324 incidit,
1457 3271 1528 3324 quse
1551 3255 1643 3310 edicto
1666 3259 1803 3325 perpetuo
1826 3251 1951 3308 infamiae
1966 3264 2031 3304 masa

587 3345 804 3396 senumeratur.
846 3339 1023 3396 Consumitur
1046 3355 1126 3409 uero,
1150 3343 1278 3410 quotiens
1302 3359 1404 3412 magna
1426 3344 1524 3414 capitis
1550 3345 1664 3398 minutio
1687 3343 1849 3412 interuenit,
1877 3343 1905 3398 id
1926 3347 1965 3396 est
1983 3345 2061 3394 canu

619 3428 732 3484 libertas
756 3429 897 3484 adimitur:
921 3429 1006 3484 ueluti
1029 3443 1092 3482 eum
1116 3445 1189 3498 aque
1212 3437 1240 3486 et
1264 3431 1320 3500 igni
1343 3431 1527 3502 interdicitur,
1551 3435 1638 3502 quac¹
1658 3433 1686 3486 in
1709 3448 1830 3502 persona
1851 3432 2031 3501 deportaturum

619 3517 726 3586 euenit,
750 3518 794 3572 uel
818 3533 880 3572 cum
905 3516 1029 3588 plebeius
1052 3518 1080 3572 in
1104 3533 1174 3587 opus
1198 3519 1301 3574 metalli
1320 3519 1364 3574 uel
1383 3520 1411 3574 in
1430 3520 1569 3574 metallum
1588 3521 1683 3576 datur:
1708 3521 1776 3576 nihil
1796 3522 1868 3576 enim
1887 3519 1976 3587 rciert,
1994 3529 2033 3570 uec

620 3605 730 3660 diuersa
747 3621 838 3675 poena
855 3611 898 3660 est
916 3606 1007 3676 operis
1026 3609 1055 3660 et
1074 3607 1185 3676 metalli,
1205 3608 1256 3662 nisi
1275 3607 1349 3677 quod
1367 3606 1480 3678 refugae
1498 3609 1589 3680 operis
1608 3626 1663 3665 non
1676 3615 1773 3679 morte,
1793 3611 1842 3664 sed
1855 3604 2034 3680 poenamctalli

619 3693 800 3749 subiciuntur.
2046 3701 2063 3740 a

583 3779 602 3835 6
673 3781 767 3837 Gaius
789 3782 858 3838 libro
881 3784 962 3838 tertio
986 3799 1077 3838 rerum
1101 3783 1311 3838 cottidianarum
1330 3785 1389 3840 siue
1408 3799 1560 3840 aureorum.
1580 3775 2066 3867 [1)’.ᾟῙ7Ῑ6,Ῑῐ.“4,“5ῥῖ8ἶῖ4ἶῖ4ἶ5“8

621 3867 650 3924 Si
669 3870 752 3925 iudex
770 3871 845 3926 litem
863 3887 942 3926 saram
960 3871 1070 3941 lecerit,
1095 3887 1149 3927 non
1168 3873 1276 3944 proprie
1294 3887 1328 3928 ex
1348 3871 1482 3928 maleficio
1500 3857 2036 3943 obligaii's'iiue'idr‘fie'd‘q‘niiie‘qli

614 3973 656 4014 *ex
673 3965 815 4014 contractu
833 3959 971 4030 obligatus
989 3965 1033 4016 cst
1050 3965 1079 4014 et
1098 3961 1191 4030 utique
1210 3976 1341 4030 peccasse
1359 3961 1462 4030 aliquid
1480 3961 1663 4032 intellegitur,
1685 3965 1751 4019 licet
1774 3979 1825 4034 per
1848 3961 2036 4032 inprudentiam,

620 4045 683 4101 ideo
707 4047 816 4102 uidetur
838 4049 917 4118 quasi
940 4065 975 4104 ex
1000 4048 1134 4105 maleficio
1158 4051 1245 4105 teneri
1268 4051 1296 4105 in
1319 4047 1422 4104 iactum
1447 4051 1569 4122 actione,
1594 4057 1623 4106 ct
1646 4053 1675 4108 ia
1698 4059 1835 4123 quantum
1854 4052 1890 4107 de
1907 4067 1940 4106 ea
1955 4066 1981 4105 re
1996 4042 2036 4132 [till

620 4149 739 4204 aequum
758 4135 884 4205 religioni
901 4137 1048 4192 iudicantis
1066 4138 1157 4193 amum
1175 4136 1266 4208 luerit,
1285 4153 1401 4208 poenam
1420 4139 1575 4196 sustinebit.
1987 4149 1990 4156 '

620 4249 814 4320 rmruoo)
878 4249 885 4264 ·

1144 4363 1379 4372 --.-—-—---

623 4408 632 4441 ¹
650 4407 745 4475 quod?

621 4573 696 4656 lita
709 4571 766 4628 'ius'
779 4579 822 4630 est
840 4575 877 4629 Γ*
939 4577 1092 4634 beurene
1111 4579 1147 4632 F‘
1211 4581 1244 4635 13
1263 4596 1310 4636 no·
1364 4583 1399 4637 36
1412 4579 1560 4636 adimitur
1570 4581 1606 4634 F²
1621 4581 1626 4646 Ι
1642 4579 1855 4650 deportaturum
1868 4582 1903 4636 F·
1934 4581 1966 4634 37
1974 4585 2037 4631 *eus

620 4641 663 4697 bis
682 4644 719 4696 F⁰
767 4647 801 4700 14
819 4645 930 4718 fatoque
949 4649 983 4701 F¹
1038 4651 1072 4704 15
1090 4650 1262 4706 debuerunt
1276 4653 1311 4703 F’
1364 4653 1454 4707 nitF²
1487 4651 1746 4707 40cottidianorum
1760 4655 1796 4706 ΡΙ
1828 4645 2037 4710 42contraetaFl

620 4715 654 4767 21
668 4717 772 4798 egeri]
809 4719 843 4771 25
856 4718 1020 4774 numeru'n's
1034 4721 1067 4772 F⁶
1110 4724 1143 4776 27
1157 4721 1261 4776 diulus
1276 4723 1311 4775 Ρ
1364 4731 1393 4779 et
1411 4724 1515 4794 utiquc]
1536 4725 1573 4776 Ρ
1591 4743 1647 4777 cam
1666 4725 1740 4786 luat,
1761 4725 1859 4794 utique
1876 4725 1973 4778 mem
1988 4719 2038 4774 itt

620 4785 908 4843 sicutnumerus*
956 4791 990 4844 33
1009 4791 1196 4860 plebei'u'sF‘
1212 4795 1216 4860 Ι
1233 4793 1311 4848 lusti·
1362 4816 1428 4866 pem.
1481 4796 1516 4850 43
1534 4795 1562 4849 iri
1581 4793 1684 4849 lactum
1704 4795 1818 4850 actione
1836 4815 1885 4849 om
1899 4795 1957 4848 luat.

620 4853 681 4923 bus]
711 4857 862 4914 cumstlbus
892 4861 927 4912 F⁰
1011 4863 1046 4916 35
1073 4869 1248 4920 enumerator
1275 4865 1310 4916 Fi
