3584 5454
211 213 213 218 Ι
267 249 586 320 ΧΧΧΧῊΙὸΙ-ῑ)
938 240 1024 321 762
1154 265 1186 314 er
1207 265 1350 314 rems
1372 261 1520 312 ruarunr
1542 261 1699 310 moro.

267 409 395 464 maluerit
412 405 631 461 aestimationem
648 405 762 476 offerre,
780 409 888 460 tantum
906 404 1016 473 offerat,
1034 408 1180 473 quantum,
1199 403 1222 458 si
1241 419 1311 458 unus
1329 401 1398 458 liber
1414 400 1522 456 fumum
1540 399 1660 468 iecisset,
1675 402 1703 454 ot

235 506 247 552 1
266 497 384 552 retineat
401 493 531 550 familiam
550 509 638 548 suam.
673 493 750 548 Haec
768 497 860 548 autem
878 489 995 546 facultas
1012 490 1123 547 domino
1140 489 1269 546 tribuitur
1285 491 1396 560 totiens,
1414 490 1546 560 quotiens
1563 489 1703 558 ignorante

267 600 301 640 eo
318 583 422 639 furtum
439 581 543 638 iactum
561 587 618 636 est:
636 585 758 636 ceterum
777 581 801 636 si
818 581 931 648 sciente,
949 577 1067 635 facultas
1085 580 1112 634 ei
1128 595 1183 635 non
1201 580 1254 634 erit
1270 579 1350 634 data:
1368 595 1433 656 nam
1451 583 1481 633 et
1492 593 1545 633 sno
1557 578 1703 634 nominsci

267 673 436 742 singulorum
455 671 565 726 nomine
583 667 723 724 conueniri
740 673 833 740 potest
850 669 941 724 noxali
958 667 1066 738 iudicio,
1086 683 1136 722 nec
1153 683 1209 722 nna
1227 667 1426 736 aestimatione,
1444 681 1530 734 quam
1544 665 1703 721 bomoliber

267 761 407 829 sufferret,
426 757 539 828 defungi
557 758 669 827 poterit:
691 758 715 811 is
733 762 826 812 summ
844 756 977 826 accipitur
994 755 1078 824 scire,
1096 757 1143 825 qui
1161 756 1214 811 scit
1231 761 1259 810 et
1276 755 1367 826 potnit
1384 753 1545 825 prohibere:
1563 754 1726 809 scientiane

267 849 340 904 enim
359 853 484 918 spectare
502 845 642 915 debemus,
661 860 732 914 quae
750 843 834 900 habet
851 851 880 898 et
891 844 1074 898 uoluntatem:
1092 847 1214 898 ceterum
1226 845 1251 898 si
1263 843 1324 912 scit,
1341 841 1597 914 probibuittamen,
1616 841 1703 896 dicen·

234 937 334 992 eoum
358 941 401 992 eat
423 951 536 991 usurum
560 933 644 989 edicti
667 931 810 988 beneficio.
846 931 875 988 Si
893 933 986 1002 plures
1004 932 1078 986 serui
1095 931 1225 988 damnum
1243 933 1325 1002 culpa
1342 931 1483 1000 dederint,
1506 929 1702 999 aequissimum

234 1034 249 1078 a
267 1029 311 1080 est
329 1024 444 1079 eandem
462 1021 621 1078 facultatem
639 1021 750 1076 domino
769 1020 836 1076 dari.
864 1019 933 1076 Gom
951 1021 1045 1090 plures
1062 1021 1136 1075 serui
1154 1020 1276 1076 eiusdem
1295 1021 1335 1075 rei
1351 1019 1455 1076 iudum
1467 1017 1576 1074 iaciunt
1587 1018 1702 1073 etunius

199 1175 201 1178 ,
267 1112 377 1168 nomine
395 1127 457 1166 oum
476 1111 587 1168 domino
604 1111 638 1165 lis
652 1113 807 1165 contestata
818 1108 862 1178 sit,
880 1107 986 1164 tamdiu
998 1109 1112 1164 aliorum
1125 1110 1234 1164 nomine
1246 1110 1318 1165 actio
1330 1108 1458 1164 sustineri
1470 1105 1594 1176 debebit,
1611 1121 1701 1176 qaam·

267 1201 315 1258 diu
332 1202 421 1271 priore
440 1200 540 1254 iudicio
557 1201 651 1269 potest
667 1203 745 1252 actor
762 1197 902 1267 consequi,
920 1201 1052 1266 qnantum
1072 1202 1292 1268 consequeretur,
1309 1197 1333 1252 si
1346 1196 1415 1252 liber
1425 1195 1455 1252 id
1466 1195 1574 1252 fumum
1586 1193 1701 1264 iecisset,
1716 1204 1736 1244 ιι

229 1289 248 1346 2
319 1290 461 1344 inmersus
483 1287 552 1342 libro
576 1285 727 1342 uicensimo
748 1285 831 1342 tertio
853 1285 1033 1356 digestorum.
1066 1285 1095 1340 id
1118 1289 1162 1341 est
1179 1291 1208 1340 et
1225 1299 1331 1356 poenae
1349 1285 1460 1341 nomine
1477 1284 1528 1340 du·
1563 1287 1738 1352 nearest·

266 1378 341 1448 plum
360 1383 388 1432 et
405 1375 585 1432 condictionis
601 1375 739 1444 simplum.

229 1465 248 1523 3
320 1465 471 1520 Unrrnraus
494 1463 562 1519 libro
585 1463 745 1532 trigessimo
769 1465 869 1517 octauo
893 1460 930 1516 ad
953 1461 1083 1516 edictum.
1119 1461 1252 1528 Quotiens
1273 1465 1381 1518 tantum
1404 1465 1531 1532 praestat
1549 1457 1729 1546 Qs

266 1553 402 1623 dominus,
423 1557 555 1622 quantum
573 1556 767 1621 praestaretur,
786 1550 810 1604 ai
828 1565 899 1606 nnus
916 1549 985 1606 liber
1003 1548 1122 1620 iecisset,
1141 1555 1233 1606 cessat
1250 1555 1402 1606 ceterorum
1421 1551 1534 1607 nomine
1552 1553 1634 1622 actio,
1651 1566 1700 1606 non

266 1639 399 1696 aduersm
416 1641 516 1710 ipsum,
533 1654 629 1694 uerum
649 1639 730 1694 etiam
750 1637 884 1694 aduersus
899 1643 1050 1708 emptorem
1062 1639 1230 1710 dumtaxatl,
1249 1640 1272 1694 si
1284 1637 1355 1693 forte
1366 1639 1429 1708 qnia
1441 1653 1548 1708 eorum,
1566 1641 1615 1709 qui
1626 1637 1700 1694 simul
1713 1643 1733 1686 ¹⁵

265 1729 397 1800 fecerant,
415 1729 541 1784 conterit.
568 1727 696 1798 idemque
715 1727 784 1782 etsi
802 1723 884 1782 inerit
902 1727 1095 1783 manumissus.
1122 1727 1196 1798 qnod
1214 1729 1239 1782 si
1255 1728 1332 1797 prins
1349 1726 1432 1782 fuerit
1444 1727 1570 1783 ablatum
1583 1744 1600 1783 a
1611 1743 1699 1783 mauu·

267 1818 360 1888 misso,
377 1823 444 1872 tunc
463 1815 573 1872 dabitur
590 1816 723 1871 aduersus
735 1815 874 1870 dominnm
888 1812 1007 1870 familiae
1019 1816 1142 1870 nomine:
1161 1817 1294 1872 necerim
1307 1816 1476 1886 potestdici‚
1493 1815 1571 1886 quod
1583 1832 1601 1871 a
1612 1829 1698 1870 mann·

266 1907 351 1962 misso
368 1905 530 1976 praestitum
550 1909 606 1974 est,
629 1904 709 1974 quasi
726 1919 745 1958 a
760 1901 863 1958 familia
881 1917 944 1958 esse
961 1904 1133 1974 praestitum.
1167 1904 1246 1974 piane
1264 1905 1289 1959 ei
1306 1907 1414 1974 emptor
1431 1906 1617 1974 praestiterit,
1638 1909 1698 1974 puto

267 1995 458 2064 denegandam
483 1993 511 2048 in
529 1993 699 2048 uenditorem
719 1992 870 2048 actionem:
894 1979 1097 2062 quodammodo
1115 1992 1187 2046 enim
1206 1991 1258 2048 hoc
1276 2008 1293 2048 a
1310 1993 1454 2048 uenditare
1472 1993 1636 2062 praestitum
1652 1995 1697 2060 est,

267 2083 302 2138 ad
321 2097 402 2152 quem
420 2097 624 2152 nonnumquam
642 2095 785 2150 regressus
803 2086 847 2136 est
864 2095 900 2135 ex
917 2079 969 2135 hac
987 2096 1080 2152 causa,
1099 2082 1217 2136 maxime
1234 2082 1258 2136 si
1276 2080 1348 2136 furto
1365 2096 1495 2152 noxaque
1511 2083 1632 2137 solutum
1644 2095 1697 2136 ease
1710 2086 1729 2128 ¹⁰

235 2183 247 2228 1
266 2171 400 2242 promisit.
437 2169 492 2226 Sed
511 2187 561 2240 an,
584 2170 608 2224 si
625 2169 710 2238 legati
728 2168 802 2224 semi
820 2169 929 2224 nomine
947 2169 993 2224 nel
1011 2169 1085 2238 eius,
1108 2170 1155 2239 qui
1173 2170 1290 2226 donatus
1308 2176 1365 2240 eet,
1383 2174 1478 2224 actum
1495 2170 1535 2224 sit
1552 2186 1615 2224 cnm
1632 2171 1697 2238 lega

266 2260 337 2314 tario
355 2260 399 2314 uel
417 2273 461 2329 eo,
478 2259 523 2314 cui
541 2257 659 2312 donatus
678 2261 729 2326 est,
747 2257 793 2326 agi
811 2257 900 2326 possit
917 2258 999 2312 etiam
1019 2272 1082 2313 cum
1094 2251 1204 2314 domino
1216 2263 1377 2328 ceterorum,
1395 2258 1554 2327 quaeritur:
1573 2256 1646 2327 qnod
1657 2255 1696 2312 ad·

234 2357 249 2401 a
267 2346 429 2404 mittendum
450 2351 527 2422 puto.
563 2347 652 2402 Huius
670 2345 754 2400 edicti
770 2346 955 2400 leuamentnm
974 2360 1030 2402 non
1046 2350 1154 2402 tantum
1173 2347 1211 2416 ei,
1235 2348 1282 2416 qui
1299 2362 1396 2402 seruos
1412 2345 1562 2416 possidens
1580 2346 1696 2402 condem·

266 2442 349 2492 natus
366 2435 504 2505 praestitit
521 2440 641 2504 tantum,
659 2439 807 2504 quantum,
826 2434 850 2488 ai
868 2449 939 2489 unus
957 2432 1025 2490 liber
1042 2432 1162 2504 fecisset,
1179 2434 1285 2504 datur²,
1302 2449 1399 2491 uerum
1417 2434 1444 2490 ei
1462 2449 1584 2506 quaque,
1602 2435 1648 2505 qui
1663 2433 1695 2489 id·

267 2525 340 2580 circo
358 2524 556 2580 condemnatus
574 2528 625 2593 eat,
644 2523 709 2592 quia
726 2522 790 2578 dolo
808 2520 912 2596 iecerat
929 2537 984 2592 quo
1003 2523 1092 2578 minua
1109 2523 1272 2593 possideret.
1707 2527 1726 2570 ’ὅ

230 2611 250 2668 4
321 2614 464 2668 Iumauus
488 2611 557 2668 libro
581 2611 732 2668 uicensimo
754 2610 875 2666 secundo
899 2609 1078 2681 digestorum.
1113 2611 1205 2668 Etiam
1222 2609 1369 2668 heredibus
1387 2610 1463 2679 eius,
1485 2611 1533 2667 cni
1550 2605 1695 2696 Q
1706 2611 1731 2686 ss

267 2703 359 2772 plures
377 2701 500 2756 eiusdem
518 2697 638 2754 familiae
655 2697 757 2754 furtum
775 2697 899 2768 iecerint,
917 2698 1013 2754 eadem
1032 2699 1104 2755 actio
1123 2705 1278 2770 competere
1295 2698 1388 2768 debet,
1407 2713 1479 2770 quae
1491 2703 1622 2758 testatori
1632 2715 1694 2756 com·

266 2789 393 2860 petebat,
417 2789 446 2844 id
469 2793 513 2844 est
532 2793 564 2844 ut
581 2803 676 2844 omnes
695 2801 750 2842 non
767 2787 886 2858 amplius
904 2793 1118 2858 consequantur,
1142 2803 1225 2859 quam
1243 2794 1489 2860 consequerentur,
1514 2790 1540 2846 si
1558 2790 1588 2845 id
1605 2788 1694 2846 iudan

266 2877 336 2934 liber
353 2877 472 2933 iecisset.
629 2923 630 2926 ,
1705 2881 1723 2924 a

230 2964 249 3024 5
319 2967 501 3022 Menoeceus
523 2964 593 3020 libro
611 2969 710 3020 octauo
729 2963 907 3034 digestorum.
943 2965 1059 3020 Familia
1077 2965 1229 3022 communis
1246 2965 1350 3020 sciente
1368 2966 1455 3021 altero
1473 2964 1530 3038 sur·
1548 2959 1722 3052 [saurgai

267 3060 326 3111 tum
345 3051 423 3110 iecit:
445 3054 565 3110 omniurn
585 3053 694 3109 nomine
713 3068 775 3108 cum
793 3067 826 3108 eo
845 3053 892 3122 qui
910 3053 964 3108 scit
981 3051 1048 3108 iurti
1065 3054 1111 3124 agi
1127 3054 1243 3124 poterit,
1261 3069 1323 3108 com
1342 3055 1428 3110 altero
1447 3053 1484 3109 ad
1503 3070 1568 3112 enm
1587 3055 1694 3122 modun,

267 3145 315 3214 qui
332 3143 422 3200 edicto
440 3141 651 3212 comprehensus
669 3146 725 3196 est:
744 3141 818 3212 quod
835 3141 881 3196 ille
898 3143 1067 3211 praestiterit
1084 3157 1139 3197 non
1151 3143 1236 3196 totius
1248 3139 1366 3197 familiae
1378 3143 1499 3212 nomine,
1519 3143 1556 3200 ab
1568 3145 1621 3200 hoc
1631 3145 1693 3199 sorio
1720 3149 1721 3152 ’

267 3237 373 3304 partem
392 3235 614 3300 consequeretur.
642 3234 671 3284 et
688 3230 713 3285 si
731 3244 827 3285 seruus
845 3231 997 3286 communis
1015 3231 1127 3286 alterius
1144 3231 1222 3286 iussu
1240 3230 1370 3286 damnum
1389 3231 1513 3302 dederit,
1532 3235 1615 3288 etiam
1632 3229 1693 3302 qnod

267 3321 437 3392 praestiterit
459 3319 540 3388 alter,
564 3318 587 3374 ei
611 3318 692 3374 modo
716 3333 779 3373 cum
803 3332 836 3372 eo
860 3333 968 3388 quoque
992 3333 1026 3374 ex
1049 3319 1111 3389 lege
1128 3319 1240 3390 Aquilia
1260 3319 1305 3374 uei
1323 3333 1357 3374 ex
1376 3318 1525 3375 duodecim
1543 3320 1643 3376 tabuiis
1658 3317 1694 3388 aqi

267 3414 373 3480 potest,
397 3413 504 3478 repetat
522 3423 539 3461 a
556 3407 645 3476 socio,
668 3407 749 3462 sicuti
768 3421 830 3461 cum
849 3407 987 3461 communi
1004 3407 1043 3462 rei
1062 3408 1184 3463 nocitum
1202 3412 1253 3462 est
1281 3407 1305 3462 si
1322 3422 1389 3477 ergo
1407 3407 1557 3464 domarat
1574 3409 1641 3466 duos
1656 3407 1692 3462 ba·
1704 3409 1721 3452 ³⁵

267 3497 392 3554 buerim³
410 3511 506 3552 seruos
525 3509 697 3565 communes,
716 3509 777 3549 cum
797 3509 838 3564 eo,
857 3509 911 3564 quo
930 3510 984 3551 non
1003 3495 1147 3565 ignorante
1165 3495 1268 3550 iactum
1287 3499 1338 3564 est,
1357 3499 1457 3565 agetur
1473 3499 1618 3568 utriusque
1633 3494 1692 3553 sorti

267 3587 385 3656 nomine,
404 3585 454 3640 sed
473 3599 527 3641 non
548 3585 559 3654 ss
577 3584 694 3655 amplius
713 3588 896 3651 consequetur
914 3600 931 3638 a
949 3583 1033 3654 socio,
1051 3599 1133 3654 quam
1151 3585 1175 3639 si
1193 3583 1274 3639 umus
1291 3584 1402 3640 nomine
1415 3586 1616 3654 praestitisset:
1632 3562 1748 3657 quodfflf

267 3691 460 3762 amineo)

268 3853 277 3888 ¹
296 3865 351 3910 non
370 3849 503 3904 aduersus
527 3849 618 3918 ipsum
642 3847 799 3916 dumtaxat,
823 3862 918 3903 uerum
937 3847 1020 3904 etiam
1038 3847 1172 3904 aduersus
1189 3851 1341 3919 emptorem
1358 3850 1394 3916 (u.
1408 3847 1459 3914 ti?
1532 3850 1641 3908 ¹detur
1656 3851 1692 3904 dd

267 3921 472 3977 ³babuerimus
491 3922 572 3988 (adda
591 3919 694 3989 εῖχοιιειι
714 3919 794 3986 BS)?

267 4078 444 4147 ddeinng't'i
465 4077 499 4130 Ρ
554 4079 702 4132 insutum
724 4076 807 4132 edicti
824 4076 958 4133 beneficio
1012 4077 1075 4132 sisar
1095 4078 1144 4134 BS
1203 4079 1430 4134 associomur
1449 4077 1487 4132 Ρ
1549 4081 1585 4135 23
1601 4079 1694 4136 l‘a'esa

267 4149 437 4214 (benefi‘l’cio
461 4152 541 4202 niteo
564 4152 619 4202 loco
644 4147 690 4215 Ρ)
718 4149 740 4201 si
766 4148 858 4217 plures
885 4149 958 4204 serni
1012 4153 1132 4203 mentum
1147 4144 1197 4201 F2'
1241 4150 1276 4204 26
1294 4148 1462 4204 heredibus
1476 4151 1515 4203 Ρ
1558 4153 1592 4206 ‘di
1606 4147 1694 4220 qoae‘s'

267 4222 397 4276 damnum
407 4222 446 4274 bis
456 4221 492 4271 Ρ
529 4219 688 4274 secundem
700 4221 737 4271 Ρ
776 4219 958 4275 9tam‘eu'diu
1011 4219 1154 4276 testatori
1173 4217 1209 4272 Ρ
1262 4219 1298 4274 30
1316 4219 1421 4274 sciente
1439 4221 1538 4290 altero]
1559 4221 1652 4278 Θιοκι·
1666 4223 1695 4274 ia

267 4295 304 4346 Ρ
315 4295 319 4358 t
332 4289 492 4346 sustiner‘e'i
503 4289 539 4360 Ρ
558 4291 815 4359 10consequeturF
832 4293 864 4345 11
876 4289 957 4352 Oian.
1008 4289 1101 4362 periura
1110 4293 1229 4361 fartam
1247 4290 1350 4345 sciente
1375 4291 1464 4346 altero
1482 4291 1609 4362 domino,
1629 4293 1695 4361 igno

267 4362 307 4432 ΒΙ
322 4368 365 4417 ost
371 4368 418 4417 *et*
426 4375 532 4431 poenae
539 4363 588 4415 F’:
599 4363 638 4415 sai
648 4361 696 4415 raia
706 4361 799 4415 ιιοιιιὲιιι
809 4362 857 4423 τοῨ
866 4362 958 4422 arctoi
1011 4367 1089 4416 rante
1101 4362 1201 4416 attero:
1218 4369 1284 4416 certe
1295 4361 1343 4422 τοῩ
1360 4361 1409 4414 n'ea
1422 4361 1487 4418 ὲιιὸο
1499 4365 1558 4417 τῶιι
1569 4363 1695 4418 becceriis

268 4435 306 4489 asi
326 4433 358 4488 τὸ
376 4433 475 4494 acacia
494 4432 543 4496 τοῨ
560 4433 708 4502 npasaaroc
726 4433 753 4486 B
770 4434 892 4499 (Anca),
917 4433 956 4487 aei
1011 4431 1195 4496 ὲπιοτοιιὲιιογ,
1222 4432 1272 4493 τοῩ
1297 4433 1326 4485 Δὲ
1354 4432 1437 4496 datos
1466 4432 1631 4497 associaret
1654 4432 1696 4487 ΒΞ

153 4555 156 4562 .
267 4505 299 4560 τὸ
322 4505 448 4574 Διοφὲροιι
472 4504 521 4558 aie
544 4506 638 4559 notaio
663 4503 770 4558 babeam
797 4503 844 4557 BS
867 4505 958 4570 (Dor.)
1011 4505 1102 4569 (Dor.)
1114 4505 1440 4574 similiterqaeB(Anoea)
1480 4506 1696 4576 32quodille...

268 4578 302 4631 14
315 4591 369 4630 non
381 4581 506 4630 *tantum*
518 4575 651 4630 adiremus
663 4575 753 4644 ipsum
766 4588 861 4629 nerum
873 4576 957 4629 etiam
1010 4575 1046 4630 33
1064 4574 1286 4643 consequeretur]
1306 4575 1328 4628 εἰ
1346 4574 1378 4627 t's
1396 4574 1412 4628 ὁ
1431 4573 1515 4632 stoebe
1578 4575 1695 4644 aurasiae

267 4648 400 4702 aduersus
410 4653 559 4714 emptorem
569 4647 713 4700 dumtaxat
722 4645 771 4699 Ρι
782 4647 820 4700 sai
832 4644 863 4707 oi
872 4646 956 4700 adana
1010 4650 1056 4710 (=
1068 4644 1142 4714 quod
1160 4645 1205 4700 iile
1216 4645 1264 4716 qui
1276 4646 1329 4700 scit
1339 4646 1532 4714 praestiterit),
1551 4647 1584 4711 oi
1600 4649 1695 4710 spara

267 4719 282 4772 ἡ
302 4717 357 4802 aas
374 4716 589 4801 οῩτοῩΑὲιιοΓωιιὶ
614 4715 696 4787 ipset,
718 4714 782 4806 aaut
801 4717 840 4802 sai
860 4717 881 4802 si·
894 4715 957 4770 κοτίι
1010 4715 1192 4804 instruaris
1207 4715 1380 4802 Ιἔοι-κοιίιοιιτο,
1400 4717 1425 4772 εἷ
1442 4737 1466 4774 ιι
1485 4718 1554 4791 incip
1566 4717 1696 4774 necastis

266 4805 476 4915 ttitttttt'ti
499 4789 962 4914 ttittitttttttid
1010 4797 1304 4928 tdzttttttttt,
1320 4791 1695 4928 tisttttdtididt‘

266 4937 297 4986 at
312 4933 358 5000 Fi
379 4928 553 5000 regres‘e’sus
573 4928 629 4997 ΡΙ
650 4943 685 4984 aa
702 4929 772 4984 *bac*
790 4945 875 4985 causa
892 4932 930 4984 Ρ
1010 4931 1100 4986 miliae
1118 4931 1238 5000 nomino)
1257 4929 1306 4986 Be
1323 4929 1415 4998 (Dar.)

266 5000 331 5058 furti
354 5003 388 5058 F:
416 5002 500 5057 nicae
521 5000 617 5074 ὲιιοχιῖο
641 5001 680 5055 sei
709 5000 789 5056 adias
814 4999 955 5073 iaeioepoa

1594 5289 1787 5452 M

1581 5401 1585 5406 .
1597 5381 1629 5410 ..0,

1573 5431 1593 5451 μί’.
