3600 5460
254 283 374 353 XXXX
396 285 413 350 i
435 290 515 346 5-8
923 277 1013 359 460
1645 303 1689 350 oa

254 445 356 514 liquum
375 441 449 512 quod
468 445 582 512 apparet
600 441 690 512 soluit,
710 441 745 496 de
763 456 805 511 eo,
824 441 898 511 quod
917 440 1060 497 obscurius
1078 445 1130 511 est,
1148 441 1283 497 satisdare
1300 447 1413 513 paratus
1432 445 1484 497 est
1517 441 1648 498 Neratius
1664 447 1691 498 et

254 532 347 587 Aristo
365 537 439 587 recte
457 536 556 601 putant
573 529 689 586 liberum
707 529 773 601 sore,
791 545 826 586 ne
845 531 923 586 multi
936 530 971 586 nd
983 529 1137 585 libertatem
1149 531 1292 601 peruenire
1304 547 1359 587 non
1370 531 1480 602 possint
1491 531 1598 586 incerta
1610 547 1691 586 musa

223 632 234 675 1
254 621 367 677 rationis
385 626 413 676 et
431 635 532 690 &nere
550 621 653 690 negotii
671 619 835 676 huiusmodi.
872 618 1034 690 statuliber,
1053 620 1100 688 qul
1118 635 1173 675 non
1191 620 1311 676 rationes
1329 619 1457 690 reddere,
1477 620 1528 675 sed
1547 621 1691 691 pecuniam

253 711 345 767 iussus
363 715 406 766 est
423 710 498 780 dare,
517 725 660 765 numerare
678 709 769 780 debet,
788 725 843 765 non
860 707 1048 764 fideiussorem
1067 708 1141 763 dare.

218 796 236 856 6
308 800 458 856 Unrrauus
477 798 547 854 libro
565 799 716 855 uicensimo
734 799 851 869 septimo
870 797 906 853 ad
924 796 1065 853 Sabinum.
1102 795 1131 853 Si
1150 797 1311 854 statulibera
1328 813 1410 853 serua
1428 813 1535 870 poenae
1556 793 1692 882 Q

253 887 328 944 facta
345 889 381 942 sit
399 891 428 942 ct
441 894 506 958 post
517 888 720 944 damnationem
733 892 852 944 statutae
864 887 997 944 libertatis
1010 887 1135 944 condicio
1147 887 1292 957 exstiterit,
1309 888 1436 958 quamuis
1447 888 1501 959 ipsi
1513 887 1693 943 statuliberae

254 977 319 1034 nihil
342 975 480 1048 proficiat,
505 979 595 1048 partui
619 983 710 1033 tamen
734 977 866 1050 prolicere
885 982 1002 1048 oportet,
1027 982 1059 1033 ut
1075 976 1189 1048 perinde
1207 976 1276 1032 liber
1294 981 1436 1046 nascatur,
1459 981 1544 1047 atque
1563 978 1587 1032 sl
1605 981 1699 1032 mater

222 1077 234 1121 1
254 1067 384 1122 damnata
402 1081 456 1122 non
474 1071 556 1122 esset.
595 1067 665 1133 Quid
682 1071 775 1122 tamen
794 1068 817 1122 si
836 1082 891 1136 qua
909 1067 1066 1138 conceperit
1083 1068 1111 1122 ln
1129 1067 1276 1136 seruitute,
1295 1065 1395 1122 deinde
1413 1065 1449 1122 ab
1466 1066 1594 1122 hostibus
1613 1071 1704 1138 capta.

253 1156 359 1227 peperit
376 1153 415 1211 ibi
432 1161 496 1226 post
513 1157 676 1212 existentem
696 1156 892 1224 condicionem,
911 1171 946 1211 an
965 1155 1079 1211 liborum
1096 1155 1206 1226 pariat?
1232 1161 1261 1211 et
1272 1155 1380 1211 interim
1393 1155 1503 1226 quidem
1516 1157 1582 1227 quin
1595 1171 1704 1212 seruus

253 1244 372 1300 hostium
392 1245 435 1316 sit,
454 1259 626 1316 nequaquam
646 1245 759 1300 dubium
779 1249 834 1300 est:
853 1245 904 1300 sed
922 1245 1013 1300 uerius
1032 1251 1075 1301 est
1091 1245 1257 1316 postliminio
1276 1261 1339 1300 eum
1357 1245 1473 1301 liberum
1490 1244 1558 1317 lieri,
1577 1246 1652 1316 qnia,
1671 1246 1703 1300 si

222 1339 342 1390 amator
364 1335 392 1388 ln
415 1333 526 1390 ciuitate
549 1339 638 1403 esset,
661 1333 731 1390 liber
755 1337 919 1390 nasceretur.
956 1334 1039 1389 Plane
1064 1334 1087 1389 ei
1106 1334 1180 1404 apud
1198 1334 1291 1390 hostes
1310 1349 1372 1390 eum
1391 1336 1565 1406 concepisset
1582 1340 1612 1390 et
1630 1339 1713 1405 post:

254 1425 416 1479 existentem
435 1423 622 1479 condicionem
641 1423 788 1494 edidisset,
811 1423 956 1492 benignius
974 1423 1080 1478 dicetur
1098 1428 1253 1494 competere
1271 1423 1297 1478 ei
1314 1425 1510 1494 postliminium
1530 1431 1559 1479 et
1575 1423 1707 1480 liberum

222 1525 317 1570 esum
340 1527 427 1580 osse„
447 1511 596 1568 statuliber
618 1513 740 1582 parendo
763 1513 916 1568 condicioni
939 1513 966 1566 in
990 1527 1108 1581 persona
1125 1513 1256 1583 emptoris
1273 1513 1400 1583 peruenit
1418 1514 1453 1568 ad
1470 1513 1642 1570 libertatem:
1666 1520 1711 1570 et:

255 1601 395 1659 sciendum
419 1601 471 1657 hoe
494 1601 529 1656 ad
554 1601 730 1657 statuliberos
753 1603 841 1658 omnis
859 1617 941 1658 sexus
959 1603 1104 1672 pertinere.
1137 1617 1192 1658 non
1211 1603 1299 1659 solum
1318 1606 1410 1658 anum
1428 1603 1451 1658 si
1471 1604 1601 1674 uenient,
1625 1604 1713 1660 hasa

255 1691 379 1748 condicio
397 1690 432 1746 ad
451 1705 514 1746 eum
533 1691 631 1746 transit
649 1691 696 1762 qui
714 1693 793 1762 emit,
818 1707 912 1747 uerum
931 1693 1015 1747 etiam
1035 1691 1070 1747 ad
1089 1705 1197 1762 omnes,
1215 1691 1380 1762 quicumque
1398 1707 1508 1762 quoquo
1526 1693 1587 1748 iure
1607 1693 1707 1749 domi-

254 1781 329 1836 nium
353 1781 381 1835 in
399 1780 560 1836 statulibero
578 1781 651 1835 nacti
671 1785 743 1835 sunt.
775 1781 835 1836 sine
853 1781 936 1850 igitur
953 1783 1062 1852 legatus
1080 1781 1117 1836 sit
1134 1779 1184 1835 tibi
1202 1779 1237 1836 sb
1256 1780 1356 1836 herede
1374 1781 1519 1837 statuliber
1536 1783 1598 1837 siue
1617 1782 1714 1838 adiu·

254 1869 362 1925 dicatus
386 1870 445 1925 siue
465 1875 616 1940 usucaptus
635 1885 652 1924 a
670 1873 697 1924 te
716 1871 774 1925 sine
792 1870 910 1926 traditus
928 1871 972 1926 rael
991 1871 1082 1940 aliquo
1101 1871 1159 1925 iure
1176 1874 1241 1926 tuus
1259 1869 1363 1940 lactus,
1386 1871 1444 1926 sine
1462 1869 1548 1927 dubio
1567 1871 1713 1928 dicemus

221 1971 238 2017 t
255 1973 350 2030 parere
368 1959 520 2016 condicioni
538 1961 566 2014 in
584 1973 702 2030 persona
719 1963 768 2014 tna
785 1975 875 2029 posse.
909 1959 959 2015 sed
978 1963 1006 2014 et
1024 1960 1051 2014 ln
1070 1959 1168 2014 herede
1185 1961 1316 2029 emptoris
1334 1959 1407 2016 idem
1426 1960 1533 2016 dicitur.
1572 1960 1602 2017 Si
1621 1959 1713 2019 filins

255 2047 372 2104 familias
395 2047 474 2103 heres
498 2047 534 2103 sit
552 2047 694 2106 institutus
712 2053 741 2104 et
759 2048 902 2104 statuliber
919 2047 975 2104 fillo
993 2049 1059 2104 dare
1077 2049 1169 2103 iussus
1187 2053 1230 2104 est
1248 2054 1278 2103 et
1295 2048 1363 2104 liber
1381 2065 1455 2120 esse,
1479 2050 1539 2105 siue
1558 2049 1617 2107 lilio
1635 2053 1715 2108 siue

257 2137 267 2210 ll
285 2138 357 2208 patri
375 2137 466 2192 dando
483 2139 609 2208 peruenit
627 2139 663 2194 sd
680 2137 842 2209 libertatem,
862 2139 927 2208 quia
944 2144 973 2193 et
991 2139 1027 2194 ad
1042 2141 1147 2208 patrem
1160 2136 1318 2193 hereditatis
1331 2139 1544 2195 emolumentum
1557 2142 1709 2210 peruenit.

255 2227 305 2284 scd
327 2232 355 2282 et
377 2228 401 2282 si
423 2232 487 2298 post
510 2233 624 2283 mortem
643 2227 692 2284 filii
709 2228 780 2298 patri
799 2227 905 2282 dederit
922 2227 1001 2297 quasi
1019 2227 1128 2282 heredis
1146 2227 1253 2297 heredi,
1276 2226 1346 2283 liber
1368 2229 1433 2284 erit:
1456 2244 1521 2284 nam
1540 2234 1570 2284 et
1589 2231 1615 2285 sl
1633 2232 1715 2300 quis

255 2322 386 2384 aheneo
404 2315 470 2372 dare
488 2317 580 2372 iussos
598 2317 634 2372 sit
652 2322 681 2372 et
697 2316 765 2372 liber
783 2331 857 2388 esse,
882 2316 981 2372 deinde
1000 2315 1043 2371 hic
1061 2316 1154 2372 heredi
1172 2316 1252 2372 heres
1269 2317 1403 2385 extiterit,
1427 2333 1482 2374 non
1500 2319 1581 2388 quasi
1599 2319 1630 2374 in
1649 2335 1713 2376 ex-

223 2407 343 2464 etranei
366 2420 496 2476 persona,
520 2406 569 2462 sed
593 2407 671 2476 quasi
693 2407 721 2461 in
739 2405 847 2461 heredis
864 2405 1018 2461 condicioni
1034 2405 1149 2476 parebit
1186 2403 1336 2461 statuliber
1353 2406 1448 2461 decem
1467 2407 1534 2462 dare
1552 2408 1648 2464 iussus
1667 2417 1711 2465 et

223 2508 237 2554 c
255 2497 324 2553 liber
341 2511 417 2566 esre,
436 2495 460 2551 si
478 2495 598 2566 quinque
616 2495 689 2552 datis
706 2495 855 2552 distractus
873 2496 922 2564 sit,
940 2494 1051 2550 residua
1068 2495 1188 2566 quinque
1206 2495 1322 2566 emptori
1340 2493 1426 2551 dabit.
1462 2495 1492 2551 Sl
1510 2511 1611 2552 seruus
1629 2504 1713 2554 tuus

256 2585 446 2643 statuliberurn
465 2585 570 2652 emerit,
588 2583 639 2640 tibi
658 2585 746 2654 datur,
765 2585 838 2655 qnod
857 2583 1003 2639 heredibus
1022 2583 1088 2639 dare
1101 2584 1192 2639 iussus
1205 2589 1254 2640 est
1284 2584 1333 2640 sod
1346 2590 1374 2640 ct
1386 2586 1409 2640 si
1422 2591 1470 2641 tuo
1482 2601 1565 2642 serno
1577 2585 1709 2658 dederit,

256 2677 280 2731 si
302 2675 384 2732 modo
402 2675 427 2730 is
445 2689 507 2730 enm
525 2673 657 2742 peculiari
675 2675 785 2732 nomine
803 2674 869 2729 emit
886 2689 975 2744 neque
994 2674 1019 2728 ei
1038 2679 1069 2730 tu
1086 2673 1222 2743 peculium
1241 2673 1381 2746 ademisti,
1405 2679 1472 2744 puto
1490 2673 1608 2731 liberum
1628 2675 1707 2748 lore,

257 2765 361 2820 seilicet
378 2769 410 2820 ut
427 2778 460 2821 eo
478 2763 560 2819 modo
579 2762 629 2819 tibi
647 2762 756 2819 dedisse
774 2764 956 2834 intellegatur,
975 2764 1088 2834 perinde
1107 2767 1190 2834 atque
1208 2764 1231 2819 si
1250 2768 1299 2819 tna
1316 2765 1458 2820 uoluntate
1473 2765 1563 2820 cuiuis
1575 2766 1623 2821 alii
1635 2771 1709 2822 tuo—

204 2885 207 2892 *
225 2865 239 2910 ι
257 2869 316 2909 rum
336 2868 477 2909 seruorum
496 2853 626 2908 dedisset.
654 2851 683 2908 Si
701 2853 763 2923 quis
781 2867 836 2908 non
854 2852 920 2908 dare
938 2853 1034 2908 decem
1055 2860 1077 2908 et
1094 2852 1163 2909 liber
1180 2867 1250 2923 esse,
1269 2853 1318 2908 sed
1332 2853 1484 2910 rationibus
1496 2853 1615 2910 redditis
1625 2855 1719 2912 liber·

257 2958 318 2998 esse
337 2944 428 2998 iussus
446 2943 494 3014 sit,
515 2959 550 2998 an
569 2942 603 2997 nd
622 2948 773 3013 emptorem
792 2941 859 2997 haee
878 2941 1002 2999 condicio
1020 2947 1155 3012 tanseat,
1174 2942 1326 2998 uideamus.
1357 2949 1385 2998 et
1403 2943 1471 2998 alias
1488 2944 1634 3000 solendum
1653 2951 1722 3001 calz

257 3047 305 3088 eas
323 3031 432 3088 demum
452 3033 626 3088 condiciones
644 3033 679 3088 ad
698 3037 848 3102 emptorem
865 3033 989 3102 transire,
1008 3045 1079 3102 quae
1091 3037 1156 3087 sunt
1167 3033 1195 3087 in
1208 3031 1311 3087 dando:
1330 3037 1451 3088 oeternm
1463 3031 1524 3103 hae,
1544 3049 1618 3104 quae
1631 3040 1721 3091 sunt:

258 3123 285 3178 in
308 3120 447 3192 iaciendo,
472 3136 527 3177 non
551 3127 707 3193 transeunt,
730 3128 762 3178 ut
784 3126 852 3192 puta
874 3123 897 3177 sl
921 3121 1005 3178 filium
1030 3123 1089 3177 clus
1107 3122 1212 3177 litteras
1230 3121 1383 3177 edocuerit:
1405 3121 1457 3178 hac
1476 3123 1549 3178 enim
1568 3125 1715 3194 personis*

257 3225 352 3268 eorum
374 3210 533 3282 cohaerent,
556 3211 657 3281 quibus
680 3209 878 3268 adscribuntur.
910 3212 1045 3267 rationum
1070 3217 1162 3267 autem
1182 3211 1382 3267 reddendarum
1401 3210 1541 3282 condicio,
1564 3213 1640 3283 quod
1659 3214 1707 3269 ad.

257 3301 361 3371 reliqua
379 3299 489 3370 quidem
508 3299 616 3371 attinet,
634 3301 662 3356 in
681 3301 772 3356 danda
789 3302 906 3371 pecunia
924 3301 1058 3372 consistit,
1076 3299 1150 3371 quod
1168 3304 1260 3356 sutem
1279 3301 1314 3356 ad
1332 3301 1392 3371 ipsa
1403 3300 1544 3356 uolumina
1556 3303 1691 3358 rationum

257 3389 391 3464 tradenda
412 3389 668 3460 percontandasque
692 3395 720 3445 et
743 3391 939 3466 eramiuandas
963 3391 1082 3446 rationes
1106 3395 1134 3446 et
1158 3390 1201 3445 in²
1221 3388 1427 3461 dispergendae
1449 3394 1534 3460 atque
1553 3393 1710 3448 excutien-

258 3480 321 3549 das,
346 3478 447 3534 factum
472 3475 564 3534 habet.
592 3495 657 3533 num
681 3480 747 3550 qnid
771 3495 837 3550 ergo
859 3481 964 3550 reliqua
981 3479 1091 3550 quidem
1109 3485 1138 3536 et
1156 3480 1270 3550 emptori
1289 3479 1379 3535 dando
1397 3479 1541 3549 pentenist
1559 3480 1595 3536 ad
1614 3481 1690 3536 libcr-

258 3575 356 3638 tatem,
384 3572 476 3622 cetera
500 3569 526 3622 in
550 3583 669 3637 persona
691 3569 799 3625 heredis
822 3569 993 3625 consistenti
1025 3574 1092 3640 puto
1116 3569 1218 3640 igitur²
1241 3569 1327 3625 etad
1350 3574 1500 3640 emptorem
1524 3569 1697 3642 reliquorum

257 3659 419 3715 solutionem
443 3657 604 3713 transmitti:
628 3659 666 3714 sic
689 3657 750 3728 fiet,
775 3663 805 3714 ut
828 3659 967 3714 diuidetur
989 3657 1126 3715 condicio:
1151 3664 1179 3714 et
1201 3659 1240 3714 ita
1257 3659 1423 3730 Pomponius
1446 3657 1515 3714 libro
1539 3665 1640 3716 octauo
1658 3676 1693 3715 ex

258 3747 360 3805 Sabino
377 3747 495 3818 scripsit.

222 3839 240 3899 7
310 3837 430 3893 Paucos
449 3835 519 3892 libro
537 3837 632 3907 quinto
651 3837 687 3893 ad
705 3836 845 3893 Sabinum.
882 3837 955 3894 Usus
973 3836 1078 3893 fructus
1097 3837 1224 3894 alienatio
1243 3835 1429 3892 condicionem
1448 3838 1536 3892 statu·
1554 3832 1701 3923 W

257 3926 335 3982 liberi
353 3941 446 3981 seeum
465 3941 519 3982 non
537 3925 629 3982 trahit.
1570 3915 1697 3924 w
1737 3917 1789 3966 ¹0

221 4018 240 4077 8
311 4016 482 4072 Pouootuus
500 4013 569 4071 libro
588 4020 687 4072 octauo
706 4015 741 4072 ad
760 4014 900 4072 Sabinum.
928 4015 971 4071 lta
987 4013 1057 4071 liber
1074 4029 1136 4071 esse
1154 4015 1245 4072 iussus
1264 4014 1295 4070 'si
1312 4013 1407 4070 decem
1420 4013 1535 4088 dederit,
1555 4013 1696 4102 Q
1721 4008 1759 4070 5

258 4104 334 4160 'liber
356 4103 424 4161 esto'
441 4103 536 4160 heredi
559 4105 625 4160 dare
648 4105 745 4162 debet:
768 4123 831 4162 nam
855 4106 902 4176 qul
920 4103 1089 4175 nonhabet,
1114 4104 1157 4160 eni
1176 4103 1237 4175 det,
1261 4103 1356 4162 heredi
1373 4103 1465 4162 dando
1484 4106 1520 4162 sd
1538 4105 1691 4164 libertatem

226 4210 238 4254 1
258 4194 391 4265 peruenit.
428 4193 458 4250 Si
480 4198 573 4265 partes
597 4210 661 4250 suas
686 4195 801 4265 qouque
819 4194 950 4252 heredum
969 4193 1086 4250 diuersis
1103 4193 1258 4251 ementibus
1276 4194 1442 4266 condiderit,
1464 4211 1534 4266 quse
1553 4197 1692 4268 portiones

257 4283 404 4340 heredibus
429 4282 500 4338 dara
518 4283 661 4340 statuliber
679 4283 787 4356 debuit,
809 4285 921 4340 easdem
940 4283 1018 4341 dabit
1035 4283 1212 4356 emptoribus.
1244 4284 1338 4342 Labeo
1356 4289 1447 4342 autem
1466 4285 1519 4356 sit,
1542 4287 1567 4344 si
1585 4287 1693 4344 nomina

257 4380 473 4452 emrtuos)

258 4483 370 4494 n——n—-ss—

260 4529 269 4562 ¹
288 4529 317 4580 et
334 4525 370 4594 ln]
390 4529 419 4579 et
435 4525 518 4580 exin?
587 4526 599 4561 ²
617 4525 752 4580 rationum
772 4526 943 4580 exactionem
961 4525 1034 4597 apud
1053 4525 1181 4582 heredem
1199 4541 1341 4583 remanere
1362 4535 1409 4581 tna.

258 4657 489 4714 3ratlon‘e'isF‘
535 4661 732 4729 ioporteatF
773 4661 805 4714 10
824 4658 892 4713 lueri
911 4659 947 4713 F¹
1001 4659 1235 4716 adscribanturl'
1274 4659 1489 4716 attrectandum
1509 4661 1545 4715 F·
1561 4663 1567 4732 l
1582 4677 1696 4734 percon·

259 4732 294 4786 12
312 4729 475 4785 edi's'distet
498 4728 534 4782 F*
597 4731 630 4786 14
654 4731 778 4800 [lenierit]
806 4732 828 4784 F
831 4733 839 4765 ¹
847 4731 873 4784 Y
892 4751 948 4785 enm
1001 4737 1148 4804 tantaeque
1175 4733 1221 4788 F’:
1249 4733 1287 4788 sic
1313 4731 1345 4788 τὸ
1372 4732 1609 4796 Ᾰκιψιιλιφκθΐικιι
1633 4736 1697 4798 roro

258 4803 321 4857 Bo.-
344 4800 390 4854 ida
409 4801 506 4872 ripatici,
531 4801 664 4858 euenierit
682 4805 740 4869 (tio)
760 4805 782 4856 F
785 4803 804 4867 ²,
826 4804 949 4857 elicuerit
1002 4804 1097 4868 hdsoro
1116 4805 1154 4859 κιὶ
1175 4805 1374 4869 trapsotctiruar
1389 4806 1427 4859 sai
1441 4805 1530 4874 ὠιιιερ
1543 4805 1696 4878 ἒκτικιχθῐι-

258 4871 378 4940 XZMO,
394 4873 499 4928 'nelitO
546 4875 580 4929 16
598 4872 756 4929 berede'de'
771 4875 808 4928 Ρ
856 4875 889 4928 18
903 4873 948 4928 he·
1003 4895 1041 4930 aar
1064 4876 1110 4930 BS
1131 4878 1135 4946 l
1157 4881 1185 4932 et
1209 4877 1307 4931 om.F¹
1366 4877 1400 4932 ei
1419 4875 1610 4934 hausm'is'itli
1635 4881 1698 4952 F'!

259 4945 396 5000 redemi*
436 4946 469 5000 19
488 4943 562 5014 dare]
582 4943 649 5000 dure
667 4945 704 4999 F¹
748 4947 783 5000 20
801 4943 949 5015 patri's'lw
1002 4947 1051 5016 sic]
1077 4948 1100 5002 si
1125 4951 1150 5002 F
1205 4949 1242 5003 tt
1265 4947 1344 5006 dauit
1369 4949 1428 5018 1⁹¹1
1453 4949 1601 5008 nomina'n'
1619 4951 1699 5008 dum·

258 5017 294 5072 23
311 5017 418 5086 parenit
435 5018 471 5070 F¹
531 5017 566 5072 24
584 5017 607 5072 si
625 5017 754 5088 quinque]
774 5018 893 5086 quinque
911 5017 948 5074 st
1001 5024 1079 5075 taxat
1100 5019 1133 5072 F*

258 5089 294 5145 28
313 5093 341 5144 et
359 5091 443 5144 omi*
478 5087 577 5144 30hae
590 5091 684 5146 om.F·
720 5085 947 5160 32oohcrentFl
