3728 5452
302 231 480 300 XXXVIIII
502 233 518 298 1
540 239 638 294 9-18
982 225 1069 307 378
1442 251 1488 298 nn
1512 249 1637 300 onasus
1659 249 1741 299 scus

303 391 348 446 tui
365 390 487 460 pignoris
505 390 614 446 nomine
632 389 776 459 praedium
794 392 911 459 tenetur,
930 388 1143 459 permittendum
1162 392 1206 444 est
1223 388 1259 445 de
1276 388 1343 459 iure,
1361 388 1390 444 id
1403 392 1447 445 est
1458 389 1494 445 de
1512 390 1657 460 seruitute,
1674 403 1742 459 opus

303 495 404 534 nouum
424 479 563 533 nuntiare:
581 494 645 534 nam
664 479 690 534 ei
709 479 859 534 uindicatio
877 479 1018 534 seruitutis
1036 478 1125 532 datur.

247 568 286 628 10
357 567 507 622 Unnrsuue
524 567 593 622 libro
612 567 841 637 quadragensimo
860 568 955 636 quinto
974 566 1009 622 ud
1022 565 1164 622 Sabinum.
1191 565 1287 635 Operis
1305 565 1370 626 noui
1385 565 1522 621 nuntiatio
1540 567 1569 621 in
1587 559 1743 649 [Q
1770 571 1788 625 8

303 670 360 712 rem
378 654 422 725 fit,
447 671 502 710 ncn
520 657 548 710 in
566 670 725 725 personam:
749 659 779 711 et
795 655 858 712 ideo
877 653 982 711 furioso
1000 659 1028 710 ct
1046 653 1145 710 Infanti
1163 652 1223 709 fieri
1244 659 1338 724 potest
1360 669 1411 708 nec
1429 655 1529 711 tutoris
1547 655 1700 711 auctoritas
1716 655 1743 710 iu

303 759 337 801 ea
354 745 526 800 nuntiatione
544 745 671 813 exigitur.
1760 755 1771 796 1

247 836 282 892 11
355 834 475 888 Prunus
492 831 561 887 libro
579 833 725 888 undecimo
743 833 780 888 ad
798 830 939 888 Sabinum.
969 831 1088 890 Cuilibet
1099 833 1171 888 enirn
1184 831 1363 901 intellegenti,
1381 831 1468 886 ueluti
1479 829 1567 902 fabro,
1587 826 1744 915 Q
1772 837 1791 891 S

302 923 458 977 nuntiatum
476 919 608 976 infantem
627 926 656 977 et
674 921 806 976 furiosum
825 926 911 976 tenet
1558 919 1559 922 ’

247 1013 284 1070 12
355 1011 433 1065 Iners
450 1008 519 1064 libro
537 1011 618 1065 tertio
637 1011 744 1066 decimo
757 1010 792 1065 ad
805 1009 947 1064 Sabinum.
974 1009 1017 1063 lis
1030 1009 1120 1078 operis
1132 1007 1198 1065 noui
1209 1007 1380 1064 nuntiatione
1392 1008 1416 1063 sl
1428 1014 1568 1080 caueatur,
1588 1005 1745 1094 Q
1773 1015 1794 1069 S

302 1099 370 1155 tanti
389 1099 529 1167 stipulatio
547 1101 734 1168 committitur,
753 1100 848 1168 quanti
866 1098 1017 1154 iudicatum
1036 1097 1080 1152 ait.
1762 1109 1774 1152 1

247 1189 285 1247 13
356 1188 498 1243 Iunrsuue
521 1185 590 1242 libro
614 1187 844 1258 quadragensimo
866 1187 955 1256 primo
982 1185 1161 1256 digestorum.
1207 1184 1276 1241 (lum
1303 1189 1464 1255 procurator
1490 1200 1561 1256 opus
1588 1183 1745 1272 Q
1773 1192 1791 1247 S

303 1291 405 1332 nouum
424 1274 532 1331 nuntiat
550 1280 578 1329 et
596 1276 714 1330 satisdat
731 1291 789 1332 reru
806 1281 895 1331 ratam
913 1274 1054 1331 dominum
1073 1273 1230 1330 babituram
1247 1279 1277 1330 et
1293 1275 1418 1329 remissio
1436 1275 1464 1329 in
1482 1275 1587 1330 domini
1599 1291 1745 1346 personam

271 1373 283 1416 1
303 1363 455 1420 censemur:
474 1365 499 1418 si
517 1363 644 1419 dominus
662 1380 732 1433 opus
750 1380 852 1419 nouum
871 1364 1040 1418 nuntiauerr't
1056 1363 1129 1418 intra
1147 1363 1228 1432 diem,
1246 1377 1318 1434 quae
1336 1363 1511 1434 stipulatione
1530 1378 1565 1418 ex
1577 1366 1669 1434 operis
1681 1366 1745 1422 norri

303 1453 475 1510 nuntiatione
493 1453 654 1522 interposita
671 1452 869 1522 comprehensa
886 1459 968 1522 esset,
988 1451 1168 1506 committitur
1185 1451 1338 1522 stipulatio:
1364 1451 1388 1506 si
1409 1452 1558 1521 praeterito
1580 1467 1615 1508 ea
1632 1453 1680 1508 die
1698 1453 1744 1510 do-

304 1543 394 1596 minus
412 1541 565 1610 nuntiaret,
588 1555 642 1596 non
661 1541 849 1598 committitur.
877 1557 940 1596 nam
959 1545 989 1596 et
1005 1541 1059 1611 ipsi
1077 1539 1201 1610 domino,
1220 1555 1282 1595 cum
1301 1540 1386 1594 semel
1404 1540 1586 1610 nuntiauerit,
1610 1557 1668 1598 non
1686 1557 1745 1612 per·

272 1637 286 1682 t
304 1632 421 1688 mittitur
438 1631 538 1685 iterum
556 1629 690 1698 nuntiare,
712 1629 844 1700 quamdiu
862 1629 1003 1700 stipulatio
1022 1643 1056 1682 ex
1075 1629 1166 1698 operis
1184 1629 1249 1683 noui
1267 1628 1439 1684 nuntiatione
1456 1631 1572 1684 teneret
1609 1628 1639 1684 Si
1658 1631 1688 1686 in
1705 1645 1744 1685 re-
1762 1643 1786 1684 rs

304 1719 434 1774 missione
452 1722 565 1787 aparte
584 1718 651 1788 eius,
670 1719 717 1787 qui
736 1733 806 1788 opus
823 1733 926 1774 nouum
945 1719 1129 1787 nuntiauerat,
1148 1721 1310 1786 procurator
1326 1716 1499 1786 intermisi,
1518 1716 1547 1772 id
1565 1733 1651 1788 agere
1669 1733 1744 1789 prae-

303 1813 390 1863 torem
410 1811 527 1876 oportet,
545 1820 580 1860 nc
598 1803 684 1860 falsus
701 1811 862 1874 procurator
879 1805 988 1862 absenti
1006 1807 1113 1876 noceat,
1132 1821 1194 1860 cum
1207 1805 1244 1860 sit
1255 1803 1397 1875 indignum
1409 1804 1532 1875 quolibet
1544 1806 1744 1863 interueniente

303 1894 466 1952 beneficium
485 1891 619 1966 praetoris
637 1895 734 1950 amitti.

248 1981 286 2038 14
356 1985 434 2038 lnnu
452 1983 520 2040 libro
539 1983 768 2053 quadragensimo
786 1998 859 2038 nono
872 1981 1050 2052 digestorum.
1079 1982 1131 2048 Qui
1144 1981 1217 2037 niam
1231 1980 1322 2052 babet,
1341 1982 1365 2038 si
1383 1997 1453 2052 opus
1465 1998 1568 2038 nouum
1587 1977 1743 2066 [iffae—roi
1770 1989 1788 2043 S
1832 1994 1838 2038 t

304 2073 472 2128 nuntiauerit
490 2073 623 2128 aduersus
641 2087 717 2142 eum,
742 2071 789 2141 qui
807 2072 835 2126 in
853 2072 900 2127 uia
918 2069 1058 2142 aedificat,
1081 2070 1147 2126 nibil
1170 2071 1242 2140 agit:
1266 2071 1316 2126 sed
1339 2072 1500 2127 seruitutem
1524 2071 1668 2128 nlndicare
1692 2087 1743 2128 non
1759 2085 1782 2125 11

324 2161 472 2216 rebibetur.

249 2179 323 2306 15p
358 2251 530 2306 Aumcauus
547 2248 617 2304 libro
635 2263 707 2304 nono
726 2247 927 2318 quaestionum.
958 2245 988 2302 Si
1006 2247 1090 2317 prius,
1108 2263 1192 2317 quam
1210 2245 1384 2302 aedificatum
1403 2253 1485 2317 esset,
1503 2263 1568 2318 age·
1588 2246 1743 2334 QQ
1768 2255 1838 2329 SA}

305 2342 380 2394 retur
396 2339 440 2394 ius
457 2339 548 2394 uicino
567 2352 622 2393 uon
640 2352 701 2392 esse
720 2337 805 2391 aedes
828 2337 910 2391 altius
933 2337 1028 2391 tollere
1051 2351 1102 2392 nec
1126 2351 1170 2391 res
1193 2335 1228 2390 ab
1246 2351 1280 2392 oo
1298 2333 1504 2405 defenderetur,
1527 2341 1622 2407 partes
1647 2340 1742 2394 iudicis

305 2443 359 2484 non
378 2427 445 2482 alias
464 2425 570 2482 futuras
588 2423 673 2480 fuisse
692 2426 738 2494 sit,
757 2440 839 2494 quam
858 2431 890 2480 ut
908 2440 980 2494 cum,
999 2439 1061 2478 cum
1080 2439 1135 2494 quc
1154 2429 1289 2494 ageretur,
1308 2439 1407 2480 cauere
1424 2424 1532 2480 iuberet
1549 2441 1605 2483 non
1619 2429 1698 2498 prius
1714 2443 1742 2483 se

305 2513 520 2584 aedificaturum,
539 2530 621 2584 quam
641 2514 712 2569 ultro
731 2513 836 2582 egisset
852 2513 896 2568 ius
914 2513 966 2568 sibi
985 2529 1046 2568 esse
1066 2513 1146 2568 altius
1164 2514 1268 2568 tollere.
1296 2513 1423 2584 idemque
1437 2530 1453 2569 e
1466 2517 1611 2586 mutuaris,
1631 2517 1665 2587 si,
1684 2531 1741 2572 cunr
1756 2526 1779 2568 11
1806 2530 1838 2572 fl

305 2606 367 2674 quis
386 2619 468 2674 agere
487 2604 570 2659 uellet
587 2604 630 2658 ius
649 2601 701 2656 sibi
720 2617 781 2656 esse
799 2602 887 2657 inuito
906 2601 1064 2657 aduersario
1082 2601 1163 2656 altius
1181 2602 1284 2670 tollere,
1303 2617 1337 2658 eo
1355 2618 1410 2658 uon
1428 2601 1595 2660 defendente
1613 2606 1740 2674 similiter,

304 2693 402 2763 lnquit,
420 2691 511 2748 cilicio
528 2691 628 2770 iudicis
647 2689 838 2758 contuebitur,
857 2695 888 2744 ut
905 2705 1004 2745 cauere
1023 2689 1211 2745 aduersarium
1229 2689 1335 2746 iuberet
1352 2705 1403 2746 nec
1421 2707 1490 2762 opus
1505 2707 1609 2748 nouum
1628 2709 1661 2749 se
1678 2711 1740 2749 nun·

304 2782 435 2836 tiaturum
454 2795 505 2835 nec
523 2777 679 2835 aedificanti
698 2779 753 2833 uirn
772 2777 918 2834 facturum.
944 2795 1032 2848 eaque
1050 2779 1156 2834 rationo
1173 2779 1306 2836 hactenus
1324 2780 1357 2850 is,
1375 2781 1491 2849 quirem
1507 2796 1563 2836 nou
1575 2781 1740 2853 defenderet,

305 2870 441 2940 punietur,
460 2874 491 2924 ut
509 2869 539 2924 ds
558 2868 615 2922 iure
634 2881 686 2923 erro
703 2866 821 2938 probare
838 2881 951 2922 necesse
970 2867 1095 2922 haberet:
1120 2867 1150 2922 id
1174 2868 1247 2924 enirn
1265 2883 1327 2924 esse
1345 2871 1470 2940 petitoris
1486 2875 1581 2940 partes
1599 2873 1738 2927 sustinere
1753 2879 1838 2924 sm

250 2958 287 3016 16
359 2957 508 3014 Unsrsuue
532 2955 600 3012 libro
624 2957 705 3012 tertio
728 2955 834 3011 decimo
858 2955 894 3010 ad
917 2955 1046 3011 edictum.
1083 2955 1113 3012 Si
1135 2971 1206 3026 opus
1229 2971 1332 3013 nouum
1355 2963 1465 3028 praetor
1487 2959 1601 3014 iusserit
1617 2960 1738 3028 nuntiari,
1753 2953 1838 3010 Τ

306 3045 405 3102 deinde
432 3044 583 3115 prohibuit,
611 3060 646 3100 ex
672 3045 762 3115 priore
789 3043 960 3100 nuntiatione
987 3045 1033 3114 agi
1062 3059 1119 3102 non
1143 3051 1250 3117 potest,
1277 3047 1357 3116 quasi
1380 3047 1513 3103 aduersus
1536 3047 1659 3106 edictum
1686 3049 1738 3104 eius

305 3132 409 3190 lactum
428 3135 472 3188 sit.

249 3225 287 3282 17
359 3222 508 3291 llPsuuus
530 3221 599 3277 libro
623 3221 870 3292 quinquagensimo
894 3221 1012 3290 septimo
1036 3221 1071 3276 ad
1094 3221 1223 3278 edictum.
1265 3221 1295 3279 Si
1316 3228 1477 3294 procurator
1499 3239 1571 3295 opus
1590 3219 1737 3311 Q
1751 3224 1838 3282 ‘Ac

306 3325 408 3368 nouum
426 3309 572 3366 facientem
591 3310 767 3380 prohibuerit,
786 3307 897 3365 domino
915 3311 1047 3380 competit
1064 3311 1138 3380 quod
1156 3313 1185 3367 ui
1203 3317 1252 3367 aut
1269 3313 1338 3368 clam
1357 3311 1542 3369 interdictum.
1750 3320 1789 3363 ιι

250 3401 288 3460 18
359 3400 539 3456 Psemrauue
566 3399 635 3455 libro
662 3399 744 3454 tertio
773 3398 973 3467 quaestionum.
1019 3397 1144 3455 Aedibus
1171 3401 1361 3457 communibus
1388 3401 1412 3456 si
1439 3401 1474 3456 ob
1501 3417 1571 3472 opus
1604 3395 1737 3471 ῐῐεζῖοῑ
1759 3401 1793 3458 Ρ

305 3503 408 3544 nouum
426 3489 561 3544 nuntIatio
579 3489 627 3544 uni
644 3486 701 3558 fiat,
719 3487 743 3542 si
755 3487 866 3556 quidem
879 3503 913 3542 ex
926 3489 1068 3543 uoluntate
1081 3489 1201 3544 omnium
1215 3505 1286 3559 opus
1297 3487 1354 3560 liat,
1373 3505 1469 3545 omnes
1482 3492 1621 3547 nuntiatio
1634 3475 1737 3558 occid,

273 3584 286 3628 1
306 3577 330 3632 si
349 3592 414 3632 uero
432 3577 543 3646 quidam
562 3577 696 3646 ignorent,
715 3577 743 3632 in
761 3575 878 3631 solidum
896 3575 1071 3646 obligabitur,
1090 3577 1137 3647 qui
1154 3581 1251 3632 centra
1268 3577 1386 3634 edictum
1405 3580 1540 3648 praetoris
1553 3579 1660 3636 fecerit.
1688 3581 1739 3636 Nec

306 3667 342 3722 ud
359 3682 416 3722 rem
436 3665 563 3736 pertinet,
581 3665 659 3720 cuius
678 3665 766 3720 solum
785 3665 829 3732 sit,
848 3665 876 3720 in
895 3679 950 3735 quc
968 3681 1038 3736 opus
1055 3664 1113 3736 fist,
1132 3665 1182 3722 sed
1200 3667 1261 3736 quis
1280 3667 1339 3722 eius
1357 3668 1408 3722 soli
1423 3682 1570 3736 possessor
1580 3670 1739 3736 inueniatur,

306 3754 388 3810 modo
406 3755 430 3810 ei
449 3755 508 3810 eius
526 3753 636 3810 nomine
654 3769 724 3824 opus
742 3751 799 3808 fiat.
1755 3765 1777 3809 ss

306 3860 524 3928 HXYQMOO)

308 4001 467 4071 lpredium
487 4001 511 4052 F
521 4001 526 4066 Ι
546 3999 784 4069 permit‘i’tendum
804 3999 839 4054 F‘
892 4001 999 4056 411110-
1053 4003 1120 4056 cidit
1133 4003 1255 4057 Ostorius
1297 4003 1330 4058 11
1343 4001 1517 4060 *habiturum
1531 4004 1567 4058 F‘
1609 4007 1744 4076 liquat

307 4072 393 4127 risF⁰
436 4071 550 4140 stanti]
561 4074 588 4144 s,
608 4071 659 4125 tati
674 4073 700 4124 F
739 4073 773 4126 10
792 4087 853 4126 cum
871 4087 999 4141 procura·
1053 4073 1091 4125 ps
1112 4075 1117 4140 l
1138 4087 1173 4128 ex
1197 4074 1334 4144 eperisF
1393 4075 1426 4130 13
1453 4073 1688 4144 compr‘a'ebenss
1708 4077 1745 4131 Ρ

307 4149 351 4199 tor
367 4143 427 4213 seq]
448 4140 493 4195 tis
514 4141 529 4197 ὁ
547 4141 672 4203 iaroseic
690 4143 735 4209 (=
754 4158 816 4197 cum
828 4145 999 4212 procurator)
1054 4145 1088 4199 14
1105 4143 1252 4212 nuntiaret]
1266 4145 1309 4209 F¹,
1327 4144 1496 4211 nuntiauerit
1507 4147 1546 4198 F’
1592 4149 1626 4202 16
1639 4148 1744 4203 nuntia·

308 4213 437 4269 tetmsdsc
454 4213 502 4268 ritu
522 4214 685 4268 isasotocr'us
704 4216 749 4280 (ε
781 4219 906 4283 uniquam
919 4216 999 4269 satis·
1053 4215 1124 4270 uerit
1143 4215 1179 4268 F³
1233 4217 1266 4270 17
1286 4215 1513 4272 interuenisset·
1525 4216 1692 4275 benefitium
1710 4217 1746 4274 Ρ

308 4285 357 4341 dat
386 4300 442 4339 rem
473 4290 573 4370 ratam¹
591 4285 731 4340 dominum
761 4231 929 4352 Esbiturum)
958 4285 997 4340 inl
1053 4288 1088 4341 20
1106 4287 1153 4356 qui
1165 4286 1211 4342 *iu
1224 4287 1270 4341 uia
1282 4285 1410 4342 aedificat
1422 4289 1467 4353 Fi,
1485 4289 1532 4358 qui
1549 4290 1624 4345 uiam
1637 4288 1747 4346 edificat

304 4357 460 4441 supernum
478 4356 543 4426 11511
563 4357 704 4440 uncilenus
723 4357 767 4423 1.-
780 4356 815 4412 ob
831 4359 921 4427 operis
934 4358 999 4412 noui
1051 4375 1192 4441 XYQOQ
1205 4375 1253 4444 qui
1265 4375 1325 4430 iura
1336 4361 1387 4446 sifi.
1401 4379 1445 4443 (=
1458 4375 1596 4446 significat
1615 4381 1691 4450 puto)
1700 4379 1747 4435 ll:

307 4432 506 4483 nuntiationem
529 4427 744 4512 satisdationem·
759 4429 905 4497 acceperit)
924 4429 998 4483 said
1052 4446 1194 4500 'secundom
1219 4449 1331 4501 pum
1358 4420 1749 4523 13„,„„·„„,·,„,·1’153m1,9,3
1806 4443 1812 4450 ·

308 4500 438 4583 secutrsc
456 4499 654 4584 uersasqeclcsc
668 4499 708 4584 ⁶3⁰,
718 4517 750 4552 Π)
761 4499 903 4570 “imm
918 4500 999 4584 ᾸῨΤΟῨ
1052 4517 1144 4572 ‘littera
1157 4516 1264 4572 Piscua'
1277 4525 1359 4573 autem
1373 4519 1420 4573 uia
1431 4519 1521 4574 scribit
1536 4519 1667 4576 Uoconius
1678 4523 1751 4594 apud

307 4587 568 4658 rucucsrxcoptscemc
590 4581 741 4639 ΠΑΡΛΓΓΕΙᾸῌ
766 4573 810 4634 (²
826 4577 855 4626 ei
872 4571 999 4656 d0m¹J¹¹¹⁸
1052 4588 1206 4657 Surripuium
1225 4589 1250 4652 3,
1268 4590 1320 4642 745
1379 4591 1415 4644 22
1433 4595 1526 4645 dewi
1545 4591 1583 4644 F’
1642 4593 1679 4648 28
1697 4607 1749 4648 utu

307 4657 468 4728 remanum
478 4657 506 4724 ¹31
519 4656 663 4726 1111111111
671 4657 754 4728 ,susm
766 4643 864 4702 collatu
873 4647 999 4713 1111111),
1053 4659 1277 4714 astruentium
1290 4657 1435 4729 facturum]
1450 4659 1750 4720 lascurrensem-

308 4733 372 4770 uore
392 4722 535 4773 tatarorum
555 4731 570 4763 11
590 4731 624 4766 us
642 4731 656 4764 s
671 4715 818 4768 uscanensis
830 4717 874 4779 (ε.-
888 4713 998 4783 quaudo
1051 4745 1110 4786 mm
1123 4730 1237 4785 XYMO
1251 4732 1394 4802 (adgffrpsa
1413 4737 1450 4788 035
1466 4736 1539 4787 100210
1553 4735 1753 4803 nomme

308 4784 451 4842 satlsdatic
470 4798 504 4838 ea
515 4787 609 4838 teneat
621 4785 666 4838 uel
677 4797 732 4838 non
744 4789 846 4849 teneat)
859 4786 885 4839 Β
898 4785 998 4855 (Ttpcc.
1052 4803 1087 4856 ⁴29
1106 4801 1140 4855 (10
1153 4821 1202 4855 orn.
1215 4803 1255 4870 F}
1271 4817 1387 4872 pronam
1402 4804 1436 4857 pr
1481 4805 1515 4859 31
1528 4806 1620 4874 pm
1635 4806 1751 4863 qam.

309 4863 334 4911 st
351 4875 380 4910 ex
396 4861 472 4926 purte
486 4855 608 4908 Octauius
624 4856 675 4910 obs.
687 4857 713 4918 5,
725 4855 785 4922 4011
805 4856 901 4910 Gracci
919 4863 1000 4926 ipilur
1052 4873 1166 4928 flatione
1184 4871 1403 4941 stimulorum
1424 4873 1460 4928 ps
1514 4877 1549 4932 35
1573 4875 1609 4932 01,
1634 4893 1706 4950 (ΨΜ
1730 4879 1757 4933 f

308 4927 388 4982 uerba
403 4946 445 4997 pr.
464 4939 526 4980 cum
602 4923 741 4982 confertur
759 4946 808 4998 pro
825 4928 933 4998 modost
950 4927 998 4980 ba·
1053 4945 1088 5000 38
1106 4945 1279 5016 pertinetqfls
1291 4945 1370 5002 0„an
1388 4945 1425 4999 pa

309 4999 415 5054 6111111111
432 5015 518 5052 eorum
531 5015 595 5070 quus
606 5005 751 5071 sequuntur,
768 4999 838 5070 quod
848 5017 935 5052 11111111
947 5015 1000 5054 cass
