3518 5452
120 238 288 298 diceneus
307 250 461 298 effluens
768 227 854 308 313
1201 233 1350 303 XXXVII
1371 236 1410 302 11
1429 241 1526 298 b-ll

107 393 163 440 eum
187 391 305 460 aecipere
324 389 446 445 lulianus
464 388 565 446 seribit.
595 390 644 445 sed
663 394 692 446 et
710 390 774 446 siis
793 389 888 461 fuerit,
911 391 958 461 qui
976 390 1012 447 sb
1028 393 1158 449 intestato
1176 391 1309 450 bonorum
1326 407 1469 464 possessor
1486 391 1526 448 in·

64 477 78 524 1
99 475 178 550 idrus
208 482 285 550 esset,
307 478 439 534 tuendum
458 493 520 534 esse
538 479 654 550 scripsit,
673 484 702 534 et
718 479 771 534 hee
789 481 847 536 iure
864 480 975 536 utimur.
1013 481 1180 552 Uidendum,
1204 498 1239 538 en
1260 482 1352 552 legsts
1369 480 1405 537 nb
1422 482 1463 538 eis
1480 482 1528 538 de·

93 558 234 624 beentur.
255 573 281 623 et
296 565 367 624 tilius
386 568 495 638 quidem
514 569 593 638 qussi
611 573 707 624 eontra
726 568 835 626 tebnlss
858 568 991 626 benorum
1015 572 1187 642 possessione
1211 577 1325 642 eeeepte
1347 586 1405 626 rem
1427 570 1528 627 bebere

87 651 231 726 uidetur,
251 658 330 712 ceteri
348 673 414 712 nero
432 658 511 728 quusi
529 656 564 712 eb
582 659 727 714 iuteststo:
752 663 781 714 et
803 659 865 714 ideo
889 658 959 715 lilius
983 659 1074 716 liberis
1091 660 1306 731 parentibusque
1324 661 1417 731 legsts
1433 661 1528 716 reliete

80 740 142 796 solit
177 751 323 814 proestare
340 750 467 817 cogetur,
491 747 589 802 esteris
608 761 662 802 non
670 749 689 802 ¹.
715 746 796 816 plene
813 748 852 817 ei,
876 748 920 804 eui
943 747 979 804 sb
1000 750 1130 806 intestato
1147 748 1386 806 fideieommissnm
1402 750 1528 806 relietum
1546 759 1559 802 ι

78 835 128 898 est,
169 836 238 890 erit
251 835 458 906 praestandum,
480 836 558 906 quusi
582 835 709 892 uideatur
731 834 783 892 boe
806 836 865 906 ipso
884 835 1040 910 fraudatus,
1065 839 1139 909 quod
1156 854 1192 894 ex
1208 844 1372 896 testamento
1389 840 1476 911 petits
1493 839 1529 896 sit

76 919 237 980 bonorum
252 926 396 995 possessio.

40 1011 59 1070 6
122 1007 235 1068 [Dm
250 1013 316 1069 libro
334 1019 434 1070 ootsuo
452 1013 676 1086 disputationum.
710 1014 748 1068 lli
766 1013 878 1070 demum
900 1013 951 1071 sub
970 1015 1129 1073 eondieione
1146 1017 1261 1074 heredes
1278 1018 1354 1074 insti·
1372 1012 1527 1102 [Q
1546 1023 1567 1077 S

74 1097 121 1156 tuti
144 1097 302 1158 bonorum
320 1103 522 1174 possessiouem
541 1103 691 1158 seeundum
715 1101 823 1158 tubulas
848 1105 930 1160 etium
951 1105 1088 1175 pendente
1106 1107 1265 1164 eondioioue
1282 1107 1399 1164 necdum
1417 1109 1528 1178 impletu

73 1192 198 1262 petere
217 1199 334 1264 possum,
352 1194 401 1264 qui
417 1193 520 1250 utiliter
537 1197 602 1248 sunt
619 1193 750 1248 instituti:
771 1193 845 1263 quod
863 1194 887 1250 si
905 1195 1036 1252 inutiliter
1052 1197 1114 1266 quis
1132 1197 1169 1252 sit
1185 1196 1340 1268 institutus,
1358 1211 1409 1252 nee
1427 1196 1463 1252 sd
1480 1195 1528 1254 bo·
1548 1207 1576 1248 1⁰

75 1291 204 1336 uorum
219 1283 415 1354 possessionem
432 1281 536 1338 inutilis
554 1281 689 1337 institutio
706 1280 822 1352 profieit.

44 1369 61 1428 'l
120 1363 294 1426 [messus
311 1369 380 1426 libro
398 1371 547 1426 uieeusime
562 1371 644 1426 tertio
657 1370 834 1440 digestorum.
862 1370 930 1427 Cum
943 1370 1053 1428 tubulue
1070 1373 1226 1429 testamenti
1238 1374 1355 1444 plurium
1373 1369 1529 1458 ffidffl
1547 1377 1569 1432 S

78 1455 185 1526 signis
211 1460 330 1530 signatae
349 1464 443 1514 essent
461 1464 490 1515 et
506 1457 641 1528 quaedem
659 1473 694 1514 ex
712 1459 754 1515 bis
773 1475 827 1516 non
845 1465 954 1532 pereut,
978 1466 1083 1531 septem
1102 1468 1194 1519 temen
1212 1463 1292 1534 signs
1309 1470 1450 1534 maneant,
1473 1461 1529 1520 sui-

80 1544 127 1602 lut
162 1549 216 1603 ad
232 1547 362 1604 bonorum
381 1549 584 1618 possessiouem
602 1547 721 1604 dendem
739 1555 843 1620 septem
863 1550 973 1606 testium
990 1551 1069 1620 signu
1085 1567 1250 1624 eompsrere,
1267 1555 1332 1610 lieet
1343 1570 1397 1610 uon
1410 1553 1529 1610 omnium

82 1634 120 1706 qui
143 1637 335 1707 signauerint
353 1643 483 1694 maneant
496 1637 587 1708 signu.
1549 1651 1578 1692 re

55 1727 71 1788 8
125 1721 234 1782 inme
249 1726 317 1783 libro
340 1728 491 1783 uieensimo
509 1732 607 1797 quarto
625 1727 802 1798 digestorum.
839 1727 868 1783 Si
892 1728 931 1784 its
953 1728 1084 1799 seriptum
1102 1730 1153 1786 sit:
1171 1729 1355 1802 'Sempronius
1374 1727 1569 1816 [Qui

87 1813 121 1868 ‘es
136 1820 241 1881 paee
257 1816 371 1872 dimidie
387 1815 467 1872 beree
485 1821 553 1872 esto.
580 1817 683 1886 Titius,
703 1817 725 1872 si
743 1817 822 1872 nsuis
840 1831 875 1872 en
892 1816 961 1872 Asis
978 1818 1095 1888 uenerit,
1119 1835 1152 1874 ex
1170 1825 1249 1889 perte
1267 1821 1347 1876 tertie
1365 1821 1443 1876 beree
1461 1828 1529 1878 esto.

91 1901 178 1958 'idem
204 1905 297 1974 litius,
316 1905 340 1960 si
357 1906 437 1962 nauis
454 1919 489 1960 ex
501 1904 570 1960 Asis
586 1921 641 1961 non
659 1905 773 1975 uenerit,
791 1921 827 1962 en
844 1912 921 1976 perte
939 1913 1018 1962 sexte
1035 1906 1114 1963 heres
1132 1908 1214 1964 esto':
1232 1909 1321 1965 Titius
1339 1925 1393 1966 non
1412 1926 1446 1966 ex
1464 1911 1530 1966 dns·

92 1989 133 2046 bus
174 1993 302 2062 peribus
328 1993 409 2050 beree
437 1994 569 2064 seriptns,
596 1993 645 2049 sed
671 1995 731 2065 ipse
757 1994 810 2052 sibi
837 1993 1002 2052 substitutus
1024 1995 1145 2066 intellegi
1169 1996 1251 2054 debet
1273 1998 1389 2070 ideoque
1418 2014 1473 2054 non
1495 2013 1531 2056 ex

96 2079 208 2137 usion-e
224 2089 299 2154 perte
317 2099 400 2154 quum
418 2084 500 2139 tertis
517 2084 635 2154 seriptus
652 2084 770 2140 uidetur.
798 2084 948 2140 seeundum
972 2084 1043 2140 hene
1066 2087 1199 2142 rationem
1218 2103 1279 2144 oum
1298 2093 1409 2143 sentens
1426 2103 1530 2143 useuus
1550 2098 1578 2140 ro

98 2169 277 2242 relinquetur,
294 2171 428 2228 bonorum
446 2174 647 2244 possessionem
660 2175 749 2230 Titius
762 2175 878 2245 accipiet
890 2190 945 2230 nou
958 2175 1044 2230 solum
1059 2177 1154 2232 terties
1166 2177 1260 2248 pertis,
1278 2176 1328 2232 sed
1342 2177 1401 2232 eius
1413 2192 1530 2249 queque,

77 2271 168 2328 reuse
196 2277 228 2317 ex
244 2265 368 2317 sextante
386 2261 476 2317 eidem
495 2263 638 2320 edereseit.
675 2263 726 2330 Qui
745 2262 800 2320 lilio
818 2263 952 2334 impuberi
970 2263 1146 2320 substituitur
1163 2265 1216 2320 its:
1236 2265 1266 2320 'si
1289 2263 1361 2322 tilius
1378 2281 1456 2322 meus
1474 2281 1531 2324 mo·

103 2346 209 2421 ‘ristun
224 2352 380 2422 priusquam
398 2351 426 2407 in
445 2367 522 2408 suem
541 2353 655 2408 tutelam
673 2353 775 2422 ueniat,
793 2357 859 2408 tuno
877 2353 967 2409 Titius
985 2353 1049 2409 mibi
1068 2353 1147 2410 heres
1165 2353 1241 2426 esto',
1264 2355 1335 2410 sient
1352 2353 1531 2411 hereditatem

106 2435 270 2512 inludent,
288 2440 401 2511 perinde
419 2457 452 2496 se
470 2441 494 2496 si
511 2440 624 2498 uerbum
643 2441 695 2498 boo
714 2440 793 2498 ‘mibi'
812 2441 949 2498 adieetum
967 2458 1022 2498 uon
1040 2447 1122 2512 esset,
1140 2443 1179 2498 itu
1196 2443 1328 2499 bonorum
1347 2459 1455 2514 quoqne
1473 2446 1532 2500 eius
1549 2451 1566 2500 ι.
1577 2446 1629 2500 lot'

86 2531 304 2594 rpssesuonem
323 2531 448 2602 uooipere
466 2535 565 2602 potest.
603 2529 657 2586 Sed
676 2536 705 2586 et
722 2547 783 2586 eum
802 2531 830 2586 in
848 2533 1040 2602 praenomine²
1057 2534 1219 2603 eognomine
1237 2538 1356 2590 erratum
1375 2539 1431 2604 est,
1453 2533 1531 2590 ised
1551 2544 1579 2585 se

88 2622 190 2682 iidem
208 2619 339 2678 heredites
357 2620 476 2690 pertinet
493 2621 576 2676 etiem
593 2619 726 2677 bonorum
744 2622 946 2691 possessionem
968 2621 1075 2692 seeipit.
1111 2623 1139 2676 Is
1157 2626 1263 2692 eutem,
1288 2623 1365 2678 euius
1387 2637 1486 2680 nomen
1503 2623 1531 2684 in

113 2705 270 2766 eumenen
287 2711 429 2766 uoluntate
447 2711 587 2766 testatoris
604 2711 767 2782 perduotum
786 2713 837 2781 est,
856 2710 927 2765 sieut
945 2710 980 2766 ed
998 2710 1151 2767 adeundum
1170 2711 1357 2780 hereditatem,
1375 2713 1415 2768 ite
1432 2712 1467 2768 sd
1484 2727 1531 2782 pe·

4 2855 9 2860 ,
93 2791 219 2854 tendam
234 2798 365 2856 bonorum
383 2801 585 2870 possessionem
603 2801 720 2870 seriptus
739 2814 793 2856 uon
811 2800 985 2871 intellegitur,
1004 2801 1129 2870 quemuis
1142 2815 1241 2856 nomen
1255 2801 1314 2856 eius
1325 2801 1440 2870 legetur.
1469 2801 1531 2868 Qui·

118 2877 173 2936 dm
192 2893 380 2944 testamentum
398 2889 426 2944 iu
444 2888 543 2944 tubulis
562 2888 614 2945 sibi
632 2887 710 2955 feeit,
733 2887 788 2946 lilio
807 2893 899 2945 sutem
917 2889 1051 2959 impuberi
1068 2905 1118 2960 per
1135 2891 1364 2961 nuncupationem
1382 2889 1532 2946 substituit

5 3000 8 3006 ·
119 2977 234 3039 respondi
250 2978 411 3034 sententium
430 2979 564 3048 praetoris
581 2980 610 3034 in
628 2979 719 3036 denda
736 2978 869 3036 bonorum
887 2979 1062 3050 possessione
1075 2995 1136 3034 esm
1148 2995 1218 3051 esse,
1236 2985 1268 3036 ut
1280 2980 1426 3050 seperatim
1437 2980 1532 3052 petris,
1552 2989 1581 3032 eo

121 3067 251 3126 ιθιιιιιιίει
268 3066 315 3122 tilii
333 3065 449 3123 heredes
467 3069 605 3124 esebmsri
622 3067 754 3126 debeant:
773 3084 836 3124 uem
854 3067 1085 3139 qnemsdmodum
1103 3069 1204 3140 seripto
1222 3067 1270 3126 ilii
1281 3069 1374 3126 beredi
1385 3070 1532 3140 seperatim

7 3171 10 3176 ·
122 3141 303 3212 dbuedibus
320 3157 421 3228 petris,
446 3157 486 3212 itu
503 3164 660 3230 nuneupeto
678 3161 771 3230 potest
787 3157 875 3214 uideri
893 3158 1039 3228 seperatim
1058 3173 1075 3214 s
1092 3159 1201 3229 seriptis
1218 3159 1304 3229 petris
1321 3158 1469 3216 heredibus
1485 3159 1532 3218 be·
1612 3205 1613 3208 ι

4 3259 16 3288 ¹:
122 3245 207 3300 mmm
222 3247 356 3316 possessio
374 3245 443 3303 deri.

97 3307 111 3364 9
162 3327 328 3392 Ροιιιοιιιιιι
353 3333 424 3391 libro
447 3333 568 3391 seeundo
593 3335 629 3392 ud
653 3333 793 3392 Sabinum.
836 3335 873 3392 Ut
895 3334 1028 3392 bonorum
1051 3336 1190 3407 possessio
1212 3335 1363 3392 seeundum
1386 3337 1533 3408 pnpilleres
1551 3331 1602 3405 ss·

1 3482 4 3483 γ
121 3407 218 3480 “bulis
227 3425 330 3482 sdmitti
341 3424 439 3495 possit,
457 3425 610 3496 requiritur,
628 3441 664 3481 en
681 3425 767 3496 putris
780 3428 974 3481 testamentum
987 3425 1125 3496 signatum
1138 3425 1182 3495 sit,
1199 3425 1263 3482 lieet
1274 3425 1411 3482 seeuudse
1422 3425 1533 3482 tabulae
1552 3435 1580 3478 eo

117 3504 260 3578 ltsigpmp
277 3513 457 3586 proferentur.

76 3565 130 3684 10.
163 3595 277 3661 Pennus
293 3603 362 3662 libro
381 3608 480 3660 oetsuo
498 3603 534 3658 ud
545 3603 691 3659 Plautium.
720 3601 750 3658 Si
768 3617 864 3659 seruus
883 3601 935 3658 sub
953 3602 1112 3660 eondieioue
1126 3601 1205 3659 heres
1216 3603 1358 3660 institutus
1389 3615 1461 3671 ese,
1472 3616 1532 3670 lte
1549 3609 1577 3665 li

108 3679 152 3746 ¹¹¹³
175 3705 210 3748 sn
225 3693 353 3750 benorum
372 3693 574 3764 possessionem
593 3693 716 3763 eeeipere
734 3696 833 3763 potest,
852 3692 1000 3748 dubitetur.
1028 3698 1056 3748 et
1068 3690 1202 3748 Seeeuols
1218 3697 1311 3748 noster
1326 3678 1532 3763 preeit‘iee‘e'.

63 3737 108 3856 H,
162 3773 338 3840 Pleminius
355 3781 424 3840 libre
442 3782 524 3838 tertio
541 3782 648 3838 deeimo
665 3783 864 3853 quaestionum.
895 3781 954 3848 'Qui
972 3796 1007 3838 ex
1024 3781 1116 3836 liberis
1130 3782 1198 3838 meis
1215 3781 1341 3854 impubes
1359 3780 1534 3870 Qu
1551 3787 1580 3843 P

105 3860 258 3930 811Ιὶῐειιιιιι
275 3873 414 3942 morietur,
433 3872 459 3928 ei
473 3872 563 3927 Titius
581 3871 660 3927 heres
678 3870 754 3928 esto'.
782 3870 889 3927 duobus
907 3885 1022 3942 peregre
1041 3868 1177 3926 deluuetis
1194 3871 1219 3950 si
1236 3870 1402 3930 substitutus
1418 3875 1534 3946 ignoret,
1553 3883 1581 3923 ⁴⁰

93 3941 173 4034 ”fer
192 3963 349 4018 nouissimus
367 3961 529 4031 deessserit,
553 3959 723 4016 admittendo
740 3966 783 4016 est
800 3960 898 4018 Iulieni
915 3960 1064 4030 sententis,
1087 3959 1135 4030 qui
1157 3965 1269 4030 propter
1291 3960 1424 4018 ineertum
1442 3964 1534 4020 eondi-

58 4008 200 4104 ¹⁰¹⁰uis
218 4051 298 4108 etism
320 4051 419 4124 prioris
440 4065 523 4120 posse
545 4051 602 4121 peti
625 4051 826 4121 possessionem
849 4049 982 4107 bonorum
1005 4049 1154 4120 respondit.
1189 4049 1275 4106 lilius
1298 4049 1377 4108 beres
1394 4051 1536 4109 institutus

46 4181 60 4226 2
82 4115 176 4187 Μ
194 4145 301 4197 mortem
319 4141 406 4212 petris
423 4138 459 4194 sb
476 4139 602 4196 hostibus
620 4139 715 4196 rediit:
739 4140 870 4197 bonorum
893 4140 1095 4210 possessionem
1117 4139 1233 4210 neoipiet
1255 4144 1284 4195 et
1306 4141 1370 4195 enni
1391 4145 1501 4212 tempus
1519 4158 1536 4198 s

80 4204 162 4312 ‘³¹¹9
187 4230 261 4286 rediit
278 4231 303 4286 ei
321 4228 532 4300 eomputsbitur.
569 4229 748 4284 Testamento
769 4227 842 4286 teoto
861 4229 951 4286 Titius
974 4228 1162 4300 sdrogsudum
1186 4243 1216 4284 se
1238 4227 1365 4298 prsebuit
1388 4245 1422 4286 se
1438 4236 1536 4300 postes

76 4291 144 4354 ’Ψ
172 4316 235 4374 iuris
252 4319 367 4376 effeetus
385 4319 444 4376 uite
460 4318 589 4376 deoessit.
616 4318 734 4388 seriptus
752 4317 831 4374 heres
849 4318 874 4373 si
891 4319 1092 4390 possessionem
1110 4320 1201 4389 petat,
1219 4317 1380 4390 exeeptioue
1398 4318 1454 4376 doli
1471 4319 1536 4376 muli
1554 4327 1583 4369 ιδ

77 4387 308 4496 *mserum
528 4511 529 4514 Ν

81 4545 633 4706 Qimmm
653 4587 784 4654 Gelenius)
855 4585 992 4642 ¹nomine
1011 4593 1057 4640 ine·
1075 4588 1110 4654 (e.
1124 4587 1152 4653 ι’·)

88 4711 260 4836 {futurus}
280 4745 402 4800 lecturus
420 4745 455 4797 ΡΙ
506 4747 538 4801 11
557 4745 702 4816 institutio]
721 4751 795 4802 rustr-
849 4747 1024 4817 praenomine
1033 4742 1374 4831 eognomineJl’DliIOK',
1387 4745 1414 4800 in
1427 4745 1536 4802 nomine

98 4803 211 4908 gisel*
244 4817 277 4872 15
289 4817 476 4886 signauerint
488 4817 526 4870 Ρ
567 4818 601 4872 18
610 4824 681 4872 *nom
691 4819 797 4873 uenerit
849 4819 1008 4888 eognieione
1026 4817 1079 4871 K·:
1097 4818 1152 4886 περὶ
1172 4835 1204 4870 τε
1222 4815 1305 4871 iuoue
1324 4815 1383 4870 εἰτὸ
1396 4813 1535 4878 indurans

98 4923 116 4956 ⁸.
149 4917 162 4938 ι
184 4885 223 4940 edu
240 4888 318 4950 ιῩιὸιι
337 4888 367 4942 b's
380 4887 487 4949 ΠεῨλοιι
500 4888 539 4943 sic
550 4887 582 4942 τὸ
593 4887 678 4952 duros,
696 4889 741 4942 iis
761 4889 794 4944 ur's
849 4889 967 4961 Bfflp.)
1003 4885 1272 4944 idherediits'ti'sF‘
1307 4889 1398 4943 3οΜ
1418 4887 1536 4943 ond0F¹

99 4943 183 5068 ἔδει
204 4957 217 5010 i
239 4960 300 5022 usic
323 4960 350 5014 B
368 4960 481 5028 (Τιρεε.)
535 4961 571 5016 20
592 4975 674 5028 quem
697 4979 746 5014 om.
759 4961 795 5014 F¹
848 4962 884 5016 32
902 4959 1024 5016 nom.F¹
1068 4959 1104 5015 40
1120 4957 1307 5032 supprem‘i'us
1318 4959 1356 5012 F’
1371 4960 1376 5026 Ι
1391 4905 1536 5014 defunetus

176 5029 419 5102 ostentabile
437 5031 533 5086 om.F¹
587 5033 622 5088 25
639 5031 667 5088 in
685 5033 743 5100 (om.
756 5031 796 5100 1))
849 5033 885 5086 F¹
938 5032 974 5088 43
992 5029 1075 5088 tediis
1092 5033 1140 5086 Ν
1194 5031 1230 5090 45
1248 5031 1291 5088 sui
1309 5048 1357 5086 em·
1371 5029 1408 5084 F·
