3608 5460
142 298 188 344 nn
211 297 348 344 nuoaus
371 296 446 344 aurs
469 295 623 346 cousrrr.
812 272 898 356 677
1179 275 1328 372 XXXXV
1352 280 1367 343 1
1393 285 1443 340 141
1466 315 1495 324 -
1518 279 1575 344 24

142 438 208 508 quia
225 437 314 507 possit
332 437 499 505 confingere,
518 441 549 490 ιιι
566 441 621 491 tam
642 437 785 507 stipulator
804 451 885 506 quam
904 437 1053 506 promissor
1071 441 1135 492 ante
1153 436 1383 506 aliquodtempus
1396 437 1575 506 unoquisque

143 526 326 597 dispensatori
344 531 438 580 notum
457 523 552 580 fecerit
570 526 598 580 in
616 541 678 581 eum
697 526 769 580 diem
787 524 909 582 futuram
927 525 1130 596 stipulationem
1154 541 1187 580 ae
1209 525 1404 580 demandasset
1426 527 1576 595 promissor

142 615 253 686 quidem
273 630 323 670 suo
342 613 533 684 dispensatori,
552 619 584 669 ut
601 613 692 680 daret,
712 615 857 686 stipulator
876 619 966 670 autem
987 630 1046 684 suo,
1065 620 1096 670 ut
1114 605 1262 684 acciperet:
1282 614 1355 684 quod
1374 614 1398 668 si
1416 615 1455 670 ita
1472 613 1575 670 iactum

106 711 122 758 5
143 703 237 774 inerit,
261 701 362 774 poterit
379 703 471 758 ualere
489 703 638 774 stipulatio.
676 703 744 759 Cum
764 703 836 759 'mihi
855 709 904 759 aut
921 704 1002 759 Titio'
1020 704 1148 774 stipulor,
1173 703 1272 758 dicitur
1290 703 1370 758 aliam
1389 703 1499 772 quidem
1517 719 1575 758 rem

143 794 170 848 in
190 809 334 864 personam
353 808 455 862 meam,
480 793 560 848 aliam
580 795 606 848 in
625 793 691 848 Titii
710 793 848 863 designari
866 809 921 848 non
939 808 1035 862 posse,
1060 793 1146 848 ueluti
1165 791 1237 848 ‘milri
1256 792 1351 848 decem
1370 796 1420 847 aut
1436 793 1510 848 Titio
1528 792 1575 848 bo·
1594 805 1607 846 ι

143 881 273 938 minens:
293 883 316 937 si
333 897 401 937 uero
418 883 492 938 Titio
510 897 544 937 ea
562 898 606 938 res
625 883 715 938 soluto
732 883 777 952 sit,
796 897 867 952 quae
886 883 913 938 in
932 883 991 938 eius
1009 896 1126 952 persono
1144 882 1289 952 designata
1302 883 1312 950 l
1325 881 1416 952 fuerit,
1434 883 1498 938 licet
1515 882 1575 952 ipso
1593 890 1609 938 f.
1620 885 1675 937 3³2¹

106 980 122 1026 6
142 973 202 1028 iure
220 987 274 1027 non
292 971 423 1027 liberetur
440 973 601 1042 promissor,
625 987 675 1042 per
698 973 886 1041 exceptionem
910 977 1002 1026 tamen
1021 969 1132 1026 defendi
1149 971 1262 1041 possiti.
1298 972 1435 1042 Tempora
1452 986 1517 1026 uero
1536 971 1575 1026 di·

142 1077 224 1117 uersa
241 1061 379 1132 designari
397 1077 488 1132 posse,
507 1061 593 1116 ueluti
611 1060 683 1117 ‘mibi
702 1061 827 1116 kalendis
845 1061 978 1116 Ianuariis
997 1065 1045 1114 aut
1057 1061 1130 1114 Titio
1149 1061 1274 1116 kalendis
1292 1059 1446 1116 Februariis
1453 1059 1473 1115 'l'
1492 1061 1575 1116 immo

142 1152 225 1206 etiam
244 1151 398 1206 ulteriorem
422 1151 494 1206 diem
520 1152 547 1206 in
566 1151 631 1206 Titii
654 1166 799 1221 personam
818 1149 934 1206 conferri
952 1163 1048 1220 posse,
1074 1150 1158 1204 ueluti
1178 1149 1251 1204 'mihi
1269 1149 1394 1205 kalendis
1411 1150 1575 1220 Februariis,

142 1241 216 1296 Titio
234 1239 359 1296 kalendis
371 1239 533 1295 lanruariisi'
551 1255 606 1310 quo
625 1255 690 1295 casu
709 1241 791 1295 talem
810 1254 871 1294 esse
884 1238 1088 1310 stipulationem
1101 1239 1303 1308 intellegemus:
1323 1239 1353 1294 ‘si
1366 1239 1439 1295 Titio
1451 1239 1576 1295 kalendis
1596 1249 1623 1289 ιο

106 1335 121 1382 ἰ
141 1329 284 1385 'ianuariis
302 1343 357 1384 nou
375 1329 498 1400 dederis,
522 1329 588 1385 milri
612 1330 737 1386 kalendis
756 1327 912 1384 Februariis
935 1327 1001 1382 dare
1019 1327 1139 1398 spondes
1146 1328 1166 1382 ι’
1197 1327 1252 1383 Sed
1270 1345 1364 1384 rursus
1383 1329 1448 1384 mibi
1466 1328 1575 1398 quidem

141 1434 210 1490 pure
228 1423 276 1473 aut
293 1419 367 1474 Titio
385 1417 437 1473 sub
455 1419 615 1476 condicione
640 1419 764 1490 stipulari
782 1433 904 1490 possum.
933 1422 1028 1472 eonua
1049 1431 1116 1472 uero
1139 1418 1163 1472 ιι
1187 1417 1253 1472 mibi
1275 1417 1327 1473 sub
1351 1418 1510 1474 condicione
1528 1423 1577 1473 aut

141 1509 216 1564 Titio
234 1522 316 1578 pure,
334 1508 436 1563 inutilis
455 1509 507 1564 erit
525 1513 585 1564 tota
602 1509 757 1579 stipulatio,
782 1509 834 1562 nisi
852 1508 881 1562 in
900 1521 988 1566 meam
1007 1521 1152 1576 personam
1171 1507 1295 1563 condicio
1313 1505 1448 1578 extiterit,
1472 1507 1577 1562 seilicet

141 1598 216 1668 quia,
234 1597 286 1651 ιιιιι
304 1595 378 1666 quod
397 1597 432 1651 ad
451 1613 494 1652 me
513 1598 568 1652 uim
588 1599 724 1668 acceperit
742 1597 883 1668 obligatio,
902 1595 1019 1651 adiectio
1039 1595 1104 1650 nihil
1122 1600 1214 1666 potest
1232 1597 1332 1652 ualere.
1360 1596 1412 1652 hoc
1430 1602 1522 1652 tameo
1538 1597 1577 1652 ita

141 1685 252 1740 demum
270 1685 382 1739 tractari
399 1691 505 1756 potest,
529 1688 552 1741 si
571 1687 713 1742 euidenter
731 1693 845 1758 apparet
862 1699 930 1756 pure
949 1685 1015 1740 Titii
1033 1700 1151 1755 persona
1174 1685 1294 1740 adiecta:
1320 1686 1439 1756 alioquin
1457 1701 1519 1741 cum
1538 1687 1577 1742 ita
1595 1694 1623 1736 ιι

141 1775 270 1845 stipulor:
288 1773 319 1829 'si
338 1774 416 1829 nauis
435 1789 469 1829 ex
487 1773 581 1830 Africa
599 1777 718 1846 uenerit,
742 1775 808 1831 mihi
832 1779 880 1830 aut
897 1774 972 1829 Titio
997 1773 1055 1828 dari
1074 1773 1221 1844 spondeat*
1239 1775 1304 1829 Titii
1327 1789 1436 1845 quoque
1459 1791 1577 1845 persona

106 1872 122 1918 ι
141 1863 195 1919 sub
213 1861 308 1918 eadem
328 1863 488 1918 condicione
507 1863 577 1919 adici
596 1866 713 1921 uidetur.
750 1865 792 1920 Ex
810 1863 863 1918 boe
881 1869 1008 1934 apparet,
1033 1863 1056 1918 si
1081 1863 1192 1918 diuersa
1215 1864 1339 1919 condicio
1362 1865 1391 1920 in
1410 1880 1497 1920 meam
1516 1879 1576 1934 per·

140 1967 253 2022 sonam,
277 1951 387 2008 diuersa
404 1953 433 2008 in
451 1953 517 2008 Titii
535 1954 627 2024 posita
645 1955 681 2010 sit
698 1969 750 2009 neo
768 1954 796 2009 in
816 1970 903 2009 meam
922 1968 1067 2024 personam
1086 1952 1207 2008 extiterit
1225 1952 1362 2024 condicio,
1386 1959 1472 2010 totam
1491 1955 1576 2024 stipu-
1630 1983 1632 1986 ·

139 2042 269 2097 lationem
289 2041 388 2097 nullius
407 2043 537 2097 momenti
556 2041 690 2098 futuram:
709 2049 835 2098 exstame
855 2059 921 2098 uero
940 2058 1002 2098 mea
1020 2041 1194 2112 condicione,
1214 2043 1237 2098 si
1255 2041 1365 2113 quidem
1383 2043 1449 2098 Titii
1467 2059 1575 2113 quoque

140 2131 266 2187 condicio
284 2131 416 2201 extiterit,
441 2131 542 2202 poterit
560 2133 603 2186 ucl
622 2133 695 2188 Titio
719 2133 801 2188 solui:
825 2133 848 2188 ιι
872 2147 938 2188 uero
962 2132 989 2187 iu
1013 2131 1085 2186 illius
1108 2146 1226 2201 persona
1248 2131 1394 2202 deiecerit,
1418 2133 1497 2201 quasi
1520 2149 1575 2188 non
1595 2141 1624 2182 ιο

104 2219 266 2276 ιιιιιιοιιιι
284 2219 436 2276 habebitur.
473 2221 515 2275 Ex
534 2220 576 2276 his
594 2221 720 2277 omnibus
744 2226 871 2292 apparet,
894 2221 959 2276 licet
981 2221 1093 2276 alterius
1115 2235 1234 2290 persona
1257 2236 1312 2277 nou
1336 2225 1410 2276 recte
1433 2221 1573 2292 adiciatur,

140 2325 196 2365 non
213 2308 276 2365 ideo
295 2309 384 2365 miuus
401 2310 429 2365 in
448 2315 542 2366 nostra
559 2326 678 2380 persona
696 2311 798 2366 utiliter
816 2309 964 2380 procedere
983 2309 1194 2381 stipulationem.

365 2636 402 2713 it
441 2635 505 2712 DE
539 2635 728 2714 DUOBUS
761 2500 878 2714 REIISL
902 2635 1275 2715 GONSTITUENDIS
1314 2634 1351 2712 R
1601 2651 1674 2707 seu

101 2795 120 2849 1
192 2793 386 2850 lionnsnnsus
403 2791 472 2848 libro
489 2792 610 2850 secundo
628 2795 792 2863 regularum.
823 2793 875 2860 Qui
887 2793 1040 2864 stipulatur,
1059 2809 1122 2849 reus
1140 2792 1288 2864 stipulaudi
1299 2791 1412 2848 dicitur:
1430 2785 1568 2874 [Q
1589 2794 1630 2849 'E

138 2883 187 2953 qni
204 2881 347 2952 promittit,
365 2897 428 2937 reus
446 2882 622 2952 promittendi
639 2882 763 2938 habetur.
1588 2890 1617 2932 ¹⁶

99 2971 121 3030 2
192 2971 363 3026 leuonnsus
385 2969 453 3026 libro
475 2972 557 3028 tertio
581 2987 616 3027 ex
635 2973 749 3028 Plautio.
787 2971 855 3028 Cum
874 2973 929 3028 duo
953 2969 1068 3027 eandem
1086 2971 1230 3041 pecuniam
1249 2974 1297 3026 aut
1314 2969 1413 3040 promi·
1431 2963 1569 3053 Πιῖιὲιζι
1589 2973 1630 3028 'E

138 3061 226 3116 serint
243 3065 292 3115 aut
309 3059 431 3129 stipulati
448 3065 520 3130 sunt,
539 3061 600 3130 ipso
618 3062 676 3116 iure
694 3066 724 3116 et
735 3061 835 3130 singuli
851 3062 879 3118 in
892 3060 1008 3118 solidum
1022 3059 1156 3116 debentur
1168 3065 1197 3115 et
1207 3059 1308 3128 singuli
1320 3059 1435 3114 debent:
1453 3059 1569 3130 ideoque

138 3151 272 3222 petitione
289 3151 513 3220 acceptilatione²
532 3151 612 3206 unius
629 3157 689 3207 tota
706 3151 820 3207 soluitur
831 3133 978 3219 obligatio.

98 3241 120 3299 3
193 3238 344 3294 Uarrauus
367 3238 436 3294 libro
459 3238 687 3308 quadragensimo
711 3241 828 3311 septimo
852 3240 888 3295 nd
911 3238 1051 3294 Sabinum.
1091 3237 1124 3292 ln
1147 3235 1254 3292 duobus
1276 3237 1330 3292 reis
1352 3252 1413 3307 pro·
1431 3231 1568 3321 [Q
1601 3241 1623 3296 S

139 3329 267 3384 mittendi
284 3327 386 3383 frustra
403 3329 514 3382 timetur
532 3330 657 3384 nouatio:
676 3347 739 3385 uam
758 3329 822 3385 lieet
839 3335 904 3384 ante
921 3329 995 3398 prior
1012 3326 1199 3397 responderit⁸
1213 3327 1347 3397 posterior
1365 3327 1417 3382 etsi
1435 3341 1470 3381 ex
1487 3328 1569 3381 inter·
1588 3336 1616 3377 ιι

139 3419 213 3474 uallo
231 3418 394 3488 accipiatur,
419 3431 589 3486 consequens
608 3423 651 3473 est
668 3418 759 3474 dicere
776 3419 918 3488 pristinam
941 3401 1135 3486 obligationem
1153 3415 1252 3470 durare
1270 3421 1298 3470 et
1315 3420 1475 3485 sequentem
1493 3430 1569 3470 aece-

140 3508 221 3562 dere:
240 3513 269 3561 et
286 3507 365 3578 parui
382 3505 473 3576 refert,
492 3507 571 3562 simul
590 3507 744 3577 spondeant
763 3525 797 3563 au
816 3507 963 3578 separatim
981 3505 1154 3576 promittant,
1174 3520 1236 3560 eum
1255 3503 1307 3560 boe
1324 3507 1416 3560 actum
1433 3506 1504 3560 inter
1522 3519 1570 3561 eos

101 3607 117 3652 1
140 3597 190 3665 sit,
216 3601 246 3650 ut
263 3595 318 3652 duo
337 3596 375 3650 rei
394 3597 609 3651 constituantur:
633 3611 722 3666 neque
740 3597 795 3651 ulla
812 3596 923 3652 nouatio
941 3593 997 3650 fiet.
1034 3594 1088 3650 Ubi
1105 3594 1160 3650 duo
1178 3594 1218 3648 rei
1236 3591 1301 3648 sacti
1319 3597 1397 3664 sunt,
1415 3599 1508 3666 potest
1526 3596 1571 3650 uel

140 3683 177 3741 ab
195 3700 251 3740 uno
268 3700 362 3741 eorum
381 3683 497 3740 solidum
517 3686 588 3754 peti:
607 3685 658 3740 hoe
676 3691 719 3740 est
736 3687 808 3740 enim
828 3685 943 3740 duorum
962 3699 1078 3754 reorum,
1097 3688 1128 3738 ut
1145 3683 1333 3752 unusquisque
1350 3697 1444 3738 eorum
1462 3683 1491 3738 in
1508 3685 1570 3740 soli·
1588 3692 1618 3736 ιι

140 3773 207 3830 dum
226 3775 262 3830 ιιι
279 3773 417 3844 obligatus
434 3775 576 3844 possitque
595 3773 630 3828 ab
648 3775 779 3832 alterutro
797 3774 861 3843 peti.
890 3779 919 3828 et
941 3777 1034 3843 partes
1056 3778 1147 3828 autem
1171 3789 1189 3826 a
1213 3771 1327 3841 singulis
1349 3772 1407 3842 peti
1425 3787 1506 3842 posse
1524 3787 1569 3828 ne

140 3880 278 3936 emnam
297 3864 409 3920 dubium
429 3869 480 3934 est,
498 3863 728 3934 quemadmodum
747 3861 776 3918 ct
793 3879 811 3918 a
829 3877 875 3918 reo
893 3867 922 3917 et
939 3861 1100 3918 fideiussore
1112 3867 1206 3932 petere
1217 3875 1373 3930 possumus.
1391 3861 1486 3931 utique
1497 3863 1570 3917 enim

140 3971 203 4010 com
223 3969 277 4008 nus
295 3954 331 4008 sit
347 3952 491 4023 obligatio,
515 3969 571 4008 una
588 3957 617 4006 et
635 3967 743 4007 summa
760 3955 815 4022 est,
840 3956 884 4022 ut,
908 3951 968 4006 siue
986 3967 1056 4007 unus
1075 3952 1178 4022 soluat,
1201 3965 1296 4007 omnes
1313 3949 1471 4021 liberentur,
1495 3951 1570 4006 siue*

138 4044 271 4110 soluatur,
290 4040 326 4096 ab
344 4043 430 4099 altero
447 4041 572 4098 liberatio
590 4041 740 4110 contingat.
851 4055 853 4061 ⁸
1589 4048 1617 4090 ιι

93 4133 117 4191 4
194 4132 366 4187 Pourourus
386 4130 456 4186 libro
478 4131 629 4187 uicensimo
652 4134 750 4200 quarto
776 4128 811 4185 ad
829 4127 969 4186 Sabinum.
1006 4129 1069 4184 Duo
1092 4130 1131 4184 rei
1154 4129 1331 4200 promittendi
1354 4129 1413 4186 siue
1431 4124 1569 4214 [Q
1601 4131 1623 4186 8

139 4223 180 4278 its
204 4221 365 4290 interrogati
389 4219 562 4292 'spondetisi'
586 4219 770 4290 respondeant
793 4217 931 4290 'spondeo'
955 4222 1004 4273 aut
1026 4217 1233 4289 'spondemus'⁵,
1259 4219 1318 4275 siue
1345 4218 1384 4274 ita
1410 4219 1569 4290 interrogati

139 4308 296 4381 'spondaei'
314 4309 520 4380 respondissent
537 4307 726 4380 spondemus,
745 4313 820 4364 recte
837 4307 1001 4378 obligantur.

137 4415 334 4486 raresco)

140 4574 151 4608 ²
208 4569 259 4624 rsit
277 4571 323 4624 del.
412 4533 704 4638 ²aetseptilationeue?
797 4568 896 4624 ⁸1icat
918 4571 982 4623 ante
1004 4566 1079 4638 prior
1095 4566 1266 4639 responderit
1289 4568 1335 4624 del.
1428 4569 1505 4626 ‘uni
1524 4578 1570 4626 ιιι.

140 4647 150 4710 (
178 4640 354 4713 deplacari
424 4641 435 4676 ι
454 4644 503 4695 aut
519 4639 687 4710 spondemus
705 4641 751 4695 dai.

142 4791 280 4864 leliquid
294 4792 329 4846 a*
366 4785 553 4848 testeriorem
567 4792 592 4844 F
624 4792 657 4847 13
670 4792 831 4848 nisirrnF’
863 4789 992 4847 'tuamne
1020 4789 1107 4853 αἰτῶι
1135 4791 1174 4846 eie
1204 4789 1348 4864 ὁλόκληροι
1379 4794 1504 4864 χρεωιτει
1531 4796 1569 4848 ssi

141 4867 175 4921 17
195 4863 317 4920 eed‘i'em
336 4863 372 4918 F*
426 4863 461 4918 18
482 4863 593 4918 diuersa
614 4863 642 4918 in
665 4864 718 4919 titii
741 4864 831 4933 posita
883 4863 1046 4935 χρεωειεῖτιι
1066 4863 1093 4917 Β
1152 4863 1186 4918 29
1203 4864 1336 4950 petitione
1354 4865 1569 4935 acceptilatione]

141 4937 179 4994 sit
198 4951 251 4992 nee
273 4937 301 4990 in
328 4949 414 4990 meum
453 4949 578 4991 erbonem
597 4954 645 4988 om.
660 4937 694 4988 F¹
748 4937 784 4990 28
802 4941 831 4991 et
883 4935 913 5004 τῇ
979 4933 1109 4990 ιιιιιτιιοει
1130 4934 1144 4987 r's
1163 4933 1289 5006 τῇιιιοχξι
1310 4935 1365 5001 BS,
1384 4937 1422 4991 uei
1441 4937 1473 5007 τῇ
1493 4956 1569 4991 rara·

140 5007 241 5080 singuli
259 5007 426 5078 (singuliF
441 5013 449 5072 ι
467 5006 495 5061 in
513 5006 630 5062 solidum
645 5005 830 5076 debenturll',
884 5007 948 5078 sota]
1020 5007 1058 5061 κιὶ
1077 5004 1207 5062 &natrice
1226 5009 1252 5062 Β
1264 5007 1376 5080 (Turno.)
1428 5007 1463 5063 32
1480 5009 1569 5078 pristi-

140 5079 310 5154 etsingnlie
338 5079 367 5135 in
392 5077 508 5135 solidum
535 5077 651 5135 debetur
676 5077 828 5135 XYMOG:
882 5079 995 5136 numF¹
1042 5077 1279 5136 381iberanturl'
1318 5079 1352 5135 41
1366 5076 1569 5151 ιι)οιι(ι*ι*οιἮ
