3464 5460
241 113 404 182 XXXXIII
425 114 467 179 29
486 120 566 174 3-4
655 191 657 196 ¹
782 87 789 92 ⁵
909 105 997 187 616
1114 133 1161 180 ou
1175 131 1311 222 neurus
1326 131 1454 180 ursano
1468 131 1698 214 enumerabo

240 273 301 342 quia
320 287 391 341 eum,
410 287 490 342 quem
509 270 545 326 ab
563 269 687 328 hostibus
705 270 828 340 redemit,
846 270 971 342 retineat,
990 271 1019 326 iu
1036 285 1071 326 ea
1087 285 1172 326 causa
1184 277 1239 340 est,
1258 277 1290 327 ut
1306 271 1453 328 interdicto
1466 285 1521 326 non
1532 275 1693 358 teneatur,

240 375 295 416 non
318 361 389 416 enim
413 360 476 417 dolo
499 361 570 416 malo
591 358 666 416 tecit
697 343 786 432 plane'
795 360 819 416 si
837 359 950 416 offertur
967 361 1093 430 pretium,
1112 360 1286 418 interdictum
1304 362 1393 416 locum
1412 359 1504 415 habet.
1535 360 1581 415 sed
1597 379 1651 435 et
1666 351 1692 453 ΕΙΣ

241 465 303 506 eum
322 450 427 506 remisit
443 449 531 520 pretio
550 463 604 505 non
622 452 745 519 accepto,
764 448 909 504 dicendum
928 453 971 504 eet
988 449 1133 506 interdicto
1151 450 1240 506 locum
1258 449 1325 520 tore,
1344 451 1376 520 si,
1393 454 1572 520 posteaquem
1584 465 1683 540 &met

207 548 223 594 4
240 539 352 608 remisit,
372 539 438 594 uelit
455 539 581 594 retinere.
617 536 646 594 Si
665 553 727 594 euru
746 538 807 608 quls
825 538 943 594 retineat
959 536 1053 610 tilium,
1072 555 1153 610 quem
1172 554 1226 596 uon
1244 538 1327 595 habet
1344 541 1372 594 in
1390 541 1538 609 potestate,
1555 538 1676 622 plen-„m-

240 643 293 699 que
319 629 378 684 sine
401 627 464 683 dolo
489 628 560 684 melo
583 626 672 684 tacere
693 625 844 684 uidebitur:
868 628 957 698 pietas
974 628 1047 684 enim
1065 628 1185 700 genuina
1202 625 1287 684 etficit
1304 629 1364 684 sine
1382 627 1447 684 dolo
1465 629 1537 682 mulo
1553 632 1689 722 retines,⁵

240 717 292 772 nisi
311 717 333 772 si
351 716 465 774 euidens
483 717 562 774 dolus
581 717 669 772 melus
686 715 847 772 intercedat.
874 716 987 786 proinde
1005 721 1034 772 et
1050 716 1074 772 si
1085 715 1212 772 libertum
1224 733 1304 774 auum
1317 718 1361 774 uel
1373 717 1515 774 damnum
1526 717 1568 773 uel
1579 735 1664 794 non,

239 805 362 862 deditum
381 803 682 878 auhneinpuberem1,
700 805 772 862 idem
791 805 844 860 erit
861 804 1015 861 dicendum.
1047 809 1077 862 et
1093 807 1257 875 generaliter
1274 808 1320 876 qui
1339 806 1441 862 iustam
1460 821 1567 862 musam
1583 807 1658 878 m

207 905 221 950 t
239 895 355 952 hominis
372 894 450 952 liberi
468 894 541 965 apud
560 910 590 950 se
609 893 751 966 retinendi,
769 910 824 952 uon
843 893 952 950 uidetur
969 893 1032 950 dolo
1050 895 1121 951 malo
1140 892 1239 950 tacere.
1270 894 1300 951 Si
1318 896 1380 966 quis
1397 896 1534 952 uolentem
1545 901 1652 976 retium,

239 1000 293 1040 non
316 983 424 1040 uidetur
447 983 510 1039 dole
534 983 605 1040 malo
628 984 754 1040 retinere.
785 983 835 1040 sed
859 983 926 1054 quid
949 983 973 1039 ai
991 984 1127 1040 uolentem
1145 983 1254 1056 quidem
1274 985 1403 1056 retineat,
1429 999 1483 1042 nou
1501 990 1583 1044 temer
1596 994 1649 1048 sine

239 1073 387 1128 calliditate
410 1073 622 1128 circumuentum
648 1073 693 1128 uel
716 1072 860 1129 seductum
878 1074 923 1130 uel
940 1073 1128 1142 sollicitatum,
1153 1087 1242 1143 neque
1259 1072 1332 1130 bona
1350 1075 1395 1130 uel
1412 1073 1545 1145 probabili
1561 1081 1649 1135 udone
1662 1091 1680 1130 u

206 1162 291 1218 uiroc
308 1160 393 1217 tacit?
419 1167 493 1216 reete
512 1160 618 1216 dicetur
635 1160 698 1217 dolo
717 1163 788 1219 malo
807 1163 933 1218 retinere.
960 1163 996 1232 is,
1014 1162 1061 1232 qui
1080 1162 1168 1217 nescit
1185 1163 1260 1233 apud
1276 1178 1308 1218 se
1323 1178 1387 1220 erac
1398 1163 1533 1220 huminem
1543 1163 1649 1236 liberam,
1725 1162 1727 1170 ’

207 1251 301 1308 11010
321 1252 392 1307 malo
410 1255 497 1306 caret:
516 1249 566 1306 sed
584 1249 631 1305 ubi
649 1251 811 1308 eemioratus
828 1252 936 1322 retinet,
954 1251 1017 1308 delo
1035 1251 1108 1308 malo
1126 1265 1180 1306 nou
1199 1257 1281 1306 caret.
1312 1253 1397 1308 Plane
1408 1252 1433 1307 si
1445 1251 1556 1321 dubitat,
1569 1261 1651 1310 rtrum

238 1340 307 1396 liber
329 1357 364 1396 an
387 1355 485 1396 seruus
508 1339 558 1408 sit,
581 1340 626 1394 uel
645 1337 710 1396 tacit
728 1344 816 1398 status
835 1340 1062 1410 controuersiam,
1086 1339 1267 1396 resedendum
1286 1341 1338 1398 erit
1355 1340 1391 1396 ab
1409 1340 1462 1398 hoc
1480 1341 1603 1398 interdicto
1623 1345 1653 1396 et

239 1429 347 1500 agerem
370 1443 454 1484 eausa
470 1425 614 1483 libertatis.
646 1429 747 1484 etenim
765 1435 839 1486 reete
856 1430 959 1499 placuit
976 1435 1042 1485 tune
1060 1429 1169 1484 demum
1188 1428 1240 1485 hoe
1258 1429 1435 1486 interdictum
1453 1431 1539 1486 locum
1555 1430 1655 1498 labem,

238 1519 364 1588 quotiens
383 1517 444 1587 quis
461 1532 511 1587 pro
530 1521 604 1572 certo
622 1517 764 1574 liberast:
783 1525 904 1574 ceterum
922 1519 945 1574 ei
964 1525 1111 1590 quaeretur
1128 1519 1163 1574 de
1181 1525 1264 1590 statu,
1283 1535 1338 1576 nou
1352 1523 1464 1590 oportet
1473 1520 1658 1590 praeiudicium
1670 1528 1690 1568 lt

206 1605 297 1663 sfieri
315 1607 420 1674 alienae
439 1605 597 1676 cognitioni.
633 1606 682 1662 Ait
699 1613 809 1678 praetor
827 1605 981 1663 ‘exhibeant
1009 1607 1137 1664 exhibere
1155 1611 1199 1664 est
1216 1609 1244 1664 in
1261 1607 1402 1679 publicum
1421 1607 1563 1678 producere
1577 1614 1600 1664 et
1613 1607 1660 1664 ui·

238 1696 321 1753 deudi
339 1695 524 1766 tangendique
542 1693 659 1752 hominia
677 1693 835 1752 facultatem
852 1696 997 1767 praebere:
1015 1697 1124 1768 proprie
1142 1703 1234 1754 autem
1249 1697 1378 1754 exhibere
1389 1700 1521 1754 estextra
1531 1703 1665 1754 metrum

206 1795 220 1840 9
238 1785 346 1842 habere.
383 1787 443 1842 Hoc
464 1783 639 1840 interdictum
663 1783 790 1840 omuibus
808 1787 953 1857 competit:
979 1803 1060 1844 nemo
1078 1788 1150 1844 enim
1169 1786 1353 1858 prohibendus
1371 1790 1415 1842 eat
1432 1786 1546 1842 libertati
1561 1785 1668 1842 iuuere.

192 1883 220 1930 ιο
238 1876 321 1931 Plane
340 1891 374 1930 ex
392 1890 476 1932 causa
494 1880 638 1945 suspectae
656 1889 790 1946 personae
808 1875 991 1932 remouendee
1009 1881 1082 1946 aunt,
1100 1877 1124 1932 si
1143 1873 1212 1932 torte
1230 1877 1292 1932 talis
1310 1891 1430 1948 persona
1444 1876 1487 1942 sit,
1504 1874 1671 1946 quamnerl·

190 1973 218 2018 11
238 1964 325 2020 simile
346 1969 390 2020 est
408 1965 544 2022 colludere
562 1964 606 2020 uel
625 1965 792 2020 calumniari.
829 1965 884 2020 Sed
903 1969 932 2020 et
949 1965 972 2020 si
992 1967 1087 2020 mulier
1104 1967 1147 2021 uel
1165 1966 1284 2036 pupillus
1302 1965 1354 2021 boc
1372 1965 1543 2020 interdictum
1559 1963 1675 2020 desider
1689 1973 1707 2014 u

237 2059 297 2108 rent
319 2069 368 2124 pro
391 2059 510 2124 cognate
530 2055 574 2110 uel
593 2059 706 2124 parente
725 2055 769 2109 uel
787 2053 877 2110 adfine
896 2069 946 2110 suo
964 2054 1085 2124 solliciti,
1109 2053 1229 2110 dandum
1248 2069 1309 2109 esee
1327 2054 1368 2109 eis
1386 2053 1556 2110 interdictum
1572 2055 1678 2110 dicem·

237 2142 303 2198 dum
322 2147 378 2198 est:
403 2160 465 2200 nam
484 2148 513 2198 el
530 2141 640 2214 publico
658 2141 759 2198 iudicio
777 2159 838 2200 reos
856 2141 946 2200 taocre
964 2149 1092 2215 possunt,
1110 2143 1176 2200 dum
1194 2160 1259 2200 suas
1277 2157 1445 2214 suorumque
1462 2144 1568 2200 iniuriae
1584 2157 1681 2200 exse«

190 2241 220 2286 11
238 2236 366 2302 quuntur.
403 2229 432 2288 Si
454 2235 547 2288 temen
569 2232 661 2302 plures
685 2236 761 2300 sunt,
785 2233 832 2303 qui
850 2232 966 2304 experiri
984 2233 1091 2302 uolent,
1116 2231 1257 2303 eligendus
1276 2238 1319 2288 est
1336 2248 1354 2288 a
1371 2237 1511 2304 praetore,
1533 2233 1682 2304 adquam

239 2321 356 2376 maxime
373 2336 418 2378 ros
435 2321 554 2394 pertinet
570 2321 614 2376 uel
633 2320 657 2376 is
675 2321 722 2390 qui
740 2319 863 2378 idoneior
881 2326 936 2377 est:
961 2327 989 2377 et
1006 2325 1050 2378 est
1068 2323 1200 2392 optimum
1219 2337 1253 2378 ex
1271 2323 1476 2391 coniunctione,
1495 2337 1528 2378 ox
1546 2321 1605 2392 lide,
1639 2337 1685 2378 ex

190 2419 219 2464 11
238 2409 372 2480 dignitate
391 2415 510 2466 actorem
528 2410 581 2466 hoo
598 2409 744 2466 interdicto
762 2409 927 2480 eligendum.
963 2409 993 2467 Si
1010 2415 1116 2482 tamen,
1141 2416 1320 2482 posteaquam
1344 2411 1397 2467 boc
1415 2411 1556 2468 interdicto
1572 2419 1717 2468 actumst

238 2504 289 2570 est,
308 2499 378 2555 alius
395 2499 447 2555 hoc
465 2498 609 2556 interdicto
628 2513 711 2570 agere
730 2498 875 2570 desideret,
893 2499 984 2570 palam
1003 2501 1055 2556 erit
1070 2506 1168 2572 postea
1185 2501 1230 2556 alii
1249 2515 1304 2556 uon
1322 2499 1402 2556 tacite
1420 2499 1553 2570 dandum,
1570 2501 1628 2556 uisi
1660 2502 1684 2558 si

238 2587 273 2644 de
291 2586 406 2658 perfidia
422 2588 520 2658 prioris
538 2588 657 2658 potuerit
675 2586 777 2657 aliquid
795 2587 858 2644 dici.
885 2589 978 2659 itaque
1002 2605 1086 2645 eausa
1109 2589 1221 2660 cognita
1243 2591 1360 2659 amplius
1382 2604 1465 2660 quam
1483 2591 1564 2646 semel
1579 2590 1684 2647 iuter·

238 2676 341 2732 dictum
365 2677 418 2734 hoc
440 2678 493 2734 erit
511 2675 686 2733 mouendum.
714 2691 777 2732 uam
801 2692 852 2732 nec
876 2677 904 2733 iu
927 2677 1043 2749 publicis
1060 2677 1168 2734 iudiciis
1186 2680 1353 2749 permittitur
1376 2681 1494 2750 amplius
1517 2679 1560 2750 agi
1580 2693 1679 2749 quam

238 2767 323 2822 semel
341 2771 433 2823 actum
452 2767 511 2822 est'
522 2783 604 2836 quam
622 2767 646 2821 si
664 2765 907 2836 praeuaricationis
926 2765 1007 2822 tuerit
1025 2767 1171 2823 damnatus
1188 2768 1261 2838 prior
1273 2773 1425 2826 aecusator.
1453 2769 1477 2824 si
1494 2775 1581 2824 tamen
1597 2784 1677 2827 reus

238 2855 435 2912 condemnatus
454 2855 531 2912 malit
547 2856 603 2911 litis
621 2857 838 2912 aestimationem
858 2855 971 2912 sufferre
990 2872 1070 2926 quam
1090 2855 1227 2914 hominem
1245 2857 1389 2928 exhibere,
1413 2875 1468 2913 non
1485 2863 1528 2912 est
1543 2858 1701 2927 iniquumu

191 2952 221 2998 14
238 2946 349 3016 saepius
372 2945 400 3002 iu
424 2960 486 3001 eum
511 2945 655 3000 interdicto
678 2945 810 3016 experiri¹
829 2946 873 3001 uel
897 2945 986 3002 eidem
1008 2946 1066 3002 sine
1085 2947 1246 3018 exceptione
1265 2947 1308 3002 uel
1327 2947 1381 3002 alii.
1418 2947 1478 3004 Hoc
1495 2947 1665 3005 interdictum

238 3039 267 3089 et
285 3035 312 3090 in
331 3033 472 3090 absentem
491 3049 552 3090 esse
571 3033 722 3106 rogandum
735 3034 828 3090 Labeo
847 3033 949 3105 scribit,
968 3033 1018 3090 sed
1036 3033 1059 3090 ai
1078 3049 1131 3090 nun
1150 3033 1321 3107 defendatur,
1340 3036 1368 3092 in
1386 3035 1460 3092 bona
1477 3036 1534 3091 eius
1546 3036 1658 3094 eundo·

191 3129 220 3176 11
238 3123 284 3178 ait.
321 3123 380 3179 Hoc
398 3121 572 3178 interdictum
590 3129 751 3194 perpetuum
770 3129 821 3180 est.

200 3209 219 3266 4
291 3211 463 3268 Uuuuuurus
480 3211 550 3268 libre
567 3217 664 3283 quarto
682 3212 896 3268 interdictorum.
923 3211 952 3268 Si
964 3212 1026 3282 quis
1038 3211 1153 3268 liberum
1170 3211 1306 3270 homiuem
1322 3214 1493 3285 ignorantem
1511 3211 1674 3298 [ῐωῖῖῇη
1725 3263 1730 3296 ;

206 3309 218 3354 1
237 3317 317 3358 suum
340 3307 442 3358 statum
462 3303 591 3372 retineat,
616 3303 724 3358 tamen⁴
743 3301 767 3357 ai
785 3301 848 3358 dolo
867 3302 938 3358 malo
956 3302 1068 3371 retinet,
1091 3302 1198 3372 cogitur
1216 3302 1353 3359 exhibere.
1390 3289 1669 3375 Trebatius-qrffiuio

205 3398 220 3442 a
238 3392 277 3448 ait
295 3407 348 3447 non
367 3391 453 3446 teneri
471 3407 547 3463 eum,
570 3391 617 3462 qui
635 3391 750 3446 liberum
768 3389 904 3446 hominem
927 3406 977 3462 pro
1001 3405 1081 3446 seruo
1104 3390 1177 3446 bona
1195 3389 1249 3448 tide
1267 3393 1364 3450 emerit
1382 3397 1411 3448 et
1429 3393 1546 3450 retineat
1577 3394 1637 3452 Nullo
1714 3439 1726 3480 ἦ

237 3488 430 3559 ΝΧῩΜΟΟ)

239 3631 312 3688 luel
335 3633 474 3688 alumnum
499 3629 589 3686 adhuc
611 3629 781 3700 impuberem
805 3631 849 3686 uel
871 3646 959 3686 noxae
983 3591 1311 3687 deultuffiuffine
1331 3631 1500 3702 impuberem
1522 3633 1560 3688 clei
1575 3635 1628 3698 lut)
1688 3653 1689 3656 ¹
1713 3630 1729 3647 ‘³

238 3704 250 3740 ²
268 3709 358 3760 actum
378 3704 429 3772 est]
449 3703 672 3772 praeterluit?
741 3703 753 3738 ⁸
771 3701 892 3772 permitti
910 3711 956 3757 ine.
974 3702 1102 3770 (Potite)
1173 3707 1184 3738 ⁴
1202 3709 1294 3758 tamen
1313 3705 1361 3758 del.
1704 3715 1709 3730 ¹

438 3795 662 3802 —....--.-..-—-

239 3837 256 3891 5
280 3835 417 3891 uldeuitnr
442 3835 476 3888 Ρ
497 3836 502 3900 1
523 3835 612 3908 pietas
635 3836 707 3891 enim
731 3835 861 3906 genuina]
885 3833 926 3890 tri
979 3833 1011 3897 oi
1031 3833 1075 3906 sip
1094 3835 1125 3890 ri
1144 3835 1267 3898 uoisslrse
1289 3836 1439 3909 bruacrripre
1461 3839 1532 3893 otton
1553 3835 1624 3888 tino
1709 3892 1712 3903 ,

239 3906 287 3961 ritu
305 3906 432 3979 npocssuri
451 3905 582 3968 eiciteres
600 3907 749 3977 Biduum),
769 3905 832 3968 sirei
852 3907 925 3978 sipia
979 3907 1081 3961 urseirar
1101 3909 1145 3974 t:
1158 3923 1221 3962 nam
1238 3921 1289 3962 nec
1307 3907 1418 3978 publica
1435 3909 1529 3966 iudicia
1542 3905 1623 3976 anplius
1709 3919 1712 3927 ·

240 3978 357 4040 sicilicis
380 3979 428 4039 τοῨ
453 3979 629 4042 seseuuuuirtar
659 3977 738 4039 ΔῨτὸκ
764 3979 811 4032 BS
834 3979 925 4042 (Dor.)
979 3983 1124 4034 mouentur
1153 3993 1234 4048 quam
1265 3981 1375 4047 semei),
1405 3981 1428 4034 ei
1455 3981 1488 4035 reli
1515 3979 1622 4056 dupu'lwtj
1719 3982 1732 3995 “’

240 4053 255 4106 t
282 4049 371 4105 adhuc
403 4048 581 4120 impuberem]
610 4057 727 4104 orniltrmt
756 4050 818 4104 toea
847 4051 926 4106 uerbo
980 4050 1156 4118 seruropr'raec
1182 4051 1221 4106 ὼε
1245 4053 1474 4124 upaeorapute'rmp
1496 4055 1621 4126 recurrente

241 4129 387 4193 interpreter
413 4121 507 4176 Graeci
511 4161 520 4186 ,
544 4141 600 4176 eum
626 4121 776 4190 Anonymae
799 4128 850 4175 tum
873 4130 927 4192 ipre
980 4125 1024 4186 (ε
1050 4125 1240 4192 praeterquam
1268 4124 1292 4178 ei
1318 4124 1548 4193 praebuimliouit
1566 4117 1621 4174 futili
1728 4158 1731 4167 2

240 4193 388 4246 Dorottece
406 4195 409 4198 '
435 4193 452 4246 9
470 4191 553 4260 quid⁴
564 4193 588 4248 si
601 4192 637 4244 F’
688 4193 722 4246 10
738 4190 873 4262 probauili
891 4193 926 4246 F¹
979 4193 1125 4248 damnatus
1143 4194 1216 4264 prior
1233 4200 1389 4262 aecusator)
1408 4197 1455 4251 BS
1474 4197 1561 4264 (uun
1577 4201 1621 4261 pat

241 4265 275 4318 14
293 4261 436 4332 u‘b'genda
454 4263 490 4315 F*
544 4265 576 4319 16
595 4263 700 4319 alienae
718 4263 875 4332 cognitioni]
895 4262 926 4334 τῇ
980 4272 1229 4335 interpretationem
1249 4267 1346 4320 Lotlm
1364 4274 1388 4322 et
1402 4287 1488 4339 prem
1503 4261 1620 4338 :munet
1700 4299 1702 4310 ι

239 4333 360 4405 iliorplq
383 4333 516 4397 brerndrcer
539 4335 588 4389 Rs
605 4335 696 4400 (Dor.)
757 4335 789 4390 1⁷
812 4339 926 4404 ungeu-
969 4339 1123 4408 setieieeime
1134 4338 1252 4400 emm,
1270 4339 1307 4392 cd
1320 4357 1376 4392 earo
1388 4339 1466 4394 uerba
1477 4330 1619 4394 mutii
1713 4325 1722 4361 '⁸

240 4403 402 4474 diqu'a'eF²
437 4403 654 4460 aduerterent*
684 4405 718 4460 21
732 4404 812 4462 suo's'
820 4405 879 4462 soll.
889 4405 927 4460 1³²
979 4407 1014 4462 28
1030 4405 1156 4462 indietis
1169 4407 1205 4460 F¹
1249 4407 1285 4463 ³5
1302 4409 1405 4478 umen]
1425 4407 1617 4482 marimum,
1701 4429 1722 4442 ·=

240 4479 275 4532 22
293 4479 499 4546 exsequuntur
517 4477 554 4530 F’
610 4477 644 4532 24
662 4476 775 4534 idoneor
793 4479 838 4546 ΡΙ
858 4477 926 4546 apti·
979 4481 1102 4550 tegeretur
1128 4493 1192 4548 neo,
1219 4487 1258 4534 etc
1284 4488 1363 4536 uertit
1389 4481 1539 4536 Der-citeri:
1557 4473 1616 4546 cllfil

240 4563 314 4603 mum
328 4548 363 4600 F¹
400 4548 435 4602 25
453 4546 609 4616 eligendum
673 4549 816 4604 interdicto
829 4569 877 4604 one.
891 4549 926 4604 F¹
979 4547 1125 4614 &secutura
1142 4549 1189 4604 riou
1202 4547 1344 4622 ἒΛεῨθεροκ
1357 4545 1615 4626 ἄκθρωποκτώκέιγῐῠῖ
1701 4604 1702 4607 ,

240 4621 274 4674 27
293 4619 387 4688 itaque
405 4633 489 4674 causa
506 4619 616 4688 cognita
633 4619 692 4690 req]
711 4619 743 4682 oi
757 4621 836 4675 ulios
849 4617 925 4682 uiuri
980 4621 1131 4676 uerteretur
1155 4621 1252 4691 sertxsr
1271 4641 1323 4687 τις,
1348 4622 1423 4678 dame
1446 4623 1475 4676 li
1496 4618 1547 4676 reri
1561 4621 1613 4669 tuor
1698 4656 1702 4667 1

241 4689 304 4744 inei
323 4691 403 4753 ῐοῨτο
421 4689 453 4744 τὸ
472 4689 629 4759 iuripbouore
652 4692 755 4746 truciter
775 4695 818 4758 (=
833 4691 927 4762 itaque
980 4693 1067 4780 spere?
1083 4690 1172 4758 uirbis,
1191 4691 1238 4756 oiri
1256 4691 1386 4760 illiserat,
1405 4701 1429 4749 et
1447 4693 1569 4763 ,trorum
1579 4688 1613 4766 tif?

240 4777 295 4816 nou
306 4763 424 4833 amplius
436 4776 518 4832 quam
528 4763 610 4817 semei
620 4761 672 4816 hob
684 4762 856 4820 interdictum
870 4779 926 4818 1110·
980 4783 1002 4818 er
1019 4762 1161 4834 ἐλεῨθεΡοκ
1179 4762 1326 4829 ὶΓκοοῩκτΔ
1338 4765 1388 4820 rire
1402 4765 1465 4820 laten
1476 4764 1542 4834 ῐῨχκκ
1551 4767 1611 4830 timi
1696 4790 1697 4795 ¹

241 4837 343 4905 uetur),
368 4835 390 4888 εἰ
409 4833 442 4888 uri
467 4833 517 4904 ipe
535 4833 614 4895 aeica
633 4831 736 4898 risum
753 4832 782 4888 ὲκ
800 4835 927 4906 λεγτὲρογ
980 4835 1027 4889 siu
1045 4834 1111 4899 iuer
1128 4835 1217 4903 Δόλογ,
1235 4837 1277 4892 lei
1294 4857 1327 4894 rae
1345 4835 1425 4902 uiris
1443 4833 1546 4908 ueprmie

241 4905 330 4964 auecta
350 4907 394 4975 t:
413 4905 465 4966 uisi
484 4919 568 4964 cauea
584 4904 695 4976 cognita
712 4905 810 4962 iterum
822 4905 925 4975 detur)-
