3518 5452
312 225 460 295 XXXVII
481 226 600 293 51-5
982 218 1069 299 286
1278 242 1326 291 un
1346 239 1491 291 onustus
1512 239 1727 297 premuntur

280 389 295 438 1
313 388 357 438 eet
377 381 470 438 liberis
488 387 517 437 et
533 381 707 453 perentibus,
732 380 811 436 uxori
827 379 963 449 nuruique
984 379 1071 450 ¹dotis
1089 378 1200 435 nomine
1216 380 1348 450 tegetum.
1384 378 1555 436 Generaliter
1572 383 1693 448 parentes
1725 413 1727 434 r

312 469 413 526 liberos
435 475 546 541 proetor
569 469 679 541 exeepit
695 485 747 525 neo
764 468 868 540 modus
885 468 1032 525 liberorum
1049 467 1242 539 purentiumue
1258 467 1444 524 monendis:
1463 468 1494 524 iu
1510 465 1645 524 intuitum
1659 467 1727 536 igitr

310 557 564 629 eieprnestsbitur.
590 558 1131 630 smueopsrsonssproseoutussem,
1155 561 1248 612 uuum
1271 572 1307 613 ex
1328 557 1400 612 uirili
1423 553 1727 623 sexusnexieminip

313 646 490 703 deeesudent.
520 647 644 717 quisquis
662 647 746 717 igitur
764 662 799 703 ex
816 646 909 703 liberis
926 645 1140 716 parentibusque
1151 643 1244 716 fuerit,
1262 644 1299 700 ed
1310 645 1395 715 tegeri
1405 645 1568 715 petitionem
1579 643 1727 710 udmittetm

279 743 296 789 t
313 735 364 791 sed
381 735 421 791 ite
438 735 557 805 demum,
576 736 600 791 si
618 736 679 791 iuro
696 736 868 806 cognationis
886 741 952 792 sunt
968 736 1040 790 inter
1056 749 1114 790 eos.
1140 733 1256 790 Liberos
1273 739 1366 789 eutem
1384 734 1468 788 edum
1487 747 1536 788 eos
1548 733 1585 789 ud
1595 735 1727 803 legetur-op

312 825 471 895 petitionem
490 824 669 895 admittimus,
687 825 735 895 qui
752 825 781 880 in
798 823 975 895 adoptionem
993 823 1051 878 deti
1069 827 1135 879 snut
1151 823 1196 878 uei
1213 823 1297 878 mum
1307 822 1439 894 adoptiui,
1457 821 1607 879 dummodo
1618 835 1727 887 mensam

281 921 296 967 t
312 911 399 968 liberi.
435 913 574 968 Postumis
591 912 684 968 liberis
701 914 794 982 legato
811 913 907 968 reiiote
923 912 1019 982 utique
1035 910 1264 982 presstsbuntur:

277 999 296 1057 2
366 1001 508 1056 lunmreus
532 1000 601 1058 libro
623 1001 755 1058 uieesimo
779 1001 860 1058 tertio
883 1001 1062 1070 digestorum.
1098 1005 1128 1054 et
1144 999 1208 1056 ideo
1225 999 1250 1054 si
1266 1003 1418 1071 pruegnute
1434 1013 1522 1056 uxore
1539 995 1612 1056 iilius
1629 1005 1722 1060 ementi

313 1092 395 1158 putus
412 1087 495 1146 tuerit
512 1093 541 1146 et
558 1088 692 1148 bonorum
710 1091 915 1161 possessionem
933 1095 1030 1145 oontm
1046 1086 1156 1144 tubulos
1174 1089 1326 1160 eooeperit,
1349 1089 1473 1160 tegetum
1496 1089 1591 1160 nepoti
1607 1093 1721 1158 praestem

314 1175 435 1232 debebit

277 1263 296 1322 3
371 1265 520 1322 Usrrsuus
542 1264 612 1322 libro
635 1265 845 1336 quadragesimo
869 1265 906 1322 od
928 1265 1058 1322 edietum.
1112 1262 1168 1319 Sed
1185 1267 1215 1320 et
1232 1265 1257 1320 si
1273 1265 1369 1321 mortis
1386 1279 1472 1322 esuss
1489 1265 1574 1320 donu-
1591 1259 1719 1351 Q

314 1355 404 1410 tiones
420 1361 480 1409 sunt
498 1362 524 1408 tu
537 1373 667 1426 personae
685 1363 801 1427 exceptae
814 1355 824 1426 i
838 1356 962 1424 eobotue,
981 1353 1063 1409 oredo
1082 1352 1203 1408 tuendae
1222 1358 1300 1408 eunt:
1322 1354 1456 1409 rientem
1475 1354 1586 1423 exeepti
1602 1367 1653 1410 nen
1667 1363 1718 1426 snut,

281 1448 295 1495 1
315 1440 479 1498 auferendus
501 1442 543 1496 eis
564 1447 632 1512 puto
657 1444 752 1498 mortis
775 1458 861 1499 oouso
883 1443 1054 1498 donationes.
1089 1439 1197 1496 Liberis
1220 1447 1312 1498 eutem
1336 1446 1444 1497 tentum
1467 1445 1497 1497 et
1517 1440 1717 1529 perentibusffe)

281 1536 425 1601 tpreetor
441 1531 598 1602 prospexit,
620 1547 675 1586 non
698 1533 781 1587 etium
799 1529 878 1586 fratri
895 1537 924 1586 et
941 1531 1027 1586 sorori
1045 1531 1222 1585 eonseruouit
1238 1531 1370 1599 legatum.
1406 1531 1466 1586 Hoe
1484 1535 1577 1586 eutem
1595 1531 1673 1586 solun
1685 1531 1718 1588 do

314 1617 407 1688 betur,
429 1619 504 1688 quod
521 1619 588 1688 ipsis
610 1619 770 1689 perentibus
791 1620 916 1675 relietum
940 1623 984 1674 est
1006 1623 1035 1674 et
1056 1617 1162 1674 liberis:
1186 1623 1307 1673 ueterum
1331 1619 1355 1674 si
1378 1632 1461 1674 seruo
1483 1633 1579 1674 eorum
1600 1617 1718 1675 fueritsd

314 1707 445 1777 seriptum
463 1708 509 1763 uei
527 1706 668 1790 subiectae
685 1708 737 1764 iuri
755 1723 849 1764 eorum
867 1721 1009 1777 perronae,
1029 1721 1083 1763 non
1101 1705 1231 1762 debetur:
1249 1721 1301 1762 neo
1318 1707 1390 1762 enim
1408 1707 1575 1777 qouerimm,
1593 1707 1635 1762 eui
1649 1707 1718 1777 sdqnt

282 1801 297 1847 t
314 1801 399 1867 retur,
418 1795 469 1852 sed
487 1796 532 1850 oui
549 1795 638 1852 honor
655 1795 764 1851 bubitus
782 1797 827 1851 sit.
857 1795 913 1851 Sed
931 1795 1001 1851 etsi
1019 1795 1186 1851 ooniunotim
1204 1793 1326 1850 etiuerit
1342 1795 1463 1864 tegetum
1482 1795 1607 1850 relietum
1624 1809 1677 1850 eun
1688 1807 1718 1865 eo,

281 1885 360 1940 seui
377 1899 432 1939 non
449 1888 620 1954 praestetur,
643 1899 696 1940 sue
713 1889 820 1940 tontum
838 1885 929 1954 portio
947 1883 972 1938 ei
991 1882 1207 1940 oonseroubitnr.
1242 1884 1313 1939 Item
1331 1883 1355 1938 si
1372 1884 1434 1952 quis
1451 1897 1488 1938 ex
1505 1883 1549 1938 bis
1566 1883 1677 1953 personis
1688 1897 1719 1939 ro

315 1977 398 2042 gutur
415 1973 453 2028 sit
469 1973 614 2028 restituere
632 1977 726 2028 extero
744 1970 820 2042 quod
837 1971 890 2026 sibi
907 1971 1030 2028 relietum
1043 1977 1094 2041 est,
1113 1972 1258 2028 dieeudum
1271 1987 1327 2027 non
1338 1985 1401 2026 esse
1411 1972 1534 2041 tegetum
1545 1970 1719 2041 proestsndun,

281 2061 381 2131 tquio
402 2061 616 2116 emolumenturn
641 2061 763 2116 odeum
786 2075 842 2116 non
863 2061 983 2131 respicit
1019 2057 1076 2116 Sed
1098 2061 1122 2116 si
1145 2075 1282 2131 propones
1305 2065 1401 2116 extero
1423 2060 1546 2129 legutmn
1569 2065 1719 2130 rogutnnque

314 2163 379 2205 eum
396 2155 536 2219 proestsre
553 2148 606 2205 boo
623 2149 704 2204 eiiord
723 2165 758 2204 or
774 2149 868 2204 liberis
885 2147 1108 2219 parentibusque,
1127 2153 1327 2218 oonseqoenter
1344 2147 1469 2204 ditemus
1487 2148 1622 2218 preestsri
1637 2145 1718 2202 debet

282 2235 376 2292 tiioo
398 2237 515 2306 emptius
536 2243 566 2292 et
587 2237 612 2293 si
635 2241 766 2294 ertrsnoo
790 2238 916 2292 relietum
938 2237 976 2292 sit
999 2236 1052 2292 sub
1073 2236 1126 2292 hoo
1150 2237 1245 2308 modo,
1267 2238 1317 2293 ut·
1340 2237 1422 2292 elioui
1445 2250 1480 2291 ex
1501 2235 1596 2290 liberis
1617 2239 1718 2305 preostet

282 2324 511 2394 nequissimum
532 2326 585 2381 erit
608 2325 700 2381 dioere
723 2341 779 2380 non
801 2324 903 2380 debere
924 2325 951 2379 ei
973 2327 1128 2395 praetorem
1151 2325 1288 2395 denegare
1307 2325 1452 2380 sotionem.
1488 2324 1533 2379 Es
1549 2329 1640 2379 entem
1653 2323 1719 2394 logstr

314 2413 375 2470 solo
390 2417 533 2483 preostsnt
549 2413 597 2483 qui
615 2419 712 2470 ooutre
728 2413 837 2469 tubulus
853 2412 988 2468 bonorum
1005 2414 1209 2482 possessione·
1227 2413 1375 2483 mopinot,
1393 2427 1466 2483 quoe
1480 2413 1584 2468 utiliter
1595 2411 1655 2467 dsts
1668 2415 1719 2480 suni,

314 2515 410 2558 uerum
428 2501 530 2557 ideireo
547 2517 602 2556 non
620 2501 763 2572 debentur,
781 2501 857 2572 quod
873 2499 946 2556 filius
963 2505 1059 2556 eontro
1074 2501 1184 2558 tubulos
1203 2501 1336 2557 bonorum
1354 2500 1558 2571 posseeeionem
1577 2501 1675 2571 sooipit,

277 2583 298 2642 4
367 2590 510 2646 inermus
537 2589 607 2646 libro
633 2591 764 2646 uioesimo
787 2591 871 2645 tertio
897 2589 1077 2658 digestorum.
1117 2605 1180 2645 enm
1204 2594 1318 2660 propter
1341 2588 1394 2645 boo
1415 2589 1578 2659 pierumque
1595 2581 1721 2674 Q]

314 2677 410 2748 seripti
427 2677 543 2734 heredes
560 2679 688 2734 omittunt
705 2677 899 2750 hereditatem,
922 2693 984 2734 oum
1002 2679 1106 2734 seirent
1122 2679 1325 2750 emenoipstum
1343 2681 1392 2734 out
1408 2678 1512 2748 petisse
1535 2683 1584 2735 eut
1600 2680 1721 2750 petitum

315 2769 412 2822 oontro
428 2765 537 2822 mulso
555 2765 688 2822 bonorum
706 2767 911 2838 possmionem.

278 2847 298 2908 b
369 2853 519 2911 Ummreus
540 2853 610 2910 libro
632 2855 844 2926 quadregesimo
867 2855 903 2911 ed
923 2854 1053 2910 edietum.
1089 2855 1188 2910 tilium
1211 2855 1274 2924 quis
1295 2853 1465 2924 impuberem
1488 2853 1618 2911 heredem
1640 2851 1722 2922 seripu't

315 2942 396 3013 eique
419 2942 573 3012 substituit,
597 2945 798 3014 emenoipetum
822 2947 915 2999 eutem
938 2941 1023 3000 filium
1047 2943 1201 3014 proeteriit:
1228 2943 1328 2998 deinde
1351 2948 1469 3014 uterque
1490 2942 1565 3000 iilius
1586 2943 1723 3012 uooepemnt

316 3029 449 3087 bonorum
466 3031 681 3100 possessionem:
700 3033 792 3101 tegete
809 3036 875 3087 sunt
892 3031 977 3088 etiem
990 3051 1008 3087 o
1018 3031 1167 3087 substituto
1180 3031 1330 3101 impuberis
1347 3033 1444 3088 reiiots
1460 3048 1517 3088 non
1533 3035 1640 3088 tontum
1655 3027 1723 3085 iberis

315 3123 345 3174 ot
361 3119 536 3190 perentibus,
554 3134 650 3176 uerum
668 3120 751 3176 etium
769 3120 921 3176 esttenete:
939 3121 1093 3190 quaeritur,
1112 3135 1147 3174 en
1165 3125 1273 3176 mortno
1290 3119 1433 3190 impubere
1451 3124 1570 3190 cogetur
1586 3118 1723 3175 substitrtrr

314 3221 350 3262 es
370 3213 520 3278 proestare
552 3213 582 3264 et
603 3209 627 3264 si
644 3208 755 3278 quidem
778 3207 814 3263 sb
836 3208 979 3279 impubere
1002 3208 1096 3264 reiiotu
1118 3212 1196 3278 runt,
1224 3207 1290 3264 solis
1316 3208 1410 3264 liberis
1432 3207 1648 3278 parentibusque
1668 3215 1723 3275 prro

315 3295 416 3350 stundu
432 3301 509 3352 snut:
528 3297 571 3352 sin
588 3311 655 3352 nero
673 3317 691 3351 o
708 3295 857 3352 substituto
875 3296 1032 3367 impuberis,
1051 3295 1178 3351 omnibus
1190 3311 1253 3352 eum
1266 3301 1406 3366 pruesture
1418 3301 1529 3366 oportet
1539 3294 1723 3351 habitentur

314 3383 384 3452 legis
397 3383 543 3455 Fuioidiue,
562 3385 667 3440 soilioet
684 3389 716 3440 ut
732 3385 819 3454 pertis
837 3385 974 3455 dimidiae,
993 3399 1065 3454 quse
1084 3383 1120 3439 od
1137 3399 1200 3439 eum
1220 3399 1255 3440 ex
1272 3384 1352 3441 bonis
1364 3386 1451 3454 petris
1463 3385 1599 3454 peruenit,
1616 3387 1722 3452 qum

283 3471 344 3527 lid
362 3477 406 3527 est
427 3473 513 3528 totius
537 3473 608 3528 ossis
630 3473 802 3528 sesounoism
825 3475 949 3528 retineat.
986 3471 1065 3538 Quod
1088 3471 1112 3526 ei
1134 3471 1260 3542 impubes
1282 3487 1318 3528 ox
1339 3473 1421 3528 unoio
1443 3471 1590 3526 dumtuxst
1610 3469 1722 3526 instituto

315 3558 395 3615 heres
412 3558 503 3630 suerit,
521 3561 610 3630 mugis
627 3565 672 3616 est
688 3561 832 3616 semissem
850 3575 936 3630 usque
954 3561 1048 3630 leguts
1065 3566 1267 3630 proestuturum
1286 3559 1381 3616 bebite
1396 3561 1503 3616 ratione
1517 3560 1587 3630 legis
1599 3557 1720 3614 Fsloidisr:

314 3647 380 3704 lioet
397 3649 469 3704 enim
488 3663 523 3704 ex
540 3649 623 3706 unoie
639 3647 724 3706 fuerit
741 3648 868 3720 impubes
885 3649 1039 3720 institutus,
1058 3655 1152 3706 tumen
1169 3648 1244 3720 quod
1261 3649 1393 3722 tumuit,
1411 3647 1527 3720 eugebit
1543 3649 1635 3718 legsts
1650 3641 1721 3704 ssub

314 3753 518 3822 1³(DEQ10K)

317 3905 455 3974 ¹qnoque
473 3911 521 3960 ins.
592 3905 784 3976 ’persecutus
801 3906 836 3973 (u
849 3903 898 3973 tt?
967 3905 979 3941 ⁸
997 3903 1073 3960 eliud
1091 3903 1158 3976 quid
1175 3914 1223 3962 tre.

316 4053 333 4108 1
350 4053 479 4122 nuruiqui
497 4054 533 4107 F¹
555 4055 560 4122 Ι
581 4053 753 4123 generuiiter]
778 4069 841 4122 gen.
857 4057 950 4110 eutem
968 4054 1007 4108 Ρ
1057 4055 1183 4127 pretendi
1204 4053 1298 4110 tiber-os
1319 4060 1344 4109 st
1358 4059 1478 4124 potentes
1500 4071 1579 4125 morso
1596 4053 1631 4108 od
1644 4055 1717 4106 teitu

315 4124 523 4208 dproseeutue]
539 4129 706 4210 persecutus
719 4125 848 4182 DEIOK
871 4127 904 4182 ’6
922 4125 1006 4211 odop-
1057 4127 1169 4198 predum
1190 4123 1626 4215 (ts-&li1bi·)11·tgnsm⁸⁸
1644 4121 1717 4176 nidd*

315 4194 1006 4336 edittaemetientem
1059 4191 1716 4338 etztmtrtttttttttt

315 4333 430 4390 idemD
476 4338 511 4391 12
529 4337 638 4391 suntin
655 4351 788 4406 personas
806 4343 936 4407 exoeptos
949 4338 1005 4392 ool·
1059 4333 1480 4406 eumt.t.§11tnend'o'set⁸
1524 4336 1560 4390 14
1578 4325 1715 4390 eonsemeti

315 4405 397 4474 istst]
419 4414 515 4496 eortpst
534 4409 821 4494 seeunduqurueoos,
850 4427 906 4498 f¹fm
929 4407 1004 4463 Ano-
1057 4405 1149 4461 'soror'
1161 4407 1282 4492 legatum
1296 4403 1333 4459 Β*
1368 4407 1411 4490 ,17
1429 4404 1525 4474 honor]
1543 4403 1708 4523 ὴοιιοῐξἋΙθΙ

315 4478 897 4630 tttt'ttittz.“titisstit'ttt
915 4487 1004 4620 tit
1057 4478 1213 4602 {XXXX
1225 4475 1714 4628 39⁸¹2i¹¹b50pruiiss⁰¹²iiffboo

317 4626 419 4678 osteor
441 4617 609 4682 optineret·
634 4619 702 4691 rupi
723 4619 754 4672 b'e
776 4621 832 4674 τῶκ
857 4620 891 4674 uri
915 4621 1003 4674 ὃκτωκ
1057 4625 1103 4673 tur
1120 4617 1157 4671 Ρ
1206 4619 1241 4673 37
1260 4619 1417 4672 ommittunt
1434 4619 1461 4670 F
1507 4619 1544 4672 28
1560 4604 1717 4686 maronem?

313 4685 447 4742 turbetur
466 4689 504 4742 sei
522 4689 667 4745 struborum
678 4689 847 4763 &torporem
867 4697 1005 4762 citcturque
1058 4689 1092 4744 31
1106 4704 1126 4743 o
1137 4707 1185 4742 ons.
1197 4687 1237 4755 Fi
1252 4689 1348 4743 relicta
1358 4703 1414 4744 nou
1425 4693 1533 4743 tantum
1552 4687 1640 4742 libetis
1649 4673 1714 4739 ΜΡ

316 4767 344 4814 tt
360 4759 456 4813 schotto
473 4761 588 4832 t20pr.
607 4763 632 4812 t.
644 4769 676 4826 t,
699 4761 743 4815 ute·
764 4765 883 4816 similiter
901 4761 1007 4815 redunt
1058 4761 1094 4815 33
1112 4757 1359 4829 parentibusqu'o'e
1371 4758 1409 4814 F*
1453 4759 1490 4814 34
1506 4758 1532 4828 s]
1547 4775 1582 4814 uu
1594 4759 1619 4811 F
1652 4744 1715 4816 363]

311 4847 440 4901 personas
457 4837 590 4901 exemtus:
607 4832 723 4886 ooilutee
740 4833 768 4886 F
778 4832 836 4900 (ebt
847 4833 880 4886 ab
892 4832 1005 4886 doceor.
1058 4845 1090 4886 es
1108 4830 1144 4883 Fl
1167 4831 1171 4897 Ι
1191 4829 1316 4886 unuiu'm'
1328 4829 1365 4885 F‘
1417 4831 1454 4886 37
1472 4835 1535 4886 ebt*
1551 4829 1679 4886 seminem
1690 4817 1715 4874 Ρ

311 4899 1005 5046 metuet
1058 4901 1094 4956 ³⁸
1112 4901 1139 4970 ⁸1
1158 4905 1207 4957 ω’
1224 4902 1261 4954 f·
