3504 5452
101 275 198 325 ιιι,
229 277 506 326 rususrnrruunre
527 277 670 326 enorme
806 251 891 331 167
1260 253 1410 324 XXXIII]
1431 257 1453 322 4
1471 263 1570 320 8-18

61 419 80 478 8
156 415 326 473 Ιιιιιιιιιιι
342 415 413 472 libro
430 417 572 487 trigesimo
590 413 713 472 seoundo
731 413 910 486 digestorum.
937 413 975 469 Et
991 412 1054 469 ideo
1072 413 1097 470 si
1114 413 1179 469 uiuo
1196 415 1331 470 testatore
1347 417 1472 470 mortuus
1488 411 1571 470 merit
1588 416 1624 470 S*

92 505 120 572 is,
152 503 309 576 inquom
326 506 492 561 translatum
509 506 630 574 legatum
649 503 739 574 luerit,
758 502 950 573 nihilomagis
968 501 1004 557 sd
1022 517 1094 572 eum,
1113 517 1130 556 ιι
1147 517 1202 571 quo
1219 502 1382 558 transistum
1400 499 1491 572 fuerit,
1508 517 1570 572 per·

91 590 240 648 tinebit

60 685 77 744 9
157 679 334 738 Uuruuus
352 680 422 737 libro
440 682 536 752 quinto
554 681 778 751 disputationum.
806 679 876 735 Cum
895 682 1014 749 eentum,
1033 692 1104 748 ques
1122 678 1184 748 quis
1196 692 1264 748 pure
1276 677 1393 749 reliquit,
1411 671 1568 764 Q
1587 690 1610 746 s

92 768 290 825 eondioiono
308 769 417 824 sdieotu
435 770 534 825 iterum
551 769 641 824 eidem
658 768 770 838 legeuit,
789 767 813 821 si
832 766 943 836 quidem
961 767 1040 836 quusi
1058 766 1139 822 olium
1157 766 1228 821 buno
1246 782 1381 823 summurn
1399 781 1461 822 esse
1473 767 1568 838 uoluit,
1588 784 1602 825 ι

75 859 117 910 ot
142 857 251 925 quod
268 873 337 928 pure
355 858 482 912 relietum
501 861 546 912 est
562 857 655 912 statim
674 854 819 912 debebitur
837 858 866 910 et
883 855 957 923 quod
976 854 1028 910 sub
1046 854 1205 912 eondioione
1218 854 1387 926 udsoriptum
1399 859 1451 925 ost,
1468 855 1493 911 si
1504 869 1568 910 oon·

95 942 204 1001 dicio
221 947 364 1001 exstiterit.
398 947 472 1017 quod
491 947 515 1002 si
533 945 647 1002 eundem
667 959 802 1000 summum
821 948 928 1000 mutate
945 944 1088 1000 uoluntate
1106 943 1158 999 sub
1176 943 1336 999 eondioione
1354 943 1475 1014 reliquit,
1498 958 1569 1013 pure

97 1029 207 1090 irtio
229 1034 424 1092 eondieionelis
448 1035 548 1090 etieoto
569 1033 716 1089 uidebitur.
748 1047 833 1102 quere
857 1033 882 1087 si
903 1033 931 1086 in
954 1033 1051 1089 eodem
1070 1037 1250 1102 testamento,
1273 1032 1301 1088 in
1318 1045 1374 1101 quo
1391 1035 1502 1088 eentum
1520 1031 1568 1088 od·

99 1119 290 1192 scripserat,
314 1129 412 1192 postes
435 1122 635 1193 quinqusginto
659 1121 810 1191 reliquerit,
834 1121 859 1176 si
882 1121 992 1190 quidem
1017 1121 1072 1178 ulie
1088 1121 1177 1178 uoluit
1194 1135 1256 1178 esse
1273 1119 1342 1176 bueo
1360 1119 1568 1190 quinquaginta,

87 1215 238 1268 *mutum
256 1213 457 1281 quinquoginto
474 1211 655 1280 debebuntnr,
673 1210 716 1265 rin
734 1224 800 1266 uero
819 1210 1139 1280 quinquagintstrntum
1151 1209 1246 1266 deberi
1257 1209 1352 1279 uoluit,
1370 1208 1569 1280 quinquaginta
1588 1219 1617 1260 ro

104 1299 235 1354 butum
253 1298 436 1356 debebuntur.
463 1300 535 1355 idem
554 1305 597 1355 est
615 1303 644 1353 et
661 1299 685 1353 si
703 1297 732 1352 in
750 1297 881 1354 oodioillir
899 1297 928 1354 id
946 1296 1028 1354 suerit
1045 1296 1158 1354 foetum.

69 1389 97 1448 ιο
174 1387 324 1444 lunuuus
341 1388 411 1444 libro
428 1389 571 1458 trigesimo
589 1387 707 1456 septimo
725 1385 903 1455 digestorum.
931 1385 961 1441 Si
978 1387 1099 1456 legatum
1117 1399 1186 1457 pure
1205 1383 1300 1440 dotum
1318 1383 1392 1441 Titio
1410 1379 1567 1470 [Q
1587 1390 1609 1448 8

111 1465 265 1531 rdimstnr
287 1476 340 1532 sub
363 1477 525 1532 eondioione
549 1482 577 1531 st
598 1475 736 1546 pendente
758 1475 919 1530 eondioione
936 1475 1027 1530 Titius
1045 1474 1208 1544 detenuerit,
1233 1473 1360 1544 quemuis
1378 1473 1502 1530 eondioio
1520 1474 1567 1530 de·

114 1553 237 1634 temris,
261 1563 298 1618 sd
322 1561 451 1619 heredem
470 1565 536 1620 Titii
559 1564 680 1634 legatum
702 1579 758 1620 non
775 1562 936 1634 pertinebit:
959 1578 1022 1618 nsrn
1041 1563 1162 1632 legatum
1180 1578 1242 1618 oum
1261 1561 1313 1618 snb
1332 1561 1492 1619 eondioione
1510 1561 1567 1618 sdi-

98 1645 223 1721 iilitur,
248 1651 362 1722 perinde
381 1658 437 1722 est,
462 1669 495 1708 so
513 1654 537 1708 si
554 1652 607 1707 sub
626 1653 763 1708 penuaria
780 1651 941 1708 eondioioue
959 1651 1054 1707 dotum
1073 1649 1179 1707 uisset
1216 1651 1296 1718 Quod
1313 1651 1353 1707 its
1369 1651 1492 1720 legatum
1510 1655 1567 1706 est:
1587 1662 1616 1705 ιι

121 1731 208 1796 Titio
226 1741 324 1796 deoem
343 1741 422 1796 heres
440 1757 519 1796 meus
537 1740 617 1796 doto:
636 1741 660 1796 si
677 1741 751 1796 Titio
770 1755 825 1796 non
842 1739 958 1810 dederit,
977 1739 1073 1795 eodem
1092 1739 1188 1796 deoenr
1201 1737 1362 1810 Sempronio
1373 1737 1457 1810 dsto',
1474 1739 1499 1794 ri
1511 1753 1567 1794 mo-

124 1821 316 1884 inurimur
334 1829 490 1886 antediem
509 1829 601 1900 legati,
621 1827 798 1900 Sempronius
817 1830 939 1898 legatum
957 1827 1060 1884 utiliter
1077 1833 1167 1899 petet:
1185 1829 1348 1884 tronslotum
1360 1827 1434 1883 enim
1445 1827 1567 1896 lsgrtum

128 1907 251 1988 intellegi
268 1917 390 1973 debebit.

96 1997 118 2053 ll
179 2007 259 2061 lnnrr
275 2006 346 2062 liure
357 2007 586 2076 quinquagesimo
598 2011 697 2076 quarto
708 2005 887 2074 digestorum.
912 2003 964 2070 Qui
976 2003 1113 2060 hominem
1125 2005 1201 2075 leget
1212 2009 1241 2061 et
1253 2003 1376 2061 Stichum
1392 1985 1568 2089 Q
1586 2011 1608 2066 s

132 2090 231 2166 trinu,
250 2110 307 2150 non
324 2096 443 2165 peremit
459 2095 590 2164 legatum,
608 2093 659 2149 sed
676 2096 816 2163 extenuet,
1586 2105 1615 2146 ro

97 2173 120 2230 1²
179 2183 334 2240 ῑῐιιιιιιιιι
350 2183 421 2240 libro
438 2184 666 2254 quiuquagesimo
685 2181 720 2238 ad
739 2180 879 2238 Sabinum.
913 2186 945 2238 ut
962 2180 1085 2238 Stiobum
1103 2182 1255 2252 legatorios
1273 2183 1374 2252 eligere
1393 2175 1567 2268 Q}
1586 2186 1622 2242 δ’

131 2279 180 2328 uon
196 2273 297 2342 possit

94 2347 120 2408 li
176 2362 358 2417 Munumuus
375 2359 445 2416 libro
462 2363 542 2416 serto
560 2359 771 2415 institutionum.
799 2359 864 2414 Diui
883 2358 1002 2414 Seuerus
1020 2362 1050 2414 et
1062 2356 1217 2414 Antoninus
1229 2359 1374 2429 resoripse·
1393 2353 1568 2443 Q
1585 2363 1608 2421 ι

129 2457 196 2519 runt,
216 2465 282 2505 oum
301 2452 418 2504 testator
435 2452 575 2519 postremo
592 2449 728 2518 seripturs
746 2463 857 2517 quoquo
873 2446 979 2502 meone
997 2450 1088 2502 motus
1105 2447 1255 2517 pessimum
1273 2446 1401 2503 libertum
1419 2462 1481 2504 esse
1493 2447 1567 2503 odie·

128 2533 219 2607 deor,
238 2553 275 2593 os
292 2552 364 2607 quse
381 2538 472 2607 priore
490 2537 627 2606 scripture
644 2537 670 2590 ei
688 2535 783 2590 reliotu
801 2533 910 2590 luerunt
927 2533 1056 2604 adempto
1074 2535 1170 2591 uideri.
1586 2547 1616 2589 rr

89 2611 112 2672 ¹4
175 2628 395 2682 homerus
410 2626 479 2682 libro
497 2626 585 2696 primo
603 2625 813 2680 institutionum.
842 2623 949 2691 Legots
966 2622 1097 2678 inutiliter
1114 2622 1180 2678 dota
1198 2623 1373 2694 ademptione
1404 2636 1432 2682 Β.
1440 2637 1478 2693 44,
1491 2637 1528 2694 ιι,
1537 2639 1567 2683 ιι
1586 2630 1607 2685 S

1 2700 3 2707 ’
123 2722 177 2772 non
201 2713 415 2785 eonflrmrntur,
440 2715 525 2770 ueluti
548 2714 572 2768 si
595 2713 706 2770 domino
729 2712 830 2768 herede
848 2711 987 2780 instituto,
1012 2725 1093 2766 seruo
1111 2727 1179 2782 pure
1196 2713 1318 2782 logstum
1337 2712 1389 2770 sub
1407 2713 1568 2788 eondioione

1 2843 2 2870 3
120 2801 278 2860 rdinum:
301 2817 365 2859 nom
382 2819 451 2874 puro
469 2803 589 2884 legatum
608 2802 632 2858 si
650 2801 703 2857 sub
721 2800 882 2857 eondioione
901 2799 1050 2870 adimetur,
1068 2800 1121 2857 sub
1140 2801 1277 2857 oontrorie
1294 2801 1455 2858 oondieione
1472 2801 1568 2858 dsurm

1 2929 3 2934 >
117 2883 297 2962 intellegitur
314 2897 343 2947 et
360 2892 423 2947 ideo
441 2890 641 2948 ooniirmutur¹.
670 2889 809 2959 ademptio
828 2895 929 2955 autem,
949 2903 1004 2958 quo
1023 2889 1121 2960 minus,
1140 2905 1268 2960 nonque
1287 2891 1376 2959 mugio
1387 2891 1508 2961 legatum
1521 2890 1568 2947 de·

1 2971 3 2978 ’
90 2973 98 3020 ¹
116 2970 232 3051 beetur,
250 2981 409 3036 interuenit.
437 2979 542 3046 Quibus
559 2993 594 3036 ex
607 2978 699 3050 οιιιιίι
710 2977 787 3033 detio
799 2977 884 3047 legati
896 2977 999 3033 inutilis
1012 2983 1062 3048 est,
1082 2993 1117 3033 ex
1129 2977 1217 3034 isdem
1230 2979 1322 3036 oeusis
1333 2979 1416 3034 etiem
1429 2979 1568 3051 sdemptio
1586 2989 1616 3032 to

113 3063 256 3128 ineffioux
276 3069 401 3138 hebetur,
419 3069 506 3124 ueluti
523 3069 547 3122 si
564 3068 639 3122 nium
657 3081 707 3137 pro
724 3071 804 3136 perte
823 3065 930 3121 edimus
948 3071 997 3122 sut
1013 3081 1063 3136 pro
1081 3071 1160 3137 porte
1177 3067 1294 3122 liberum
1311 3081 1373 3122 esse
1391 3072 1478 3122 uetes.

70 3139 94 3199 ¹5
173 3160 302 3214 Pronus
323 3157 393 3213 libro
411 3156 542 3226 singulari
560 3156 595 3210 de
613 3155 805 3226 sdsignstione
823 3155 990 3212 libertorum.
1027 3155 1096 3211 Cum
1115 3171 1213 3212 seruus
1230 3157 1339 3227 legatus
1357 3171 1374 3210 ιι
1392 3149 1607 3240 fflss

111 3243 261 3303 miore
278 3251 308 3300 et
326 3247 461 3302 sllsnstns
478 3259 572 3300 rursus
590 3243 749 3314 redemptus
767 3243 804 3298 sit
821 3259 839 3298 o
856 3248 997 3314 restrum,
1019 3257 1074 3300 nou
1092 3244 1208 3302 debetur
1224 3245 1358 3316 legatorio
1375 3246 1504 3315 opposite
1520 3259 1566 3300 ex·

112 3335 254 3406 ceptione
266 3333 324 3390 doli
336 3334 409 3389 moli.
436 3348 503 3388 sune
515 3333 539 3387 si
551 3331 650 3402 probet
660 3333 810 3402 legatarius
822 3346 922 3388 nouum
935 3333 1104 3390 uoluntatem
1118 3333 1265 3404 testatoris,
1284 3348 1339 3389 non
1351 3331 1567 3388 submonebitur.
1586 3344 1616 3385 ιι

62 3405 89 3466 ¹⁶
177 3421 291 3494 linum
314 3437 348 3477 er
371 3421 440 3477 libro
463 3421 595 3491 singulari
619 3420 654 3475 de
678 3419 737 3476 iure
755 3420 949 3476 oodieillorum.
986 3420 1058 3476 Nihil
1075 3421 1204 3491 interest,
1229 3421 1374 3478 induentur
1392 3417 1566 3507 Q
1585 3425 1626 3498 Β]
1639 3424 1704 3477 ιιι·

111 3512 200 3579 quod
218 3512 354 3582 seriptum
372 3515 416 3565 est
432 3525 468 3566 ιιι
486 3509 632 3564 adimetur.

57 3581 88 3642 Π
178 3601 297 3656 Gneus
315 3599 384 3654 libro
402 3598 533 3654 uiuesimo
551 3595 674 3652 seeundo
692 3596 870 3665 digestorum.
899 3597 970 3654 Nihil
989 3597 1117 3669 probibet
1129 3598 1247 3669 priorem
1260 3599 1375 3669 seriptu-
1393 3592 1566 3682 Q
1584 3603 1613 3658 li

110 3699 183 3743 nm
201 3687 357 3759 posteriore
375 3685 511 3756 corrigere
529 3688 698 3742 eommutsre
716 3684 880 3741 rosolndore.

51 3759 85 3820 ¹⁸
178 3777 376 3832 llonnsrnrns
399 3773 469 3830 libro
492 3778 592 3828 ootsuo
615 3771 838 3829 differentiarum.
874 3775 943 3830 Rern
965 3774 1087 3844 legatum
1108 3775 1132 3830 si
1155 3751 1272 3832 testator
1288 3775 1370 3832 uiuus
1393 3769 1568 3860 Q
1585 3780 1613 3836 E

110 3867 173 3922 alli
190 3865 351 3934 donouerit,
374 3862 531 3919 omnimodo
549 3861 733 3930 exstinguitur
749 3862 881 3932 legatum.
914 3877 966 3918 nee
984 3862 1192 3936 distinguimus,
1210 3869 1302 3920 uirum
1320 3869 1432 3934 propter
1449 3865 1567 3921 neeessi·
1584 3876 1615 3916 to

111 3953 213 4009 tatem
231 3954 272 4009 rei
290 3951 432 4008 famulans
449 3967 485 4006 sn
502 3964 578 4006 mero
595 3951 737 4006 noluntrte
755 3950 908 4018 donauerit,
928 3956 966 4021 ut,
985 3951 1009 4006 si
1028 3953 1193 4009 necessitate
1211 3952 1363 4024 domuerit,
1380 3953 1501 4022 legatum
1520 3952 1567 4009 de·

114 4049 373 4120 rqwnrrororr)
424 4073 425 4076 κ

121 4171 135 4204 ¹
160 4179 187 4228 et
202 4173 266 4229 ideo
284 4171 462 4228 confirmatur
480 4174 534 4238 del,
553 4180 604 4226 uiri
620 4175 697 4245 plura
715 4173 860 4227 exciderunt

507 4265 558 4273 -ω

122 4301 362 4360 Teristiteriti'²
397 4303 691 4374 bsdsoripseruntiir‘
718 4304 752 4358 14
764 4303 821 4358 odi·
874 4319 937 4358 num
957 4318 1024 4374 pure
1041 4304 1163 4374 legatum
1181 4304 1206 4360 si
1223 4301 1275 4360 sub
1292 4303 1566 4360 oondioioneodimo·

125 4375 310 4430 mitur...15
322 4373 580 4431 οιιιιιίἱιιίοιιιιὸίιΐι
627 4375 659 4429 17
672 4374 820 4429 antediem
874 4374 1074 4438 urrF²WDld
1093 4383 1117 4430 et
1133 4385 1179 4440 ric,
1196 4377 1566 4432 redomerirsmr'rnrtm...

122 4441 212 4516 legati
236 4447 381 4502 rodentem
404 4455 451 4502 out
472 4449 585 4518 byrrum
607 4453 652 4500 out
668 4452 822 4517 rogitatione
875 4445 1018 4510 adimetur,
1035 4445 1129 4511 EQIO
1171 4447 1206 4502 28
1224 4446 1297 4514 nrm]
1310 4447 1567 4518 quosijesretquem·

127 4521 309 4588 crpplmeruni
327 4518 424 4572 Graeci
441 4524 564 4572 uertentes
581 4514 632 4586 πρὸ
651 4516 700 4570 rr'ro
717 4534 821 4586 προχω-
875 4533 966 4586 quom,
985 4524 1113 4572 uerterunt
1130 4517 1238 4572 Graeci:
1257 4516 1304 4572 riu
1323 4515 1498 4572 retruderetur
1518 4517 1566 4573 rius

134 4587 232 4655 piretus
252 4589 278 4642 B
296 4588 377 4660 (Tip.)
428 4589 464 4643 25
481 4587 564 4657 priori
583 4587 618 4640 li·
671 4588 706 4641 26
724 4585 821 4656 primo]
876 4587 1004 4659 eiperur'ru
1029 4585 1162 4658 iouipecur
1187 4588 1295 4653 eleison
1319 4587 1431 4653 λιιιᾶτοιι
1449 4587 1501 4650 iub
1517 4588 1567 4644 ιἰἰιι

135 4657 275 4714 undecimo
293 4659 338 4720 1¹⁸¹,
356 4657 395 4713 xii
413 4659 447 4722 K,
466 4677 515 4711 om.
530 4656 569 4710 W
616 4658 650 4712 27
669 4659 693 4712 si
711 4658 822 4712 domiuo
875 4658 996 4713 iusurisu
1021 4659 1116 4728 ripecru
1141 4659 1264 4732 emp.)
1321 4660 1357 4714 30
1374 4658 1498 4714 *hisdem
1518 4657 1567 4712 Fi

136 4725 229 4784 beredo
248 4729 373 4784 instituto
388 4744 469 4784 seruo
481 4744 549 4799 pure
560 4729 681 4798 legatum
695 4727 746 4783 sub
759 4743 822 4783 oon·
876 4728 1140 4786 dteummouebitur
1151 4730 1189 4783 Fi
1238 4730 1274 4784 40
1292 4734 1403 4800 propter
1419 4731 1567 4786 neeessitrr·

139 4797 236 4854 ditione
260 4799 398 4856 adimatur
420 4815 484 4855 num
503 4814 571 4869 pure
588 4801 710 4868 legatum
729 4800 752 4854 si
770 4799 822 4854 sub
876 4805 932 4856 tem
944 4801 984 4855 rei
995 4799 1135 4855 familiaris
1163 4798 1314 4865 iziuirsuc
1332 4809 1425 4857 rimor
1461 4801 1568 4865 .168,2

140 4871 289 4926 eondioione
308 4869 454 4940 adimetur]
470 4871 515 4936 Ρ,
534 4870 557 4925 si
575 4873 634 4935 (om.
646 4871 687 4938 D)
706 4885 824 4925 seruos
875 4873 904 4926 in
927 4869 1137 4926 neoeseitstibus
1164 4869 1237 4926 ires
1258 4871 1368 4928 Graeci:
1390 4879 1418 4926 ot
1485 4873 1567 4926 douo·

140 4941 163 5002 (ι
177 4961 223 4996 ιιι.
235 4944 276 5008 D)
294 4942 405 4998 domiuo
417 4941 519 4998 herede
530 4941 657 4997 instituto
668 4955 736 5011 pure
748 4941 823 5010 legs·
876 4949 931 4998 tore
948 4949 1036 5014 opiter
1053 4961 1103 4996 nou
1121 4950 1217 5008 cordo,
1234 4943 1282 4997 sed
1296 4961 1410 5016 paupere

140 5013 189 5068 tun
206 5013 230 5070 si
247 5013 283 5083 (si
295 5033 342 5068 our.
354 5015 438 5083 Dio)
449 5011 502 5068 sub
514 5011 675 5070 eondioione
687 5011 824 5068 adimetur
