3638 5460
112 259 442 309 maurecenorum
464 259 625 312 mauram
785 239 872 318 223
1285 244 1405 312 XXXV
1427 247 1448 312 3
1468 254 1546 308 1-s

83 397 216 456 tuebere
233 399 343 470 ‘quauto
360 400 487 470 amplius,
505 415 586 471 quam
605 415 654 470 per
671 400 760 470 legem
778 400 927 456 Falcidiam
945 401 1036 471 liceat,
1054 402 1164 472 ceperit,
1183 400 1277 459 reddi.
1313 404 1389 458 Haec
1407 404 1546 474 stipulatio

111 488 177 546 ideo
194 489 284 545 locum
302 487 398 559 babet,
416 490 489 560 quia,
508 490 561 546 etsi
578 490 664 558 repeti
682 493 774 560 potest
791 489 820 544 id
838 489 912 559 quod
930 491 1048 546 solutum
1067 496 1118 561 est,
1136 495 1229 546 tamen
1247 489 1307 548 fieri
1323 497 1423 562 potest,
1443 496 1474 548 ut
1491 508 1545 548 non

75 581 97 626 lt
111 579 149 634 ait
166 578 299 635 soluendo
317 579 341 634 is
360 579 404 634 oui
422 579 541 634 solutum
560 584 604 634 est
620 594 654 634 ac
672 594 721 649 per
738 577 790 634 hoc
807 583 903 647 pereat
916 579 990 648 quod
1003 579 1098 636 datum
1111 585 1162 638 est.
1189 581 1221 635 In
1233 581 1328 636 mortis
1340 597 1425 636 causa
1436 596 1546 651 quoque

73 673 93 717 11
110 667 306 724 donationibus
322 671 417 738 potest
435 667 491 723 dici
507 667 578 724 hano
595 668 798 738 stipulationem
817 683 879 723 csse
897 668 1130 740 interponendam.
1165 671 1241 728 Haeo
1259 669 1345 726 uerba
1363 671 1545 740 stipulationis

110 757 193 828 'quod
212 757 329 828 amplius
346 757 499 827 legatorum
517 757 627 813 nomine
645 757 759 827 ceperis,
778 772 860 826 quam
879 772 896 812 e
913 758 974 827 legs
992 759 1115 821 Falcidia
1132 774 1230 829 capere
1247 758 1348 816 licebit'
1366 775 1420 815 non
1438 764 1544 814 tantum
1564 769 1577 810 o

109 862 174 904 eum
192 845 442 918 comprehendunt,
466 846 513 916 qui
531 846 648 916 amplius
666 847 786 917 accepit,
809 861 892 916 quam
911 848 936 902 ei
953 847 1075 906 Falcidia
1093 848 1244 920 permissit,
1268 852 1300 904 ut
1316 848 1414 904 reddat
1429 853 1548 920 partem,

108 935 459 1006 unsaiwandans
478 937 560 992 etiam
580 950 642 991 cum
661 935 708 1006 qui
725 941 814 992 totum
832 934 915 994 debet
932 937 1084 994 restituere.
1115 938 1216 994 etenim
1235 938 1376 994 sciendum
1395 943 1438 993 est
1455 939 1544 1008 legem

108 1025 261 1082 Falcidiam
278 1023 415 1081 interdum
432 1029 539 1096 partem
557 1025 617 1080 eius
635 1024 708 1095 quod
727 1025 823 1080 datum
841 1031 892 1095 est,
910 1025 1047 1082 interdum
1065 1032 1153 1083 totum
1172 1043 1310 1084 raucone.
1338 1043 1400 1082 cum
1413 1027 1485 1082 enim
1497 1026 1544 1082 ha·

107 1114 168 1172 bita
184 1116 293 1172 radone
310 1114 382 1170 aeris
399 1115 481 1172 ebeni
498 1114 620 1170 Falcidia
638 1115 759 1184 ineatur,
778 1114 938 1184 plerumque
956 1117 1062 1187 euemt,
1081 1121 1113 1172 ut
1130 1122 1289 1186 emergente
1307 1115 1400 1172 debito
1418 1117 1463 1170 uel
1481 1131 1545 1174 cou-

106 1204 217 1260 dicicne
235 1203 306 1260 aena
324 1203 405 1260 alieni
422 1205 573 1260 exsistente
591 1208 679 1260 totum
697 1202 772 1274 quod
789 1204 910 1273 legatum
929 1209 973 1260 est
990 1205 1172 1262 exhauriatur.
1200 1206 1250 1262 sed
1262 1211 1292 1262 et
1303 1204 1468 1262 libertatium
1481 1221 1544 1261 con-
1564 1214 1592 1255 ιο

106 1294 181 1350 dicio
204 1293 342 1350 interdum
366 1293 502 1350 exsistens
525 1292 628 1350 efficiet
649 1294 771 1362 legatum
794 1293 905 1348 omnino
923 1307 978 1350 non
997 1293 1104 1365 deberi,
1128 1295 1229 1366 quippe
1248 1310 1309 1350 cum
1328 1293 1545 1350 habitatatione

59 1388 88 1434 ta
105 1382 276 1440 bbertatium
294 1387 324 1438 et
340 1379 467 1438 deductis
485 1383 580 1453 pretiis
598 1386 707 1439 eorum¹
728 1387 794 1437 tunc
812 1382 922 1438 demum
940 1382 1092 1452 legatorum
1112 1385 1220 1440 meatur
1231 1383 1309 1440 ratio.
1336 1384 1368 1438 In
1380 1382 1543 1454 quibusdam

107 1481 200 1530 autem
218 1471 392 1528 testamentis
409 1472 532 1528 Falcidia
550 1472 659 1542 quidem
678 1472 768 1528 locum
786 1487 841 1528 non
859 1471 950 1542 habet,
973 1479 1160 1532 cerumtamen
1178 1474 1219 1530 ita
1235 1472 1405 1543 obuersatur,
1424 1477 1463 1543 ut,
1481 1473 1545 1528 beet

106 1562 289 1633 quadrantem
311 1562 390 1618 heres
412 1577 468 1618 non
491 1561 621 1632 retineat,
648 1566 741 1616 tamen
763 1559 896 1616 hactenns
920 1562 1013 1632 legata
1036 1562 1202 1632 debeantur,
1229 1567 1364 1631 quatenus
1387 1562 1544 1632 patrimonii

105 1653 180 1708 uires
198 1649 352 1722 suffimunt,
374 1653 469 1722 udone
492 1651 612 1706 deducto
635 1665 698 1706 aere
721 1650 824 1720 alieno,
847 1651 913 1706 item
938 1651 1064 1708 deductis
1081 1652 1175 1722 pretiis
1193 1667 1302 1722 eorum,
1326 1651 1373 1721 qui
1390 1650 1543 1708 libertatem
1563 1661 1590 1702 ne

59 1745 88 1790 1³
105 1741 134 1798 in
151 1745 321 1798 ιιιιιιιιοιιιο
339 1741 384 1797 nel
404 1741 535 1798 directam
554 1741 599 1796 uel
616 1739 895 1796 fideicommissariam
914 1744 1086 1811 acceperuut.
1119 1739 1174 1798 Sed
1192 1746 1222 1796 et
1238 1741 1371 1810 legatario
1390 1739 1543 1796 cauendum

57 1836 87 1880 1⁴
104 1835 161 1902 est,
186 1846 277 1900 aquo
295 1827 534 1886 fideicommissum
558 1830 726 1900 relinquitur.
763 1830 903 1886 Interdum
925 1845 980 1886 non
1002 1830 1071 1900 legis
1089 1829 1240 1901 Falcidiae,
1263 1830 1412 1888 sedetiam
1432 1829 1543 1886 alterim

103 1920 176 1990 legis
193 1920 223 1975 in
240 1918 293 1974 buo
310 1919 486 1990 stipulatione
503 1919 573 1974 ratio
590 1917 717 1974 iacienda
734 1924 791 1989 cst,
814 1925 846 1974 ut
866 1923 935 1989 puta
957 1919 981 1974 si
1003 1923 1135 1989 patronus
1157 1935 1192 1974 ex
1215 1935 1278 1976 asse
1303 1919 1382 1974 heres
1399 1919 1542 1976 institutus

105 2009 143 2065 ait
160 2013 191 2064 et
207 2023 276 2080 pure
293 2009 433 2080 pmuomrx
449 2008 558 2078 legatus
576 2008 613 2064 sit
630 2012 659 2064 et
676 2007 728 2064 sub
746 2009 905 2064 condicione
923 2007 1025 2078 aliquid
1047 2023 1131 2078 supra
1148 2007 1270 2066 debitam
1286 2013 1403 2078 patrono
1420 2011 1542 2078 partem:

104 2114 171 2154 nam
184 2099 212 2154 in
223 2097 298 2154 bunc
315 2112 410 2158 casum
428 2097 498 2154 ratio
515 2095 642 2154 iacienda
659 2101 703 2154 est
720 2097 792 2154 illius
810 2098 888 2167 legis,
907 2113 978 2167 quae
995 2103 1125 2168 patronos
1137 2103 1228 2168 uocat,
1247 2114 1301 2154 non
1313 2098 1382 2167 legia
1394 2097 1541 2152 Falcidiae.
1561 2107 1590 2148 so

54 2192 86 2238 ιι
104 2185 137 2244 Si
155 2202 213 2258 res,
237 2202 309 2258 quae
325 2187 418 2258 legata
435 2187 480 2256 sit,
498 2187 572 2257 apud
589 2187 750 2258 legatarum
769 2188 913 2257 interierit,
937 2186 1108 2258 probandum
1132 2192 1176 2242 est
1198 2187 1359 2258 exceptione
1377 2187 1499 2244 succurri
1516 2185 1541 2242 ei

104 2277 154 2346 qm
171 2277 305 2347 pmmisit,
999 2339 1000 2344 i

66 2361 85 2420 2
159 2366 280 2422 Paetus
302 2363 372 2422 libre
394 2365 597 2436 septuagesimo
620 2364 715 2436 quinto
739 2364 776 2421 ad
799 2365 928 2422 edictum.
965 2365 1072 2422 etiamsi
1096 2364 1191 2436 quanti
1215 2379 1250 2420 ea
1274 2379 1319 2420 res
1343 2364 1379 2420 sit
1402 2360 1540 2450 Q
1561 2368 1587 2422 Ε

103 2455 240 2526 promisit,
484 2499 486 2504 ,
1560 2463 1591 2504 ¹4

63 2539 85 2599 3
159 2543 312 2600 Uarianae
334 2541 404 2600 libro
428 2543 632 2614 septuagesimo
655 2559 728 2600 nono
751 2545 788 2602 ad
811 2544 940 2614 edictum.
972 2543 1025 2598 uisi
1047 2543 1071 2598 si
1091 2542 1154 2598 dolo
1171 2543 1258 2614 ipsius
1277 2543 1379 2614 aliquid
1402 2537 1540 2626 [Q
1558 2547 1586 2600 E

104 2631 211 2690 iactum
228 2633 278 2688 sit:
297 2637 364 2688 tuuc
381 2632 454 2688 enim
472 2632 555 2688 etiam
574 2648 609 2688 ex
627 2632 682 2688 doli
697 2634 827 2705 clausido,
846 2648 917 2704 quae
929 2633 957 2688 in
970 2634 1024 2688 ista
1036 2632 1210 2703 stipulatione
1222 2633 1385 2702 continetur,
1402 2634 1540 2690 tenebitur

68 2733 82 2777 1
104 2727 136 2778 st
159 2721 353 2792 replicatione¹
373 2721 466 2790 repelli
488 2722 597 2790 poterit.
634 2721 711 2796 Haec
728 2723 833 2792 cautio,
857 2736 928 2793 quae
945 2727 1058 2794 propter
1076 2723 1165 2792 legam
1182 2720 1333 2778 Falcidiam
1350 2723 1539 2796 interponitur,

66 2821 84 2866 a
104 2810 299 2868 fideiussorum
322 2808 406 2866 babet
427 2811 651 2880 praestationem.
687 2810 717 2868 Si
740 2812 769 2866 in
789 2813 881 2882 plures
899 2811 959 2868 dies
977 2811 1094 2882 pecunia
1111 2811 1202 2881 legata
1219 2815 1277 2882 est,
1300 2827 1363 2868 cum
1381 2818 1485 2868 certum
1504 2813 1541 2868 sit

103 2901 197 2972 legem
214 2899 364 2956 Falcidiam
382 2900 473 2956 locum
490 2899 606 2971 habere,
629 2916 684 2956 non
702 2901 884 2972 stipulationi,
905 2901 954 2956 sed
972 2899 1169 2972 computationi
1186 2900 1276 2956 locum
1295 2915 1357 2956 esse
1374 2901 1475 2958 Pedius
1493 2902 1540 2974 ait,

104 2994 140 3046 ιιι
156 2991 324 3060 assumam,
342 2990 439 3059 quanti
456 2991 493 3046 sit
510 2989 585 3061 quod
601 2990 629 3046 in
648 2990 721 3046 diem
738 2990 859 3060 legatum
878 2995 922 3046 est
938 2995 967 3046 et
978 2993 1086 3046 tantum
1097 2989 1224 3046 credatur
1235 3005 1297 3046 esse
1308 2991 1439 3062 legatum,
1456 3007 1540 3062 quan·
1559 2999 1588 3040 ³⁰

103 3087 160 3136 rus
185 3071 269 3134 efficit
292 3079 462 3149 aestimatio,
485 3085 516 3134 nt
538 3095 589 3149 pro
611 3078 693 3136 modo
718 3079 777 3134 eius
800 3094 836 3134 er
856 3077 982 3134 omnibus
1000 3079 1099 3148 legatis
1117 3079 1210 3138 statim
1227 3079 1297 3150 legis
1314 3080 1452 3136 Falcidiae
1470 3081 1540 3138 ratio

66 3176 83 3221 a
103 3167 248 3224 habeatnr.
282 3167 413 3233 Quotiens
430 3167 552 3224 iirturnm
571 3173 628 3238 est,
652 3173 684 3224 ut
706 3169 795 3240 palam
818 3170 854 3224 sit
871 3174 900 3226 et
917 3173 981 3224 ante
999 3167 1071 3224 diem
1091 3168 1245 3226 uenientem
1263 3169 1317 3224 iam
1336 3169 1484 3226 Falcidiam
1502 3170 1540 3226 lo-

104 3273 171 3316 cam
189 3255 298 3328 babere,
315 3256 417 3314 totiens
435 3259 602 3329 computatio
620 3258 680 3314 eius
698 3256 737 3314 lit.
767 3274 831 3314 nam
849 3258 874 3312 si
891 3257 1015 3314 condicio
1033 3257 1062 3312 in
1079 3273 1156 3314 mora
1174 3261 1224 3327 est,
1243 3258 1464 3330 exspectabimus
1477 3275 1539 3316 con·

103 3346 258 3416 dicionem,
280 3346 373 3416 quoad
391 3347 519 3402 emutat:
544 3347 567 3404 si
585 3352 677 3404 autam
695 3346 755 3402 dics
773 3352 910 3418 superest,
934 3347 989 3402 iam
1007 3345 1052 3402 hic
1069 3347 1280 3417 intercapedinis
1298 3348 1428 3418 temporis
1446 3347 1541 3404 habita

102 3437 213 3492 ηιίοιιι
236 3440 320 3504 atque
338 3437 528 3492 assumtione
546 3435 603 3492 sic³
621 3437 656 3492 de
672 3437 795 3492 Falcidia
813 3435 1013 3506 disputabimus
1031 3441 1060 3491 et
1077 3437 1228 3492 committi⁴
1245 3437 1449 3507 stipulationem
1467 3438 1540 3494 dice-
1559 3446 1587 3486 ³⁵

66 3533 84 3580 ι
103 3541 178 3582 mus.
206 3523 337 3592 Quamuis
353 3529 447 3580 autem
466 3539 561 3580 omnes
579 3526 702 3595 legatarii
721 3532 750 3582 et
766 3525 1011 3584 fideicommissarii
1029 3540 1144 3582 neccsse
1160 3525 1280 3582 habeant
1296 3525 1348 3582 bac
1365 3527 1540 3598 stipulatione

102 3628 220 3684 muare,
243 3619 336 3670 umen
357 3613 521 3684 quibusdam
546 3615 648 3684 remitti
671 3615 728 3672 diui
751 3613 849 3672 canes
867 3616 1078 3686 rescripserunt,
1103 3620 1135 3670 ut
1151 3620 1221 3686 puta
1237 3615 1293 3686 bis,
1318 3615 1417 3688 quibus
1436 3616 1541 3672 minuta

103 3704 238 3760 abmenta
258 3708 324 3760 snut
345 3703 448 3758 relicta.
481 3703 627 3774 Pompeiae
652 3705 723 3760 enim
741 3705 890 3762 Faustinae
913 3703 1112 3760 rescribserunt
1133 3704 1186 3760 sic:
1212 3705 1274 3762 'nou
1293 3705 1410 3762 eandem
1427 3721 1538 3772 causam

104 3793 178 3850 ‘ease
201 3791 296 3848 decem
319 3805 479 3862 aureorum,
503 3808 573 3862 quos
596 3809 702 3850 annuos
723 3792 775 3850 tibi
796 3798 962 3850 meumento
981 3793 1127 3864 Pompeiae
1146 3793 1304 3866 Crispianae
1318 3799 1457 3863 patronae
1475 3799 1540 3850 tuae
1558 3801 1588 3842 ⁸⁹

105 3881 225 3938 'relatos
241 3880 380 3952 proponis,
398 3884 480 3952 atque
498 3879 551 3938 suit
568 3883 758 3938 alimentorum
776 3887 805 3938 et
821 3884 944 3940 nesb'arii
960 3881 1065 3938 libertis
1077 3883 1241 3954 relictorum,
1261 3882 1384 3954 lquibus
1395 3889 1541 3954 propterea
1557 3887 1573 3933 t.
1585 3882 1636 3933 110'

67 3970 251 4026 a'canrionis
274 3984 344 4025 onus
365 3970 559 4026 remittendum
582 3971 814 4027 exisfimauimua‘.
851 3974 920 4028 Item
943 3972 1083 4027 sciendum
1106 3975 1150 4028 est
1171 3970 1267 4028 fiscum
1291 3971 1362 4028 banc
1385 3973 1538 4028 annonem

103 4075 161 4116 mon
179 4059 250 4132 pati,
268 4057 319 4114 sed
336 4057 449 4129 perinde
467 4059 605 4116 conueniri
623 4075 719 4131 posse,
738 4077 771 4116 ac
789 4062 814 4116 si
831 4063 959 4118 cauisset.
987 4065 1093 4117 ceteros
1112 4065 1218 4132 autem,
1237 4062 1433 4131 cuiuscumque
1451 4061 1539 4131 digni—
1555 4091 1564 4142 '.

103 4151 172 4206 hiis
191 4149 254 4219 siut,
271 4148 337 4204 licet
351 4148 407 4202 iam
424 4148 517 4218 legata
533 4150 713 4220 perceperint,
732 4152 858 4222 compelli
875 4151 975 4208 debere
993 4150 1030 4206 ad
1049 4150 1202 4206 cauendum
1215 4150 1295 4206 diuus
1307 4151 1372 4206 Pius
1384 4150 1538 4206 resembsit:

102 4255 140 4296 ex
157 4253 215 4308 quo
233 4235 367 4308 rescripto
385 4236 467 4292 etiam
485 4237 551 4292 illud
569 4239 727 4309 accipimus,
745 4239 819 4310 quod
837 4241 920 4296 eiiam
937 4245 1002 4312 post
1018 4241 1110 4296 soluta
1125 4241 1219 4310 legata
1236 4239 1323 4295 uoluit
1335 4240 1538 4312 stipulationem

69 4335 85 4382 ι
101 4327 250 4398 interponi
286 4325 316 4410 Si
338 4326 487 4398 legatarius
509 4321 617 4400 heredi,
640 4329 688 4398 qni
711 4329 924 4386 controuersiam
941 4328 1101 4386 hereditatis
1118 4330 1221 4400 patitur
1237 4329 1291 4384 iam
1311 4329 1355 4384 uel
1374 4335 1479 4402 sperat,
1503 4329 1539 4385 de
1557 4336 1586 4378 tt

101 4433 349 4504 FWDBQIOIO

104 4595 239 4665 ¹eoruml
257 4594 420 4650 seruorum?
490 4595 644 4666 'exceptio
663 4603 710 4651 tas.
780 4595 885 4654 ⁸l'aeta
902 4607 949 4653 lna.
1020 4596 1139 4653 ‘omitti
1157 4599 1192 4662 (a.
1205 4595 1254 4666 i.)?

103 4754 270 4810 ‘ldebe‘re't
288 4755 325 4808 Ρ
378 4755 413 4809 12
431 4755 535 4825 eornm]
555 4756 680 4820 FDIGK,
702 4770 795 4812 earum
848 4757 884 4812 35
907 4760 936 4812 et
955 4755 1089 4812 committi
1108 4755 1311 4825 stipulationem
1331 4754 1464 4825 dicemus]
1487 4775 1538 4810 non

108 4825 173 4882 WB
216 4828 250 4882 19
267 4826 428 4896 quintium
440 4827 479 4880 F’
494 4829 499 4894 Ι
512 4834 572 4898 port
588 4828 697 4896 legans
714 4828 751 4882 sit
768 4833 797 4882 et
848 4832 923 4884 muer
943 4829 1052 4886 Graeci:
1074 4827 1112 4882 uei
1133 4827 1277 4889 ΒεΒιιοῨτιι
1299 4827 1313 4880 ἡ
1333 4825 1378 4882 ἐπε
1396 4827 1492 4882 directe
1512 4829 1538 4882 B

102 4899 164 4952 add
177 4899 260 4953 denuo
274 4912 344 4968 pure
356 4897 513 4966 quincunx
530 4899 639 4968 legatus
657 4899 695 4954 sit
712 4903 740 4953 ei
758 4899 796 4952 F*
848 4901 957 4966 (Aaou.)
1004 4899 1039 4954 38
1056 4898 1255 4968 rescripserunt
1272 4897 1322 4952 μ’
1370 4847 1405 4954 ἕ9
1421 4898 1538 4970 crispine

102 4965 294 5026 aestatim
337 4967 561 5026 29habere's'l'*
605 4971 784 5040 acquantum
853 4969 1016 5028 WDEIOK
1063 4969 1378 5028 transumbranae

107 5035 556 5110 WDEQICKquanF²',om·F¹
579 5041 771 5114 34quo'dad
