4350 5438
261 305 538 356 eioumoamoun
938 285 1024 366 945
1432 289 1459 356 L
1482 291 1523 356 16
1546 295 1695 352 131-142

260 446 404 516 coercitio,
428 447 514 502 multa
536 445 663 516 specialis
683 446 802 517 peceati,
826 444 904 502 cuius
923 446 1124 504 animaduersio
1141 446 1222 504 hodie
1239 448 1398 518 pecuniaria
1416 451 1472 504 est:
1495 463 1585 518 poena
1602 451 1694 503 autem

259 549 316 616 uon
339 541 447 590 tantm
470 535 640 606 pecuniaria,
663 551 759 590 nerum
784 535 883 606 eapitis
907 541 936 591 et
959 538 1168 594 existimationis
1190 537 1305 607 irrogari
1327 538 1405 593 solet
1433 540 1462 592 et
1479 537 1565 592 multa
1583 535 1694 607 quidem
1746 537 1748 542 ’

260 639 296 678 ex
314 623 425 680 arbitrio
448 625 508 680 eius
531 625 621 694 uenit,
643 625 690 694 qul
714 625 828 680 mulam
851 624 931 681 dicit:
956 642 1046 696 poena
1068 642 1123 682 uon
1147 627 1297 697 irrogatur,
1321 627 1373 682 nisi
1396 641 1467 697 quas
1491 629 1615 696 quaque¹
1633 626 1695 694 lege

260 713 305 769 nel
330 729 385 783 quo
409 715 461 770 alio
486 713 544 769 iure
571 713 727 784 specialiter
750 714 814 770 huie
839 713 939 770 delicto
966 715 1094 785 imposita
1121 722 1176 772 est:
1203 717 1269 786 quin
1295 716 1379 773 immo
1407 717 1493 772 multa
1521 715 1559 771 ibi
1586 714 1694 784 dicitur,

260 802 308 858 nbi
331 803 457 874 specialis
480 819 569 873 poena
592 819 647 858 non
670 807 714 858 est
738 804 873 873 imposita.
900 804 965 859 item
985 806 1097 860 multam
1121 806 1146 860 is
1170 804 1261 860 dicere
1284 811 1388 875 potest,
1411 806 1456 860 cui
1478 804 1608 861 iudicatio
1629 802 1729 862 datae

260 893 335 948 est²:
361 893 539 962 magistratus
566 893 640 949 solos
666 898 695 948 et
722 893 863 964 praesides
886 894 1088 964 prouinciarum
1115 909 1198 965 posse
1221 895 1334 950 multam
1359 895 1450 951 dicere
1473 883 1610 949 mand'atis
1634 906 1694 963 per·

259 982 374 1038 missum
394 987 445 1038 eet.
475 998 591 1053 poenam
614 986 705 1038 autem
729 983 917 1052 unusquisque
941 983 1067 1054 inrogare
1090 988 1196 1055 potest,
1221 985 1265 1040 eni
1286 984 1367 1040 huius
1386 983 1507 1040 criminis
1524 983 1584 1038 siue
1602 981 1695 1038 delicti

260 1072 402 1127 exsecutio
421 1073 560 1144 competit.

189 1159 241 1218 [32
314 1161 433 1217 Paunue
452 1161 520 1216 libro
539 1161 620 1216 tertio
640 1159 675 1215 ad
693 1160 783 1230 legem
801 1159 897 1216 Iuliam
917 1165 946 1216 et
963 1161 1085 1232 Papiam.
1113 1161 1281 1217 ‘Anniculus‘
1300 1161 1447 1229 amittitur,
1472 1160 1519 1231 qui
1537 1153 1695 1244 [Q
1713 1167 1754 1222 E*

260 1254 384 1306 extremo
403 1251 466 1306 anni
484 1250 529 1305 die
548 1251 669 1306 moritur.
696 1254 725 1304 et
742 1249 913 1305 cousuetudo
927 1250 1057 1321 loquendi
1068 1249 1097 1306 id
1109 1250 1149 1306 ita
1161 1265 1223 1306 esse
1235 1246 1369 1306 declarat:
1389 1249 1545 1306 ‘antediem
1558 1249 1694 1304 decimum
1715 1265 1743 1303 ιι

261 1339 464 1408 lxaleudarum',
483 1337 554 1410 ‘post
572 1339 643 1394 diem
663 1338 799 1396 decimum
818 1338 1018 1394 kalendarum‘:
1037 1343 1135 1396 nerrtro
1153 1339 1224 1396 enim
1244 1355 1369 1396 sermone
1386 1339 1513 1396 undecim
1532 1339 1593 1394 dies
1611 1338 1695 1408 sigui·

228 1439 240 1483 1
261 1425 402 1484 ficantur⁸.
433 1429 543 1484 Falsum
563 1433 606 1484 est
624 1443 684 1484 eam
702 1429 850 1499 peperisse,
869 1429 914 1483 cni
933 1434 1056 1484 mortuae
1073 1427 1146 1484 filius
1164 1433 1292 1484 exsectus
1311 1435 1362 1485 est.

189 1515 241 1574 l33
314 1517 464 1575 Unrrxrrus
488 1517 557 1573 libro
580 1521 677 1588 quarto
696 1517 732 1572 ad
749 1519 838 1587 legem
858 1518 952 1574 luliam
972 1525 1001 1573 et
1018 1518 1140 1588 Papiam.
1177 1517 1206 1572 Si
1225 1517 1287 1588 quis
1305 1519 1345 1574 sic
1363 1517 1463 1573 dixerit
1481 1516 1520 1572 'ut
1537 1503 1694 1600 Q
1712 1521 1741 1577 Ε

260 1605 339 1662 'iutra
356 1606 428 1662 diem
447 1607 542 1663 mortis
560 1608 620 1662 eius
638 1606 739 1677 aliquid
757 1603 822 1676 fiat',
841 1607 900 1677 ipae
919 1622 1028 1678 quoque
1047 1607 1115 1678 dies,
1133 1621 1188 1677 qno
1206 1607 1267 1677 quis
1285 1611 1409 1662 mortuus
1428 1609 1479 1675 est,
1497 1613 1663 1660 numeratur.
1715 1617 1745 1658 ιι

189 1693 241 1754 [34
313 1695 432 1752 Faunus
449 1696 518 1752 libro
536 1695 658 1752 seeundo
676 1696 711 1751 ad
729 1697 818 1765 legem
838 1696 934 1751 lulium
953 1702 982 1752 et
993 1697 1115 1766 Papiam.
1142 1696 1235 1751 ‘Anni
1255 1683 1372 1780 [Q
1381 1707 1411 1753 aa
1424 1708 1448 1752 at
1459 1708 1480 1762 ι,
1490 1707 1528 1752 18.
1549 1705 1574 1752 e.
1585 1705 1693 1778 affl}
1713 1701 1741 1756 Ε

259 1783 344 1840 culus'
363 1801 417 1840 non
435 1785 528 1841 statim
546 1790 676 1841 uenatus
695 1790 745 1855 est,
764 1785 813 1840 sed
831 1786 1019 1840 trecentesimo
1037 1785 1228 1856 sexagensimo
1243 1785 1339 1856 quinto
1351 1784 1396 1839 die
1408 1783 1529 1855 dicintur,
1548 1783 1694 1853 incipiente
1712 1791 1785 1841 [455

258 1873 353 1944 plane,
372 1889 427 1931 non
445 1882 543 1932 exacto
561 1875 619 1945 die,
639 1875 703 1945 quia
721 1891 822 1930 aunum
840 1875 957 1930 ciuiliter
974 1889 1029 1930 uon
1047 1874 1083 1929 ad
1102 1879 1241 1930 momenta
1258 1879 1425 1944 temporum,
1444 1871 1494 1928 sed
1512 1871 1548 1928 ad
1566 1871 1626 1928 dies
1644 1887 1693 1928 nu·

260 1979 406 2020 meremus.

189 2049 240 2109 [35
313 2051 464 2108 Unmxuos
482 2052 553 2108 libro
571 2058 670 2122 quarto
689 2052 724 2108 ad
742 2053 830 2122 legem
849 2053 945 2108 Iuliam
965 2058 995 2107 et
1011 2051 1133 2121 Papiam.
1162 2051 1281 2118 Quaeret
1298 2051 1396 2121 aliquis
1414 2051 1438 2106 si
1456 2065 1517 2121 por·
1536 2045 1695 2136 [Q
1713 2055 1740 2111 Ε

258 2145 397 2198 tentoeum
417 2141 461 2197 uel
480 2146 662 2198 monstrosum
681 2143 725 2197 nel
744 2141 861 2197 debilem
880 2143 976 2197 mulier
994 2141 1111 2196 ediderit
1130 2141 1172 2196 uel
1191 2141 1318 2210 qualem⁴
1336 2139 1398 2194 nisu
1416 2141 1460 2196 nel
1473 2141 1570 2211 uagitu
1583 2157 1694 2211 nouum,
1712 2152 1742 2193 ao

258 2245 314 2286 non
332 2230 468 2286 hnmanae
488 2229 604 2302 figurae,
624 2231 674 2286 sed
692 2230 817 2300 alterius,
837 2231 925 2301 magis
944 2230 1068 2286 animalia
1086 2245 1168 2300 quam
1187 2229 1314 2300 hominis,
1330 2235 1448 2300 parturn,
1467 2245 1511 2300 an,
1530 2231 1595 2300 qnia
1613 2231 1694 2286 enixa

258 2323 315 2390 est,
334 2320 466 2390 prodesse
485 2321 510 2376 ei
528 2320 649 2376 debeat?
680 2325 709 2375 et
727 2320 815 2390 magis
833 2323 890 2390 est,
909 2323 941 2376 ut
957 2320 1026 2375 haee
1044 2333 1154 2390 quoque
1172 2317 1331 2389 parentibus
1349 2318 1467 2389 prosint:
1491 2333 1542 2374 neo
1560 2319 1632 2376 enim
1651 2323 1695 2374 est

258 2408 332 2480 quod
350 2410 391 2464 eis
409 2409 566 2480 imputetur,
584 2401 655 2480 quae
673 2411 790 2479 qualiter
807 2414 964 2480 potuerunt,
983 2409 1094 2464 statutis
1110 2407 1378 2479 obtemperauerunt,
1397 2421 1485 2477 neque
1497 2406 1526 2463 id
1538 2407 1612 2478 quod
1625 2405 1693 2464 iata·

258 2497 321 2554 liter
338 2499 463 2568 accessit,
484 2499 563 2554 matri
582 2499 712 2554 damnum
730 2499 871 2569 iniungere
890 2497 981 2553 debet.
1711 2507 1742 2548 ιι

189 2584 240 2645 [36
311 2587 389 2643 lona
407 2587 476 2644 libro
494 2589 590 2659 quinto
609 2589 643 2643 ad
662 2589 752 2659 legem
764 2589 859 2643 luliam
873 2593 901 2642 et
913 2587 1036 2657 Papiam.
1064 2586 1178 2642 'Generi'
1192 2586 1373 2658 appellatione
1386 2584 1517 2656 atneptis
1535 2579 1693 2669 [Q
1711 2591 1738 2644 Ε

259 2682 288 2732 et
310 2679 451 2748 proneptis
473 2683 530 2733 tam
555 2693 589 2733 ex
611 2676 667 2734 filio
692 2693 774 2749 quam
799 2693 834 2732 ex
856 2673 912 2732 iilia
929 2677 1063 2733 editorum
1082 2677 1307 2746 ceterarumque⁸
1325 2675 1438 2731 maritos
1456 2674 1590 2730 contineri
1608 2674 1693 2730 mani·

258 2764 359 2822 iestum
378 2771 430 2822 est.
1684 2765 1689 2776 ’

189 2851 240 2912 [37
311 2857 430 2912 Patruus
453 2855 521 2912 libro
545 2855 667 2911 secundo
690 2855 726 2912 ad
749 2855 838 2924 legem
857 2855 953 2910 Iuliam
968 2859 1001 2910 ‘et
1018 2854 1141 2925 Papiam.
1168 2853 1232 2910 -‘Ter
1250 2853 1337 2910 enixa’
1359 2839 1738 2938 ['Por.1n.1.B.t‚a,1etE

258 2945 368 3002 uidetur
385 2946 468 3000 etiam
487 2959 558 3015 quae
576 2945 735 3015 trigeminos
753 2945 897 3015 pepererit.
1710 2954 1739 2996 aa

189 3030 240 3092 [38
311 3036 388 3090 lnnsr
406 3034 474 3090 libro
492 3039 590 3105 quarto
609 3033 644 3088 ad
662 3035 751 3104 legem
770 3034 865 3089 Iuliam
884 3037 913 3088 et
927 3032 1049 3103 Papiam.
1077 3030 1259 3088 ‘Hereditatis'
1272 3031 1455 3103 appellatione
1466 3029 1515 3088 bo·
1533 3027 1691 3116 [ll—affl
1709 3037 1737 3092 Ε

258 3139 354 3181 ιιοιιιιιι
374 3139 483 3194 quoque
501 3125 640 3194 possessio
659 3125 821 3180 continetur.
1549 3107 1691 3117 ’ῳ

189 3209 239 3270 [39
311 3213 462 3269 Uarianos
479 3211 548 3268 libro
566 3215 684 3284 septimo
702 3213 738 3269 ad
756 3215 845 3283 legem
863 3212 960 3267 Iuliam
979 3216 1007 3268 et
1024 3211 1145 3280 Papiam.
1174 3209 1309 3266 Aedilicia
1327 3210 1445 3267 ‘Romae’
1458 3209 1517 3266 fleri
1535 3205 1692 3294 [Q
1709 3214 1738 3270 Ε

224 3312 237 3356 1
258 3304 341 3358 etiam
360 3319 394 3358 ea
412 3301 552 3372 uidentur,
576 3319 646 3373 quae
664 3303 692 3358 in
710 3300 913 3358 continentibus
930 3301 1034 3355 Romae
1053 3297 1186 3356 aediliciis
1204 3299 1280 3356 liant.
1311 3298 1476 3356 ‘Periecisse'
1494 3298 1648 3356 aedificium
1667 3300 1691 3355 is

257 3391 375 3462 uidetur,
394 3393 440 3462 qui
458 3391 497 3446 ita
514 3393 725 3462 consummauit,
742 3396 774 3447 ut
791 3392 845 3446 iam
864 3391 892 3446 in
911 3405 963 3445 usn
982 3404 1043 3444 esse
1061 3389 1158 3460 possit.
1709 3397 1739 3439 aa

189 3476 239 3538 ,40
309 3481 429 3537 Pennus
451 3481 521 3536 libro
539 3487 618 3536 sexto
637 3480 673 3536 ad
689 3481 779 3552 legem
797 3479 893 3535 Iuliam
912 3484 941 3535 et
958 3479 1080 3549 Papiam.
1110 3477 1238 3550 ‘cepisse'
1257 3479 1318 3550 quis
1336 3479 1512 3550 intellegitur,
1531 3469 1690 3563 [Q
1708 3481 1736 3536 Ε

257 3571 384 3641 quamuis
402 3571 447 3626 alii
465 3569 603 3640 adquisiit.

189 3657 236 3715 ‚41
311 3659 461 3716 Uarianos
483 3658 553 3714 libro
575 3664 674 3714 octauo
693 3658 729 3714 ad
747 3658 836 3728 legem
854 3657 950 3714 Iuliam
969 3662 998 3712 et
1014 3657 1138 3727 Papiam.
1175 3656 1266 3712 Etiam
1285 3672 1319 3712 ea
1336 3657 1433 3712 mulier
1451 3672 1513 3711 eum
1531 3650 1689 3739 [Q
1707 3659 1736 3714 Ε

256 3755 408 3806 moreretur
425 3747 545 3804 ereditur
563 3746 648 3804 lilium
666 3746 776 3817 habere,
795 3763 865 3817 quae
883 3747 976 3802 exciso
995 3751 1073 3801 utero
1091 3744 1173 3800 edere
1191 3745 1286 3815 possit.
1314 3761 1365 3801 nee
1383 3761 1438 3801 non
1455 3746 1538 3800 etiam
1557 3746 1611 3801 alio
1623 3761 1689 3801 casu

255 3837 353 3894 mulier
370 3843 462 3907 potest
479 3837 579 3894 habere
597 3835 691 3908 lilium,
709 3851 790 3907 quem
809 3837 904 3892 mortis
923 3841 1047 3907 tempore
1065 3850 1120 3891 non
1138 3834 1241 3906 habuit,
1259 3841 1291 3890 ut
1301 3841 1370 3905 puta
1381 3849 1444 3890 eum
1457 3834 1504 3905 qui
1516 3831 1552 3890 ab
1564 3832 1689 3890 hostibus

255 3925 397 3984 remeabit.
1707 3930 1736 3972 ⁴0

189 4013 237 4074 42
309 4017 428 4074 Faunus
452 4015 521 4071 libro
544 4020 622 4070 sexto
646 4014 681 4069 ad
699 4015 788 4085 legem
806 4014 902 4069 Iuliam
921 4019 950 4070 et
967 4014 1088 4084 Papiam.
1125 4013 1237 4084 Triplici
1255 4011 1337 4068 modo
1356 4011 1511 4068 coniunctio
1530 4005 1689 4096 [Qu-r
1707 4015 1735 4068 E

254 4106 436 4174 intellegitur:
457 4111 506 4160 aut
523 4105 594 4160 euim
614 4119 642 4159 re
660 4119 710 4174 per
727 4119 758 4158 se
776 4104 931 4159 coniunctio
950 4103 1097 4172 contingit,
1116 4107 1165 4158 aut
1182 4117 1212 4156 re
1230 4107 1258 4157 et
1276 4100 1377 4170 uerbis,
1397 4105 1445 4156 aut
1463 4099 1555 4156 uerbis
1572 4105 1688 4156 tanturn.

255 4210 307 4250 nee
330 4193 442 4250 dubium
467 4199 524 4265 est,
548 4193 614 4266 quin
637 4194 774 4250 coniuncti
797 4195 865 4264 sint,
890 4207 959 4262 quos
976 4197 1011 4248 'et
1035 4193 1173 4248 nominum
1196 4191 1281 4247 atrei
1299 4191 1458 4260 complexus
1475 4190 1579 4260 iungit,
1603 4189 1689 4246 ueluti

253 4309 448 4380 marnoa)

253 4488 415 4597 :quaqnai
477 4489 536 4543 ²et
554 4497 619 4572 tas..
666 4487 860 4574 'undecimus
870 4487 929 4542 dies
942 4483 1112 4556 significatur
1124 4490 1160 4550 (a.
1174 4486 1221 4553 tl?
1287 4485 1425 4570 4(ιιιιιΙριιι
1440 4493 1487 4576 (ιιι.
1500 4484 1689 4570 (sandoniae)

284 4565 422 4630 atneptis
444 4563 501 4614 tam
525 4575 560 4615 ex
581 4558 637 4614 filro
660 4575 742 4629 quam
766 4575 800 4615 ex
822 4557 879 4615 lina
901 4563 1109 4629 ceterarumque
1133 4559 1189 4624 (del.
1209 4561 1237 4612 et
1259 4563 1415 4628 proneptis,
1441 4565 1499 4611 rum
1522 4555 1690 4622 editoruml‘l

253 4669 679 4680 mmm-Q

254 4730 269 4784 1
290 4729 368 4783 cuius
391 4727 590 4783 animaduersio
614 4727 695 4783 hodie
715 4729 874 4798 pecuniaria
892 4727 944 4798 est]
998 4724 1168 4796 significatur
1179 4727 1210 4781 X
1214 4725 1383 4782 YMOGram
1393 4726 1433 4780 B:
1451 4723 1484 4788 oi
1495 4723 1626 4787 aaloiara
1639 4721 1688 4778 rior

252 4798 944 4927 girruprri'eu‘rcrpoffiffeduepozrxprruarrxr'secrotXB
997 4798 1142 4904 sedendum:
1160 4797 1257 4888 saepes
1321 4799 1356 4882 ¹⁴5
1376 4796 1624 4922 eli2uidl⁷aliquisd
1644 4795 1688 4860 ld,
1751 4877 1754 4882 ἱ

252 4871 944 5012 ιιιιιιιι,[ιιιιιιιιιιιιιι[ιτ
996 4871 1221 5011 teriia?
1236 4865 1688 5004 ...laeuae

252 5029 308 5142 [aa
325 5013 393 5078 Y‘o,
412 5019 528 5082 utroque
546 5001 621 5098 3101
638 5013 764 5098 undecim
783 5013 842 5068 dies
861 5013 944 5096 signi·
997 5012 1115 5098 deritl7
1170 5015 1205 5067 23
1223 5012 1296 5082 qued
1314 5012 1364 5080 eis]
1383 5026 1452 5096 quoe
1469 5012 1509 5096 eis
1524 5011 1559 5064 F¹
1600 5009 1689 5094 Ι253

273 5085 379 5156 eantur]
406 5087 432 5152 F,
459 5085 620 5141 undecimus
644 5084 801 5153 (undeorma
824 5085 859 5150 O)
885 5085 944 5138 dies
997 5100 1106 5154 papiam
1120 5085 1214 5138 aad¹
1256 5083 1482 5139 loremeath:
1496 5081 1687 5152 rnorrpeurrB

412 5177 440 5221 [ι
1440 5172 1475 5226 60
