<?xml version="1.0" encoding="UTF-8"?>
<!DOCTYPE html PUBLIC "-//W3C//DTD XHTML 1.0 Transitional//EN"
    "http://www.w3.org/TR/xhtml1/DTD/xhtml1-transitional.dtd">
<html xmlns="http://www.w3.org/1999/xhtml" xml:lang="en" lang="en">
 <head>
  <title>
</title>
<meta http-equiv="Content-Type" content="text/html;charset=utf-8" />
  <meta name='ocr-system' content='tesseract 3.04.00' />
  <meta name='ocr-capabilities' content='ocr_page ocr_carea ocr_par ocr_line ocrx_word'/>
</head>
<body>
  <div class='ocr_page' id='page_1' title='image "./digestaiustinia00kruegoog_0660.png"; bbox 0 0 3608 5460; ppageno 0'>
   <div class='ocr_carea' id='block_1_1' title="bbox 98 241 1529 326">
    <p class='ocr_par' dir='ltr' id='par_1_1' title="bbox 98 241 1529 326">
     <span class='ocr_line' id='line_1_1' title="bbox 98 241 1529 326; baseline 0 -10"><span class='ocrx_word' id='word_1_1' title='bbox 98 269 143 316; x_wconf 81' lang='lat' dir='ltr'>nr</span> <span class='ocrx_word' id='word_1_2' title='bbox 166 255 370 317; x_wconf 79' lang='lat' dir='ltr'>ncrlcurnu&#39;s</span> <span class='ocrx_word' id='word_1_3' title='bbox 553 241 560 252; x_wconf 75' lang='grc'><em>’</em></span> <span class='ocrx_word' id='word_1_4' title='bbox 656 311 659 324; x_wconf 80' lang='grc'>,</span> <span class='ocrx_word' id='word_1_5' title='bbox 769 245 855 326; x_wconf 85' lang='grc'>645</span> <span class='ocrx_word' id='word_1_6' title='bbox 1171 252 1349 320; x_wconf 79' lang='lat' dir='ltr'>XXXXIIII</span> <span class='ocrx_word' id='word_1_7' title='bbox 1372 256 1388 317; x_wconf 82' lang='lat' dir='ltr'>i</span> <span class='ocrx_word' id='word_1_8' title='bbox 1413 262 1529 316; x_wconf 84' lang='lat'><strong>31-36</strong></span> 
     </span>
    </p>
   </div>
   <div class='ocr_carea' id='block_1_2' title="bbox 31 405 1588 1561">
    <p class='ocr_par' dir='ltr' id='par_1_2' title="bbox 36 405 1574 922">
     <span class='ocr_line' id='line_1_2' title="bbox 36 405 1574 492; baseline 0.005 -30"><span class='ocrx_word' id='word_1_9' title='bbox 36 408 76 466; x_wconf 88' lang='lat'>31</span> <span class='ocrx_word' id='word_1_10' title='bbox 152 407 326 463; x_wconf 67' lang='lat' dir='ltr'>morsuum</span> <span class='ocrx_word' id='word_1_11' title='bbox 348 407 417 463; x_wconf 89' lang='lat' dir='ltr'>libro</span> <span class='ocrx_word' id='word_1_12' title='bbox 441 407 562 464; x_wconf 87' lang='lat' dir='ltr'>secondo</span> <span class='ocrx_word' id='word_1_13' title='bbox 586 405 867 464; x_wconf 85' lang='lat' dir='ltr'>fideicommissorum.</span> <span class='ocrx_word' id='word_1_14' title='bbox 904 409 964 464; x_wconf 83' lang='lat' dir='ltr'>Non</span> <span class='ocrx_word' id='word_1_15' title='bbox 988 411 1076 464; x_wconf 90' lang='lat' dir='ltr'>solum</span> <span class='ocrx_word' id='word_1_16' title='bbox 1099 410 1289 480; x_wconf 74' lang='lat' dir='ltr'><strong>stipulationes</strong></span> <span class='ocrx_word' id='word_1_17' title='bbox 1306 413 1354 465; x_wconf 90' lang='lat' dir='ltr'>im·</span> <span class='ocrx_word' id='word_1_18' title='bbox 1374 407 1413 492; x_wconf 77' lang='lat' dir='ltr'>[B.</span> <span class='ocrx_word' id='word_1_19' title='bbox 1422 423 1529 478; x_wconf 81' lang='lat' dir='ltr'>ea‚1‚eo</span> <span class='ocrx_word' id='word_1_20' title='bbox 1547 421 1574 476; x_wconf 83' lang='lat' dir='ltr'><strong><em>P</em></strong></span> 
     </span>
     <span class='ocr_line' id='line_1_3' title="bbox 97 485 1542 571; baseline 0.003 -20"><span class='ocrx_word' id='word_1_21' title='bbox 97 495 221 567; x_wconf 87' lang='lat' dir='ltr'>possibili</span> <span class='ocrx_word' id='word_1_22' title='bbox 243 495 397 552; x_wconf 89' lang='lat' dir='ltr'>condicioni</span> <span class='ocrx_word' id='word_1_23' title='bbox 419 496 573 567; x_wconf 79' lang='lat' dir='ltr'>adplicatos</span> <span class='ocrx_word' id='word_1_24' title='bbox 597 496 696 551; x_wconf 84' lang='lat' dir='ltr'>nullius</span> <span class='ocrx_word' id='word_1_25' title='bbox 721 491 947 568; x_wconf 72' lang='lat' dir='ltr'>numentinum,</span> <span class='ocrx_word' id='word_1_26' title='bbox 970 497 1119 554; x_wconf 84' lang='lat' dir='ltr'>sedetiam</span> <span class='ocrx_word' id='word_1_27' title='bbox 1138 500 1346 569; x_wconf 87' lang='lat' dir='ltr'>ceteriqnoque</span> <span class='ocrx_word' id='word_1_28' title='bbox 1365 485 1542 571; x_wconf 55' lang='grc' dir='ltr'>οιῖιιῖιῆιίιέ]4</span> 
     </span>
     <span class='ocr_line' id='line_1_4' title="bbox 98 583 1544 660; baseline 0.003 -20"><span class='ocrx_word' id='word_1_29' title='bbox 98 585 184 640; x_wconf 88' lang='lat' dir='ltr'>ueluti</span> <span class='ocrx_word' id='word_1_30' title='bbox 202 585 354 655; x_wconf 73' lang='lat' dir='ltr'><strong>emptiones</strong></span> <span class='ocrx_word' id='word_1_31' title='bbox 371 585 534 656; x_wconf 77' lang='lat' dir='ltr'>locutiones,</span> <span class='ocrx_word' id='word_1_32' title='bbox 553 583 715 654; x_wconf 88' lang='lat' dir='ltr'>impossibili</span> <span class='ocrx_word' id='word_1_33' title='bbox 732 587 891 642; x_wconf 90' lang='lat' dir='ltr'>condicione</span> <span class='ocrx_word' id='word_1_34' title='bbox 909 588 1070 657; x_wconf 84' lang='lat' dir='ltr'>interposita</span> <span class='ocrx_word' id='word_1_35' title='bbox 1088 603 1175 658; x_wconf 91' lang='lat' dir='ltr'>aeque</span> <span class='ocrx_word' id='word_1_36' title='bbox 1193 589 1291 643; x_wconf 92' lang='lat' dir='ltr'>nullius</span> <span class='ocrx_word' id='word_1_37' title='bbox 1309 589 1439 644; x_wconf 77' lang='lat' dir='ltr'><strong>momenti</strong></span> <span class='ocrx_word' id='word_1_38' title='bbox 1457 589 1544 660; x_wconf 79' lang='lat' dir='ltr'>sunt,</span> 
     </span>
     <span class='ocr_line' id='line_1_5' title="bbox 97 674 1529 748; baseline 0.002 -19"><span class='ocrx_word' id='word_1_39' title='bbox 97 675 164 744; x_wconf 84' lang='lat' dir='ltr'>qnia</span> <span class='ocrx_word' id='word_1_40' title='bbox 185 674 214 729; x_wconf 91' lang='lat' dir='ltr'>in</span> <span class='ocrx_word' id='word_1_41' title='bbox 237 689 271 728; x_wconf 87' lang='lat' dir='ltr'>ea</span> <span class='ocrx_word' id='word_1_42' title='bbox 293 687 336 743; x_wconf 88' lang='lat' dir='ltr'>re,</span> <span class='ocrx_word' id='word_1_43' title='bbox 359 687 431 743; x_wconf 84' lang='lat' dir='ltr'>quse</span> <span class='ocrx_word' id='word_1_44' title='bbox 452 689 488 729; x_wconf 92' lang='lat' dir='ltr'>ex</span> <span class='ocrx_word' id='word_1_45' title='bbox 512 674 628 730; x_wconf 87' lang='lat' dir='ltr'>ducrum</span> <span class='ocrx_word' id='word_1_46' title='bbox 646 675 800 744; x_wconf 90' lang='lat' dir='ltr'>pluriumue</span> <span class='ocrx_word' id='word_1_47' title='bbox 819 691 954 732; x_wconf 87' lang='lat' dir='ltr'>censensu</span> <span class='ocrx_word' id='word_1_48' title='bbox 972 676 1076 746; x_wconf 80' lang='lat' dir='ltr'>agitur,</span> <span class='ocrx_word' id='word_1_49' title='bbox 1100 678 1220 732; x_wconf 82' lang='lat' dir='ltr'>omnium</span> <span class='ocrx_word' id='word_1_50' title='bbox 1238 679 1364 733; x_wconf 82' lang='lat' dir='ltr'>uoluntas</span> <span class='ocrx_word' id='word_1_51' title='bbox 1382 681 1529 748; x_wconf 78' lang='lat' dir='ltr'>spectetur,</span> 
     </span>
     <span class='ocr_line' id='line_1_6' title="bbox 98 761 1560 848; baseline 0.003 -30"><span class='ocrx_word' id='word_1_52' title='bbox 98 777 214 834; x_wconf 87' lang='lat' dir='ltr'>quorum</span> <span class='ocrx_word' id='word_1_53' title='bbox 232 763 325 832; x_wconf 89' lang='lat' dir='ltr'>procul</span> <span class='ocrx_word' id='word_1_54' title='bbox 343 761 474 848; x_wconf 86' lang='lat' dir='ltr'>dublein</span> <span class='ocrx_word' id='word_1_55' title='bbox 492 762 647 819; x_wconf 90' lang='lat' dir='ltr'>huiusmodi</span> <span class='ocrx_word' id='word_1_56' title='bbox 666 768 729 818; x_wconf 86' lang='lat' dir='ltr'>actu</span> <span class='ocrx_word' id='word_1_57' title='bbox 747 765 811 820; x_wconf 89' lang='lat' dir='ltr'>talis</span> <span class='ocrx_word' id='word_1_58' title='bbox 829 763 960 834; x_wconf 78' lang='lat' dir='ltr'>cogitatio</span> <span class='ocrx_word' id='word_1_59' title='bbox 978 769 1028 834; x_wconf 88' lang='lat' dir='ltr'>est,</span> <span class='ocrx_word' id='word_1_60' title='bbox 1046 769 1078 820; x_wconf 90' lang='lat' dir='ltr'>ut</span> <span class='ocrx_word' id='word_1_61' title='bbox 1095 765 1160 820; x_wconf 86' lang='lat' dir='ltr'>nibil</span> <span class='ocrx_word' id='word_1_62' title='bbox 1178 767 1224 835; x_wconf 74' lang='lat' dir='ltr'>agi</span> <span class='ocrx_word' id='word_1_63' title='bbox 1236 767 1392 822; x_wconf 76' lang='lat' dir='ltr'>existiment</span> <span class='ocrx_word' id='word_1_64' title='bbox 1403 766 1560 837; x_wconf 85' lang='lat' dir='ltr'>odpositns</span> 
     </span>
     <span class='ocr_line' id='line_1_7' title="bbox 97 851 828 922; baseline -0.001 -15"><span class='ocrx_word' id='word_1_65' title='bbox 97 867 132 907; x_wconf 88' lang='lat' dir='ltr'>es</span> <span class='ocrx_word' id='word_1_66' title='bbox 149 851 318 921; x_wconf 88' lang='lat' dir='ltr'>condicione,</span> <span class='ocrx_word' id='word_1_67' title='bbox 336 867 419 920; x_wconf 87' lang='lat' dir='ltr'>quarn</span> <span class='ocrx_word' id='word_1_68' title='bbox 437 851 526 907; x_wconf 83' lang='lat' dir='ltr'>sciant</span> <span class='ocrx_word' id='word_1_69' title='bbox 544 867 605 908; x_wconf 90' lang='lat' dir='ltr'>esse</span> <span class='ocrx_word' id='word_1_70' title='bbox 624 851 828 922; x_wconf 88' lang='lat' dir='ltr'>impossibilem.</span> 
     </span>
    </p>

    <p class='ocr_par' dir='ltr' id='par_1_3' title="bbox 35 939 1573 1191">
     <span class='ocr_line' id='line_1_8' title="bbox 35 939 1573 1027; baseline 0.002 -28"><span class='ocrx_word' id='word_1_71' title='bbox 35 942 77 1000; x_wconf 75' lang='lat'>32</span> <span class='ocrx_word' id='word_1_72' title='bbox 151 942 407 997; x_wconf 74' lang='lat' dir='ltr'>Hnnucoeumuus</span> <span class='ocrx_word' id='word_1_73' title='bbox 429 939 498 996; x_wconf 90' lang='lat' dir='ltr'>libro</span> <span class='ocrx_word' id='word_1_74' title='bbox 517 941 637 996; x_wconf 85' lang='lat' dir='ltr'>seconde</span> <span class='ocrx_word' id='word_1_75' title='bbox 656 941 723 996; x_wconf 88' lang='lat' dir='ltr'>iuris</span> <span class='ocrx_word' id='word_1_76' title='bbox 741 942 929 1011; x_wconf 83' lang='lat' dir='ltr'>epitomerum.</span> <span class='ocrx_word' id='word_1_77' title='bbox 967 941 1036 996; x_wconf 80' lang='lat' dir='ltr'>Cum</span> <span class='ocrx_word' id='word_1_78' title='bbox 1054 957 1088 997; x_wconf 90' lang='lat' dir='ltr'>ex</span> <span class='ocrx_word' id='word_1_79' title='bbox 1107 957 1161 998; x_wconf 92' lang='lat' dir='ltr'>unc</span> <span class='ocrx_word' id='word_1_80' title='bbox 1179 942 1278 999; x_wconf 88' lang='lat' dir='ltr'>delicto</span> <span class='ocrx_word' id='word_1_81' title='bbox 1296 943 1353 1012; x_wconf 88' lang='lat' dir='ltr'>pln—</span> <span class='ocrx_word' id='word_1_82' title='bbox 1372 940 1526 1027; x_wconf 49' lang='lat' dir='ltr'>[iae‘nfij&#39;e]</span> <span class='ocrx_word' id='word_1_83' title='bbox 1547 955 1573 1008; x_wconf 83' lang='grc' dir='ltr'><strong><em>Ρ</em></strong></span> 
     </span>
     <span class='ocr_line' id='line_1_9' title="bbox 98 1028 1529 1104; baseline 0.001 -17"><span class='ocrx_word' id='word_1_84' title='bbox 98 1045 142 1087; x_wconf 85' lang='lat' dir='ltr'>ree</span> <span class='ocrx_word' id='word_1_85' title='bbox 160 1036 310 1086; x_wconf 87' lang='lat' dir='ltr'>naseuntur</span> <span class='ocrx_word' id='word_1_86' title='bbox 328 1029 458 1100; x_wconf 89' lang='lat' dir='ltr'>actiones,</span> <span class='ocrx_word' id='word_1_87' title='bbox 476 1032 549 1086; x_wconf 88' lang='lat' dir='ltr'>sicut</span> <span class='ocrx_word' id='word_1_88' title='bbox 566 1030 668 1100; x_wconf 89' lang='lat' dir='ltr'>euenit,</span> <span class='ocrx_word' id='word_1_89' title='bbox 686 1045 748 1086; x_wconf 91' lang='lat' dir='ltr'>eum</span> <span class='ocrx_word' id='word_1_90' title='bbox 767 1029 878 1086; x_wconf 89' lang='lat' dir='ltr'>arbores</span> <span class='ocrx_word' id='word_1_91' title='bbox 897 1028 988 1084; x_wconf 71' lang='lat' dir='ltr'>iurum</span> <span class='ocrx_word' id='word_1_92' title='bbox 1008 1045 1106 1085; x_wconf 83' lang='lat' dir='ltr'>caeses</span> <span class='ocrx_word' id='word_1_93' title='bbox 1121 1029 1255 1103; x_wconf 88' lang='lat' dir='ltr'>dicuntur,</span> <span class='ocrx_word' id='word_1_94' title='bbox 1274 1032 1399 1088; x_wconf 89' lang='lat' dir='ltr'>omnibus</span> <span class='ocrx_word' id='word_1_95' title='bbox 1412 1035 1529 1104; x_wconf 85' lang='lat' dir='ltr'>experiri</span> 
     </span>
     <span class='ocr_line' id='line_1_10' title="bbox 96 1119 1560 1191; baseline -0.003 -16"><span class='ocrx_word' id='word_1_96' title='bbox 96 1120 218 1191; x_wconf 83' lang='lat' dir='ltr'>permitti</span> <span class='ocrx_word' id='word_1_97' title='bbox 236 1126 300 1190; x_wconf 90' lang='lat' dir='ltr'>pest</span> <span class='ocrx_word' id='word_1_98' title='bbox 317 1136 431 1190; x_wconf 83' lang='lat' dir='ltr'>magnas</span> <span class='ocrx_word' id='word_1_99' title='bbox 450 1121 599 1175; x_wconf 75' lang='lat' dir='ltr'>umietates</span> <span class='ocrx_word' id='word_1_100' title='bbox 617 1119 743 1189; x_wconf 83' lang='lat' dir='ltr'>optinuit.</span> <span class='ocrx_word' id='word_1_101' title='bbox 1547 1140 1560 1178; x_wconf 79' lang='lat' dir='ltr'>p</span> 
     </span>
    </p>

    <p class='ocr_par' dir='ltr' id='par_1_4' title="bbox 34 1205 1573 1457">
     <span class='ocr_line' id='line_1_11' title="bbox 34 1205 1573 1293; baseline 0.004 -30"><span class='ocrx_word' id='word_1_102' title='bbox 34 1209 76 1268; x_wconf 88' lang='lat'>33</span> <span class='ocrx_word' id='word_1_103' title='bbox 150 1209 270 1264; x_wconf 79' lang='lat' dir='ltr'>Psunes</span> <span class='ocrx_word' id='word_1_104' title='bbox 287 1207 357 1263; x_wconf 91' lang='lat' dir='ltr'>libro</span> <span class='ocrx_word' id='word_1_105' title='bbox 374 1209 455 1264; x_wconf 91' lang='lat' dir='ltr'>tertio</span> <span class='ocrx_word' id='word_1_106' title='bbox 473 1209 654 1264; x_wconf 87' lang='lat' dir='ltr'>decretorum.</span> <span class='ocrx_word' id='word_1_107' title='bbox 681 1205 937 1276; x_wconf 78' lang='lat' dir='ltr'>constitutionibus,</span> <span class='ocrx_word' id='word_1_108' title='bbox 955 1205 1055 1278; x_wconf 86' lang='lat' dir='ltr'>quibus</span> <span class='ocrx_word' id='word_1_109' title='bbox 1072 1209 1225 1264; x_wconf 73' lang='lat' dir='ltr'>ostenditur</span> <span class='ocrx_word' id='word_1_110' title='bbox 1240 1209 1355 1266; x_wconf 88' lang='lat' dir='ltr'>heredes</span> <span class='ocrx_word' id='word_1_111' title='bbox 1374 1207 1529 1293; x_wconf 56' lang='lat' dir='ltr'>[lucifica</span> <span class='ocrx_word' id='word_1_112' title='bbox 1548 1221 1573 1275; x_wconf 84' lang='grc' dir='ltr'><em>Ρ</em></span> 
     </span>
     <span class='ocr_line' id='line_1_12' title="bbox 95 1288 1528 1369; baseline 0.001 -15"><span class='ocrx_word' id='word_1_113' title='bbox 95 1313 187 1368; x_wconf 80' lang='lat' dir='ltr'>poeno</span> <span class='ocrx_word' id='word_1_114' title='bbox 210 1313 265 1353; x_wconf 91' lang='lat' dir='ltr'>non</span> <span class='ocrx_word' id='word_1_115' title='bbox 282 1299 382 1368; x_wconf 91' lang='lat' dir='ltr'>teneri,</span> <span class='ocrx_word' id='word_1_116' title='bbox 405 1299 521 1369; x_wconf 87' lang='lat' dir='ltr'>placuit,</span> <span class='ocrx_word' id='word_1_117' title='bbox 545 1297 569 1352; x_wconf 89' lang='lat' dir='ltr'>si</span> <span class='ocrx_word' id='word_1_118' title='bbox 587 1297 668 1352; x_wconf 87' lang='lat' dir='ltr'>uiuus</span> <span class='ocrx_word' id='word_1_119' title='bbox 687 1300 839 1352; x_wconf 89' lang='lat' dir='ltr'>conuentus</span> <span class='ocrx_word' id='word_1_120' title='bbox 858 1293 959 1366; x_wconf 84' lang='lat' dir='ltr'>iuerat,</span> <span class='ocrx_word' id='word_1_121' title='bbox 983 1297 1065 1352; x_wconf 85' lang='lat' dir='ltr'>etism</span> <span class='ocrx_word' id='word_1_122' title='bbox 1084 1312 1188 1367; x_wconf 79' lang='lat' dir='ltr'>poenae</span> <span class='ocrx_word' id='word_1_123' title='bbox 1206 1288 1436 1368; x_wconf 63' lang='lat' dir='ltr'>persecutionem</span> <span class='ocrx_word' id='word_1_124' title='bbox 1441 1288 1528 1356; x_wconf 59' lang='lat' dir='ltr'>trsnsss</span> 
     </span>
     <span class='ocr_line' id='line_1_13' title="bbox 96 1385 868 1457; baseline -0.004 -15"><span class='ocrx_word' id='word_1_125' title='bbox 96 1388 210 1442; x_wconf 74' lang='lat' dir='ltr'>mbram</span> <span class='ocrx_word' id='word_1_126' title='bbox 228 1385 324 1456; x_wconf 86' lang='lat' dir='ltr'>uideri,</span> <span class='ocrx_word' id='word_1_127' title='bbox 342 1389 421 1457; x_wconf 87' lang='lat' dir='ltr'>qnasi</span> <span class='ocrx_word' id='word_1_128' title='bbox 440 1389 486 1443; x_wconf 89' lang='lat' dir='ltr'>lite</span> <span class='ocrx_word' id='word_1_129' title='bbox 504 1389 660 1442; x_wconf 77' lang='lat' dir='ltr'>contestato</span> <span class='ocrx_word' id='word_1_130' title='bbox 677 1403 732 1440; x_wconf 75' lang='lat' dir='ltr'>uam</span> <span class='ocrx_word' id='word_1_131' title='bbox 752 1391 868 1440; x_wconf 90' lang='lat' dir='ltr'>mortno.</span> 
     </span>
    </p>

    <p class='ocr_par' dir='ltr' id='par_1_5' title="bbox 31 1472 1588 1561">
     <span class='ocr_line' id='line_1_14' title="bbox 31 1472 1588 1561; baseline 0.001 -25"><span class='ocrx_word' id='word_1_132' title='bbox 31 1481 75 1536; x_wconf 77' lang='lat'>34</span> <span class='ocrx_word' id='word_1_133' title='bbox 150 1477 228 1531; x_wconf 81' lang='lat' dir='ltr'>lesu</span> <span class='ocrx_word' id='word_1_134' title='bbox 249 1475 318 1530; x_wconf 78' lang='lat' dir='ltr'>libro</span> <span class='ocrx_word' id='word_1_135' title='bbox 341 1477 471 1546; x_wconf 71' lang='lat' dir='ltr'>pinguiori</span> <span class='ocrx_word' id='word_1_136' title='bbox 490 1479 521 1531; x_wconf 82' lang='lat' dir='ltr'>de</span> <span class='ocrx_word' id='word_1_137' title='bbox 539 1474 763 1532; x_wconf 87' lang='lat' dir='ltr'>concurrentibus</span> <span class='ocrx_word' id='word_1_138' title='bbox 782 1472 944 1529; x_wconf 86' lang='lat' dir='ltr'>actionibus.</span> <span class='ocrx_word' id='word_1_139' title='bbox 981 1473 1033 1544; x_wconf 75' lang='lat' dir='ltr'>Qui</span> <span class='ocrx_word' id='word_1_140' title='bbox 1050 1489 1159 1530; x_wconf 90' lang='lat' dir='ltr'>seruum</span> <span class='ocrx_word' id='word_1_141' title='bbox 1179 1475 1296 1531; x_wconf 76' lang='lat' dir='ltr'>alienum</span> <span class='ocrx_word' id='word_1_142' title='bbox 1315 1477 1354 1532; x_wconf 91' lang='lat' dir='ltr'>in·</span> <span class='ocrx_word' id='word_1_143' title='bbox 1373 1474 1528 1560; x_wconf 54' lang='lat' dir='ltr'>[estesse</span> <span class='ocrx_word' id='word_1_144' title='bbox 1546 1489 1588 1561; x_wconf 68' lang='grc' dir='ltr'>Ρ]</span> 
     </span>
    </p>
   </div>
   <div class='ocr_carea' id='block_1_3' title="bbox 94 1561 1528 1634">
    <p class='ocr_par' dir='ltr' id='par_1_6' title="bbox 94 1561 1528 1634">
     <span class='ocr_line' id='line_1_15' title="bbox 94 1561 1528 1634; baseline 0.001 -13"><span class='ocrx_word' id='word_1_145' title='bbox 94 1566 198 1621; x_wconf 88' lang='lat' dir='ltr'>inricse</span> <span class='ocrx_word' id='word_1_146' title='bbox 215 1564 351 1634; x_wconf 77' lang='lat' dir='ltr'>uerberat,</span> <span class='ocrx_word' id='word_1_147' title='bbox 369 1579 403 1620; x_wconf 88' lang='lat' dir='ltr'>ex</span> <span class='ocrx_word' id='word_1_148' title='bbox 423 1581 477 1620; x_wconf 90' lang='lat' dir='ltr'>unc</span> <span class='ocrx_word' id='word_1_149' title='bbox 496 1563 569 1620; x_wconf 84' lang='lat' dir='ltr'>iacto</span> <span class='ocrx_word' id='word_1_150' title='bbox 586 1565 684 1620; x_wconf 90' lang='lat' dir='ltr'>incidit</span> <span class='ocrx_word' id='word_1_151' title='bbox 699 1571 727 1619; x_wconf 89' lang='lat' dir='ltr'>et</span> <span class='ocrx_word' id='word_1_152' title='bbox 739 1564 767 1618; x_wconf 89' lang='lat' dir='ltr'>in</span> <span class='ocrx_word' id='word_1_153' title='bbox 780 1561 918 1632; x_wconf 82' lang='lat' dir='ltr'>Aquiliam</span> <span class='ocrx_word' id='word_1_154' title='bbox 930 1568 959 1617; x_wconf 91' lang='lat' dir='ltr'>et</span> <span class='ocrx_word' id='word_1_155' title='bbox 970 1563 998 1618; x_wconf 92' lang='lat' dir='ltr'>in</span> <span class='ocrx_word' id='word_1_156' title='bbox 1011 1563 1145 1619; x_wconf 89' lang='lat' dir='ltr'>actionem</span> <span class='ocrx_word' id='word_1_157' title='bbox 1159 1563 1328 1621; x_wconf 74' lang='lat' dir='ltr'>iniuriarum:</span> <span class='ocrx_word' id='word_1_158' title='bbox 1347 1567 1445 1622; x_wconf 90' lang='lat' dir='ltr'>iniuria</span> <span class='ocrx_word' id='word_1_159' title='bbox 1456 1568 1528 1622; x_wconf 89' lang='lat' dir='ltr'>enim</span> 
     </span>
    </p>
   </div>
   <div class='ocr_carea' id='block_1_4' title="bbox 94 1651 1649 1990">
    <p class='ocr_par' dir='ltr' id='par_1_7' title="bbox 94 1651 1649 1990">
     <span class='ocr_line' id='line_1_16' title="bbox 94 1651 1649 1725; baseline 0.001 -15"><span class='ocrx_word' id='word_1_160' title='bbox 94 1670 132 1710; x_wconf 88' lang='lat' dir='ltr'>ex</span> <span class='ocrx_word' id='word_1_161' title='bbox 155 1655 255 1710; x_wconf 78' lang='lat' dir='ltr'>siloem</span> <span class='ocrx_word' id='word_1_162' title='bbox 273 1653 319 1723; x_wconf 89' lang='lat' dir='ltr'>lit,</span> <span class='ocrx_word' id='word_1_163' title='bbox 342 1653 471 1710; x_wconf 88' lang='lat' dir='ltr'>damnum</span> <span class='ocrx_word' id='word_1_164' title='bbox 490 1669 524 1710; x_wconf 84' lang='lat' dir='ltr'>en</span> <span class='ocrx_word' id='word_1_165' title='bbox 542 1655 623 1725; x_wconf 89' lang='lat' dir='ltr'>culpa</span> <span class='ocrx_word' id='word_1_166' title='bbox 641 1659 670 1709; x_wconf 91' lang='lat' dir='ltr'>et</span> <span class='ocrx_word' id='word_1_167' title='bbox 686 1653 749 1708; x_wconf 89' lang='lat' dir='ltr'>ideo</span> <span class='ocrx_word' id='word_1_168' title='bbox 767 1657 884 1722; x_wconf 90' lang='lat' dir='ltr'>pessunt</span> <span class='ocrx_word' id='word_1_169' title='bbox 901 1657 1033 1722; x_wconf 76' lang='lat' dir='ltr'>suaeque</span> <span class='ocrx_word' id='word_1_170' title='bbox 1051 1656 1215 1723; x_wconf 89' lang='lat' dir='ltr'>competere.</span> <span class='ocrx_word' id='word_1_171' title='bbox 1247 1655 1296 1710; x_wconf 90' lang='lat' dir='ltr'>sed</span> <span class='ocrx_word' id='word_1_172' title='bbox 1314 1655 1425 1725; x_wconf 89' lang='lat' dir='ltr'>qnidam</span> <span class='ocrx_word' id='word_1_173' title='bbox 1443 1658 1530 1712; x_wconf 88' lang='lat' dir='ltr'>altera</span> <span class='ocrx_word' id='word_1_174' title='bbox 1547 1671 1576 1713; x_wconf 83' lang='lat' dir='ltr'>ns</span> <span class='ocrx_word' id='word_1_175' title='bbox 1645 1651 1649 1664; x_wconf 85' lang='lat'>&#39;</span> 
     </span>
     <span class='ocr_line' id='line_1_17' title="bbox 94 1741 1531 1814; baseline 0.001 -16"><span class='ocrx_word' id='word_1_176' title='bbox 94 1743 185 1798; x_wconf 82' lang='lat' dir='ltr'>electa</span> <span class='ocrx_word' id='word_1_177' title='bbox 203 1743 315 1798; x_wconf 82' lang='lat' dir='ltr'>ultorem</span> <span class='ocrx_word' id='word_1_178' title='bbox 335 1743 466 1798; x_wconf 91' lang='lat' dir='ltr'>consumi.</span> <span class='ocrx_word' id='word_1_179' title='bbox 495 1743 540 1798; x_wconf 82' lang='lat' dir='ltr'>alii</span> <span class='ocrx_word' id='word_1_180' title='bbox 557 1759 607 1813; x_wconf 87' lang='lat' dir='ltr'>per</span> <span class='ocrx_word' id='word_1_181' title='bbox 621 1743 690 1812; x_wconf 80' lang='lat' dir='ltr'>legis</span> <span class='ocrx_word' id='word_1_182' title='bbox 703 1741 829 1811; x_wconf 76' lang='lat' dir='ltr'>Aquiliae</span> <span class='ocrx_word' id='word_1_183' title='bbox 842 1741 975 1795; x_wconf 77' lang='lat' dir='ltr'>actionem</span> <span class='ocrx_word' id='word_1_184' title='bbox 989 1741 1145 1796; x_wconf 84' lang='lat' dir='ltr'>iniuriarum</span> <span class='ocrx_word' id='word_1_185' title='bbox 1159 1744 1290 1813; x_wconf 88' lang='lat' dir='ltr'>consumi,</span> <span class='ocrx_word' id='word_1_186' title='bbox 1308 1745 1435 1814; x_wconf 83' lang='lat' dir='ltr'>quoniam</span> <span class='ocrx_word' id='word_1_187' title='bbox 1448 1745 1531 1800; x_wconf 90' lang='lat' dir='ltr'>desiit</span> 
     </span>
     <span class='ocr_line' id='line_1_18' title="bbox 94 1830 1528 1901; baseline 0.001 -14"><span class='ocrx_word' id='word_1_188' title='bbox 94 1831 199 1888; x_wconf 89' lang='lat' dir='ltr'>bonum</span> <span class='ocrx_word' id='word_1_189' title='bbox 218 1837 247 1886; x_wconf 92' lang='lat' dir='ltr'>et</span> <span class='ocrx_word' id='word_1_190' title='bbox 265 1846 381 1901; x_wconf 87' lang='lat' dir='ltr'>aequum</span> <span class='ocrx_word' id='word_1_191' title='bbox 400 1845 461 1886; x_wconf 89' lang='lat' dir='ltr'>esse</span> <span class='ocrx_word' id='word_1_192' title='bbox 480 1832 655 1888; x_wconf 91' lang='lat' dir='ltr'>condemnari</span> <span class='ocrx_word' id='word_1_193' title='bbox 674 1847 745 1900; x_wconf 88' lang='lat' dir='ltr'>eum,</span> <span class='ocrx_word' id='word_1_194' title='bbox 764 1831 810 1900; x_wconf 88' lang='lat' dir='ltr'>qui</span> <span class='ocrx_word' id='word_1_195' title='bbox 829 1830 1045 1886; x_wconf 79' lang='lat' dir='ltr'>aestimationem</span> <span class='ocrx_word' id='word_1_196' title='bbox 1064 1831 1213 1900; x_wconf 85' lang='lat' dir='ltr'>praestitit:</span> <span class='ocrx_word' id='word_1_197' title='bbox 1233 1833 1282 1888; x_wconf 92' lang='lat' dir='ltr'>sed</span> <span class='ocrx_word' id='word_1_198' title='bbox 1300 1834 1323 1888; x_wconf 93' lang='lat' dir='ltr'>sl</span> <span class='ocrx_word' id='word_1_199' title='bbox 1341 1836 1405 1888; x_wconf 87' lang='lat' dir='ltr'>ante</span> <span class='ocrx_word' id='word_1_200' title='bbox 1419 1834 1528 1889; x_wconf 86' lang='lat' dir='ltr'>iniuria·</span> 
     </span>
     <span class='ocr_line' id='line_1_19' title="bbox 94 1899 1528 1990; baseline 0.001 -14"><span class='ocrx_word' id='word_1_201' title='bbox 94 1937 157 1976; x_wconf 88' lang='lat' dir='ltr'>rum</span> <span class='ocrx_word' id='word_1_202' title='bbox 180 1899 377 1990; x_wconf 78' lang='lat' dir='ltr'>aemn’essst‚</span> <span class='ocrx_word' id='word_1_203' title='bbox 402 1922 488 1976; x_wconf 87' lang='lat' dir='ltr'>teneri</span> <span class='ocrx_word' id='word_1_204' title='bbox 507 1937 569 1976; x_wconf 89' lang='lat' dir='ltr'>eum</span> <span class='ocrx_word' id='word_1_205' title='bbox 588 1920 702 1990; x_wconf 78' lang='lat' dir='ltr'>exlege</span> <span class='ocrx_word' id='word_1_206' title='bbox 722 1919 840 1989; x_wconf 89' lang='lat' dir='ltr'>Aquilia.</span> <span class='ocrx_word' id='word_1_207' title='bbox 872 1919 921 1973; x_wconf 93' lang='lat' dir='ltr'>sed</span> <span class='ocrx_word' id='word_1_208' title='bbox 939 1923 968 1973; x_wconf 91' lang='lat' dir='ltr'>et</span> <span class='ocrx_word' id='word_1_209' title='bbox 985 1918 1053 1974; x_wconf 86' lang='lat' dir='ltr'>haec</span> <span class='ocrx_word' id='word_1_210' title='bbox 1071 1921 1207 1974; x_wconf 84' lang='lat' dir='ltr'>sententis</span> <span class='ocrx_word' id='word_1_211' title='bbox 1224 1936 1273 1990; x_wconf 87' lang='lat' dir='ltr'>per</span> <span class='ocrx_word' id='word_1_212' title='bbox 1290 1927 1443 1990; x_wconf 89' lang='lat' dir='ltr'>praetorem</span> <span class='ocrx_word' id='word_1_213' title='bbox 1461 1922 1528 1978; x_wconf 85' lang='lat' dir='ltr'>inhi-</span> 
     </span>
    </p>
   </div>
   <div class='ocr_carea' id='block_1_5' title="bbox 34 2007 1615 4039">
    <p class='ocr_par' dir='ltr' id='par_1_8' title="bbox 93 2007 1576 2170">
     <span class='ocr_line' id='line_1_20' title="bbox 95 2007 1529 2082; baseline 0.001 -16"><span class='ocrx_word' id='word_1_214' title='bbox 95 2009 188 2066; x_wconf 84' lang='lat' dir='ltr'>benda</span> <span class='ocrx_word' id='word_1_215' title='bbox 205 2015 256 2079; x_wconf 85' lang='lat' dir='ltr'>est,</span> <span class='ocrx_word' id='word_1_216' title='bbox 276 2010 328 2064; x_wconf 92' lang='lat' dir='ltr'>nisi</span> <span class='ocrx_word' id='word_1_217' title='bbox 345 2011 373 2064; x_wconf 91' lang='lat' dir='ltr'>in</span> <span class='ocrx_word' id='word_1_218' title='bbox 391 2010 428 2079; x_wconf 91' lang='lat' dir='ltr'>id,</span> <span class='ocrx_word' id='word_1_219' title='bbox 446 2010 521 2080; x_wconf 92' lang='lat' dir='ltr'>quod</span> <span class='ocrx_word' id='word_1_220' title='bbox 541 2009 657 2080; x_wconf 89' lang='lat' dir='ltr'>amplius</span> <span class='ocrx_word' id='word_1_221' title='bbox 675 2023 710 2064; x_wconf 89' lang='lat' dir='ltr'>ex</span> <span class='ocrx_word' id='word_1_222' title='bbox 728 2009 789 2076; x_wconf 85' lang='lat' dir='ltr'>lege</span> <span class='ocrx_word' id='word_1_223' title='bbox 808 2007 918 2076; x_wconf 91' lang='lat' dir='ltr'>Aquilia</span> <span class='ocrx_word' id='word_1_224' title='bbox 936 2008 1074 2077; x_wconf 87' lang='lat' dir='ltr'>competit,</span> <span class='ocrx_word' id='word_1_225' title='bbox 1093 2013 1200 2078; x_wconf 83' lang='lat' dir='ltr'>agatur.</span> <span class='ocrx_word' id='word_1_226' title='bbox 1232 2009 1419 2066; x_wconf 77' lang='lat' dir='ltr'>rationabilius</span> <span class='ocrx_word' id='word_1_227' title='bbox 1436 2013 1529 2082; x_wconf 83' lang='lat' dir='ltr'>itaque</span> 
     </span>
     <span class='ocr_line' id='line_1_21' title="bbox 93 2097 1576 2170; baseline 0.002 -15"><span class='ocrx_word' id='word_1_228' title='bbox 93 2104 141 2155; x_wconf 85' lang='lat' dir='ltr'>est</span> <span class='ocrx_word' id='word_1_229' title='bbox 159 2113 219 2154; x_wconf 89' lang='lat' dir='ltr'>eam</span> <span class='ocrx_word' id='word_1_230' title='bbox 236 2098 344 2154; x_wconf 87' lang='lat' dir='ltr'>admitti</span> <span class='ocrx_word' id='word_1_231' title='bbox 363 2100 536 2168; x_wconf 87' lang='lat' dir='ltr'>sententiam,</span> <span class='ocrx_word' id='word_1_232' title='bbox 555 2103 586 2154; x_wconf 88' lang='lat' dir='ltr'>ut</span> <span class='ocrx_word' id='word_1_233' title='bbox 598 2099 679 2154; x_wconf 90' lang='lat' dir='ltr'>liceat</span> <span class='ocrx_word' id='word_1_234' title='bbox 691 2098 716 2152; x_wconf 90' lang='lat' dir='ltr'>ei</span> <span class='ocrx_word' id='word_1_235' title='bbox 729 2111 810 2166; x_wconf 88' lang='lat' dir='ltr'>quam</span> <span class='ocrx_word' id='word_1_236' title='bbox 825 2097 942 2152; x_wconf 88' lang='lat' dir='ltr'>uoluerit</span> <span class='ocrx_word' id='word_1_237' title='bbox 953 2097 1087 2152; x_wconf 89' lang='lat' dir='ltr'>actionem</span> <span class='ocrx_word' id='word_1_238' title='bbox 1100 2097 1175 2167; x_wconf 91' lang='lat' dir='ltr'>prius</span> <span class='ocrx_word' id='word_1_239' title='bbox 1192 2113 1327 2169; x_wconf 89' lang='lat' dir='ltr'>exercere,</span> <span class='ocrx_word' id='word_1_240' title='bbox 1346 2100 1419 2170; x_wconf 91' lang='lat' dir='ltr'>quod</span> <span class='ocrx_word' id='word_1_241' title='bbox 1436 2106 1528 2156; x_wconf 90' lang='lat' dir='ltr'>autem</span> <span class='ocrx_word' id='word_1_242' title='bbox 1546 2117 1576 2158; x_wconf 88' lang='lat' dir='ltr'>ac</span> 
     </span>
    </p>

    <p class='ocr_par' dir='ltr' id='par_1_9' title="bbox 56 2184 1529 2347">
     <span class='ocr_line' id='line_1_22' title="bbox 56 2184 1528 2259; baseline -0.001 -13"><span class='ocrx_word' id='word_1_243' title='bbox 56 2201 69 2246; x_wconf 85' lang='grc' dir='ltr'>ι</span> <span class='ocrx_word' id='word_1_244' title='bbox 94 2188 214 2258; x_wconf 73' lang='lat' dir='ltr'>amplius</span> <span class='ocrx_word' id='word_1_245' title='bbox 231 2188 260 2242; x_wconf 91' lang='lat' dir='ltr'>in</span> <span class='ocrx_word' id='word_1_246' title='bbox 278 2187 364 2242; x_wconf 78' lang='lat' dir='ltr'>nitere</span> <span class='ocrx_word' id='word_1_247' title='bbox 381 2193 432 2256; x_wconf 89' lang='lat' dir='ltr'>est,</span> <span class='ocrx_word' id='word_1_248' title='bbox 451 2188 533 2242; x_wconf 84' lang='lat' dir='ltr'>etiem</span> <span class='ocrx_word' id='word_1_249' title='bbox 552 2187 619 2243; x_wconf 85' lang='lat' dir='ltr'>hoc¹</span> <span class='ocrx_word' id='word_1_250' title='bbox 639 2186 760 2256; x_wconf 85' lang='lat' dir='ltr'>exsequi.</span> <span class='ocrx_word' id='word_1_251' title='bbox 798 2184 827 2240; x_wconf 90' lang='lat' dir='ltr'>Si</span> <span class='ocrx_word' id='word_1_252' title='bbox 845 2185 877 2254; x_wconf 89' lang='lat' dir='ltr'>is,</span> <span class='ocrx_word' id='word_1_253' title='bbox 897 2185 940 2240; x_wconf 90' lang='lat' dir='ltr'>cui</span> <span class='ocrx_word' id='word_1_254' title='bbox 959 2201 1014 2240; x_wconf 88' lang='lat' dir='ltr'>rem</span> <span class='ocrx_word' id='word_1_255' title='bbox 1034 2186 1258 2256; x_wconf 80' lang='lat' dir='ltr'>commotionem,</span> <span class='ocrx_word' id='word_1_256' title='bbox 1276 2203 1337 2242; x_wconf 82' lang='lat' dir='ltr'>erun</span> <span class='ocrx_word' id='word_1_257' title='bbox 1355 2187 1528 2259; x_wconf 88' lang='lat' dir='ltr'>subripuerit,</span> 
     </span>
     <span class='ocr_line' id='line_1_23' title="bbox 93 2273 1529 2347; baseline 0.001 -15"><span class='ocrx_word' id='word_1_258' title='bbox 93 2275 235 2332; x_wconf 85' lang='lat' dir='ltr'>tenebitur</span> <span class='ocrx_word' id='word_1_259' title='bbox 253 2275 363 2346; x_wconf 86' lang='lat' dir='ltr'>quidem</span> <span class='ocrx_word' id='word_1_260' title='bbox 382 2281 411 2330; x_wconf 91' lang='lat' dir='ltr'>et</span> <span class='ocrx_word' id='word_1_261' title='bbox 428 2277 593 2332; x_wconf 90' lang='lat' dir='ltr'>commodati</span> <span class='ocrx_word' id='word_1_262' title='bbox 612 2276 720 2331; x_wconf 85' lang='lat' dir='ltr'>actione</span> <span class='ocrx_word' id='word_1_263' title='bbox 739 2279 767 2328; x_wconf 89' lang='lat' dir='ltr'>et</span> <span class='ocrx_word' id='word_1_264' title='bbox 785 2273 965 2343; x_wconf 91' lang='lat' dir='ltr'>condictione,</span> <span class='ocrx_word' id='word_1_265' title='bbox 984 2274 1033 2330; x_wconf 91' lang='lat' dir='ltr'>scd</span> <span class='ocrx_word' id='word_1_266' title='bbox 1048 2275 1133 2331; x_wconf 86' lang='lat' dir='ltr'>altera</span> <span class='ocrx_word' id='word_1_267' title='bbox 1144 2276 1216 2332; x_wconf 84' lang='lat' dir='ltr'>ectio</span> <span class='ocrx_word' id='word_1_268' title='bbox 1229 2277 1342 2332; x_wconf 87' lang='lat' dir='ltr'>alteram</span> <span class='ocrx_word' id='word_1_269' title='bbox 1354 2279 1469 2347; x_wconf 87' lang='lat' dir='ltr'>peremit</span> <span class='ocrx_word' id='word_1_270' title='bbox 1481 2285 1529 2334; x_wconf 85' lang='lat' dir='ltr'>snt</span> 
     </span>
    </p>

    <p class='ocr_par' dir='ltr' id='par_1_10' title="bbox 56 2363 1574 3047">
     <span class='ocr_line' id='line_1_24' title="bbox 56 2363 1528 2437; baseline -0.001 -13"><span class='ocrx_word' id='word_1_271' title='bbox 56 2380 73 2424; x_wconf 67' lang='grc' dir='ltr'>ι</span> <span class='ocrx_word' id='word_1_272' title='bbox 93 2366 158 2436; x_wconf 86' lang='lat' dir='ltr'>ipsc</span> <span class='ocrx_word' id='word_1_273' title='bbox 176 2365 235 2421; x_wconf 91' lang='lat' dir='ltr'>inre</span> <span class='ocrx_word' id='word_1_274' title='bbox 253 2371 301 2421; x_wconf 89' lang='lat' dir='ltr'>aut</span> <span class='ocrx_word' id='word_1_275' title='bbox 318 2380 367 2434; x_wconf 92' lang='lat' dir='ltr'>per</span> <span class='ocrx_word' id='word_1_276' title='bbox 385 2366 584 2435; x_wconf 89' lang='lat' dir='ltr'>exceptionem,</span> <span class='ocrx_word' id='word_1_277' title='bbox 602 2364 676 2434; x_wconf 89' lang='lat' dir='ltr'>qued</span> <span class='ocrx_word' id='word_1_278' title='bbox 695 2369 738 2419; x_wconf 92' lang='lat' dir='ltr'>est</span> <span class='ocrx_word' id='word_1_279' title='bbox 755 2365 850 2420; x_wconf 84' lang='lat' dir='ltr'>tutius.</span> <span class='ocrx_word' id='word_1_280' title='bbox 883 2365 954 2419; x_wconf 86' lang='lat' dir='ltr'>Hinc</span> <span class='ocrx_word' id='word_1_281' title='bbox 972 2363 1007 2418; x_wconf 91' lang='lat' dir='ltr'>de</span> <span class='ocrx_word' id='word_1_282' title='bbox 1024 2364 1120 2420; x_wconf 91' lang='lat' dir='ltr'>oolcnc</span> <span class='ocrx_word' id='word_1_283' title='bbox 1138 2379 1297 2434; x_wconf 89' lang='lat' dir='ltr'>responsum</span> <span class='ocrx_word' id='word_1_284' title='bbox 1316 2370 1367 2434; x_wconf 90' lang='lat' dir='ltr'>est,</span> <span class='ocrx_word' id='word_1_285' title='bbox 1385 2367 1409 2421; x_wconf 93' lang='lat' dir='ltr'>si</span> <span class='ocrx_word' id='word_1_286' title='bbox 1427 2367 1528 2437; x_wconf 88' lang='lat' dir='ltr'>aliquid</span> 
     </span>
     <span class='ocr_line' id='line_1_25' title="bbox 93 2451 1527 2526; baseline -0.001 -14"><span class='ocrx_word' id='word_1_287' title='bbox 93 2469 133 2512; x_wconf 87' lang='lat' dir='ltr'>ex</span> <span class='ocrx_word' id='word_1_288' title='bbox 150 2451 236 2512; x_wconf 81' lang='lat' dir='ltr'>fundo</span> <span class='ocrx_word' id='word_1_289' title='bbox 254 2453 428 2525; x_wconf 86' lang='lat' dir='ltr'>subtraxerit,</span> <span class='ocrx_word' id='word_1_290' title='bbox 446 2455 534 2510; x_wconf 91' lang='lat' dir='ltr'>teneri</span> <span class='ocrx_word' id='word_1_291' title='bbox 552 2469 615 2510; x_wconf 90' lang='lat' dir='ltr'>eum</span> <span class='ocrx_word' id='word_1_292' title='bbox 633 2453 805 2510; x_wconf 86' lang='lat' dir='ltr'>condictione</span> <span class='ocrx_word' id='word_1_293' title='bbox 823 2457 852 2508; x_wconf 90' lang='lat' dir='ltr'>et</span> <span class='ocrx_word' id='word_1_294' title='bbox 869 2451 942 2522; x_wconf 86' lang='lat' dir='ltr'>lorti,</span> <span class='ocrx_word' id='word_1_295' title='bbox 961 2453 1026 2522; x_wconf 90' lang='lat' dir='ltr'>quin</span> <span class='ocrx_word' id='word_1_296' title='bbox 1045 2453 1127 2507; x_wconf 88' lang='lat' dir='ltr'>etiam</span> <span class='ocrx_word' id='word_1_297' title='bbox 1146 2468 1181 2508; x_wconf 93' lang='lat' dir='ltr'>ex</span> <span class='ocrx_word' id='word_1_298' title='bbox 1198 2454 1300 2521; x_wconf 78' lang='lat' dir='ltr'>locuto:</span> <span class='ocrx_word' id='word_1_299' title='bbox 1319 2457 1348 2508; x_wconf 92' lang='lat' dir='ltr'>ct</span> <span class='ocrx_word' id='word_1_300' title='bbox 1364 2469 1454 2524; x_wconf 81' lang='lat' dir='ltr'>poene</span> <span class='ocrx_word' id='word_1_301' title='bbox 1470 2457 1527 2526; x_wconf 90' lang='lat' dir='ltr'>qui·</span> 
     </span>
     <span class='ocr_line' id='line_1_26' title="bbox 93 2529 1574 2614; baseline 0.001 -15"><span class='ocrx_word' id='word_1_302' title='bbox 93 2544 160 2600; x_wconf 84' lang='lat' dir='ltr'>dem</span> <span class='ocrx_word' id='word_1_303' title='bbox 178 2541 243 2598; x_wconf 79' lang='lat' dir='ltr'>insti</span> <span class='ocrx_word' id='word_1_304' title='bbox 261 2559 315 2599; x_wconf 90' lang='lat' dir='ltr'>non</span> <span class='ocrx_word' id='word_1_305' title='bbox 333 2542 516 2614; x_wconf 81' lang='lat' dir='ltr'>confunditur,</span> <span class='ocrx_word' id='word_1_306' title='bbox 534 2544 597 2598; x_wconf 84' lang='lat' dir='ltr'>illue</span> <span class='ocrx_word' id='word_1_307' title='bbox 615 2547 707 2598; x_wconf 82' lang='lat' dir='ltr'>nutem</span> <span class='ocrx_word' id='word_1_308' title='bbox 726 2543 797 2598; x_wconf 86' lang='lat' dir='ltr'>inter</span> <span class='ocrx_word' id='word_1_309' title='bbox 814 2557 844 2598; x_wconf 87' lang='lat' dir='ltr'>se</span> <span class='ocrx_word' id='word_1_310' title='bbox 863 2529 1019 2598; x_wconf 80' lang='lat' dir='ltr'>miscentur.</span> <span class='ocrx_word' id='word_1_311' title='bbox 1046 2546 1075 2596; x_wconf 89' lang='lat' dir='ltr'>ct</span> <span class='ocrx_word' id='word_1_312' title='bbox 1092 2541 1145 2597; x_wconf 90' lang='lat' dir='ltr'>hcc</span> <span class='ocrx_word' id='word_1_313' title='bbox 1161 2543 1188 2597; x_wconf 91' lang='lat' dir='ltr'>in</span> <span class='ocrx_word' id='word_1_314' title='bbox 1201 2543 1270 2612; x_wconf 72' lang='lat' dir='ltr'>legis</span> <span class='ocrx_word' id='word_1_315' title='bbox 1282 2542 1408 2612; x_wconf 79' lang='lat' dir='ltr'>Aquiliae</span> <span class='ocrx_word' id='word_1_316' title='bbox 1420 2545 1527 2600; x_wconf 80' lang='lat' dir='ltr'>actione</span> <span class='ocrx_word' id='word_1_317' title='bbox 1546 2561 1574 2602; x_wconf 81' lang='lat' dir='ltr'>so</span> 
     </span>
     <span class='ocr_line' id='line_1_27' title="bbox 93 2632 1527 2703; baseline -0.001 -15"><span class='ocrx_word' id='word_1_318' title='bbox 93 2633 206 2702; x_wconf 85' lang='lat' dir='ltr'>dicitur,</span> <span class='ocrx_word' id='word_1_319' title='bbox 224 2634 248 2687; x_wconf 88' lang='lat' dir='ltr'>si</span> <span class='ocrx_word' id='word_1_320' title='bbox 265 2632 315 2687; x_wconf 91' lang='lat' dir='ltr'>tibi</span> <span class='ocrx_word' id='word_1_321' title='bbox 333 2633 543 2688; x_wconf 89' lang='lat' dir='ltr'>commodauero</span> <span class='ocrx_word' id='word_1_322' title='bbox 562 2632 727 2688; x_wconf 85' lang='lat' dir='ltr'>uestimenta</span> <span class='ocrx_word' id='word_1_323' title='bbox 745 2637 773 2686; x_wconf 91' lang='lat' dir='ltr'>et</span> <span class='ocrx_word' id='word_1_324' title='bbox 790 2637 820 2686; x_wconf 90' lang='lat' dir='ltr'>tu</span> <span class='ocrx_word' id='word_1_325' title='bbox 839 2645 873 2687; x_wconf 89' lang='lat' dir='ltr'>ea</span> <span class='ocrx_word' id='word_1_326' title='bbox 890 2632 1009 2702; x_wconf 89' lang='lat' dir='ltr'>ruperis:</span> <span class='ocrx_word' id='word_1_327' title='bbox 1032 2636 1163 2701; x_wconf 71' lang='lat' dir='ltr'>utraeque</span> <span class='ocrx_word' id='word_1_328' title='bbox 1181 2632 1253 2686; x_wconf 90' lang='lat' dir='ltr'>enim</span> <span class='ocrx_word' id='word_1_329' title='bbox 1271 2633 1393 2688; x_wconf 86' lang='lat' dir='ltr'>actiones</span> <span class='ocrx_word' id='word_1_330' title='bbox 1411 2634 1450 2687; x_wconf 88' lang='lat' dir='ltr'>rei</span> <span class='ocrx_word' id='word_1_331' title='bbox 1467 2648 1527 2703; x_wconf 91' lang='lat' dir='ltr'>per·</span> 
     </span>
     <span class='ocr_line' id='line_1_28' title="bbox 93 2720 1526 2791; baseline 0 -13"><span class='ocrx_word' id='word_1_332' title='bbox 93 2724 266 2780; x_wconf 70' lang='lat' dir='ltr'>motionem</span> <span class='ocrx_word' id='word_1_333' title='bbox 289 2722 436 2778; x_wconf 91' lang='lat' dir='ltr'>continent.</span> <span class='ocrx_word' id='word_1_334' title='bbox 470 2721 625 2791; x_wconf 89' lang='lat' dir='ltr'>etquidem</span> <span class='ocrx_word' id='word_1_335' title='bbox 644 2726 709 2791; x_wconf 90' lang='lat' dir='ltr'>post</span> <span class='ocrx_word' id='word_1_336' title='bbox 725 2720 795 2790; x_wconf 78' lang='lat' dir='ltr'>legis</span> <span class='ocrx_word' id='word_1_337' title='bbox 814 2720 939 2790; x_wconf 88' lang='lat' dir='ltr'>Aquiliae</span> <span class='ocrx_word' id='word_1_338' title='bbox 958 2721 1092 2776; x_wconf 83' lang='lat' dir='ltr'>actionem</span> <span class='ocrx_word' id='word_1_339' title='bbox 1111 2721 1206 2790; x_wconf 88' lang='lat' dir='ltr'>utique</span> <span class='ocrx_word' id='word_1_340' title='bbox 1223 2722 1388 2778; x_wconf 86' lang='lat' dir='ltr'>commodati</span> <span class='ocrx_word' id='word_1_341' title='bbox 1405 2720 1526 2778; x_wconf 85' lang='lat' dir='ltr'>finietur:</span> 
     </span>
     <span class='ocr_line' id='line_1_29' title="bbox 94 2809 1529 2884; baseline 0.001 -18"><span class='ocrx_word' id='word_1_342' title='bbox 94 2817 161 2884; x_wconf 90' lang='lat' dir='ltr'>post</span> <span class='ocrx_word' id='word_1_343' title='bbox 182 2810 347 2867; x_wconf 87' lang='lat' dir='ltr'>commodati</span> <span class='ocrx_word' id='word_1_344' title='bbox 369 2827 403 2865; x_wconf 87' lang='lat' dir='ltr'>an</span> <span class='ocrx_word' id='word_1_345' title='bbox 422 2809 548 2880; x_wconf 85' lang='lat' dir='ltr'>Aquiliae</span> <span class='ocrx_word' id='word_1_346' title='bbox 566 2813 707 2865; x_wconf 72' lang='lat' dir='ltr'>remaneat</span> <span class='ocrx_word' id='word_1_347' title='bbox 724 2809 751 2864; x_wconf 94' lang='lat' dir='ltr'>in</span> <span class='ocrx_word' id='word_1_348' title='bbox 770 2824 817 2879; x_wconf 90' lang='lat' dir='ltr'>ec,</span> <span class='ocrx_word' id='word_1_349' title='bbox 842 2809 916 2879; x_wconf 90' lang='lat' dir='ltr'>quod</span> <span class='ocrx_word' id='word_1_350' title='bbox 933 2809 962 2864; x_wconf 93' lang='lat' dir='ltr'>in</span> <span class='ocrx_word' id='word_1_351' title='bbox 980 2809 1141 2878; x_wconf 89' lang='lat' dir='ltr'>repetitione</span> <span class='ocrx_word' id='word_1_352' title='bbox 1159 2810 1272 2880; x_wconf 68' lang='lat' dir='ltr'>triginta</span> <span class='ocrx_word' id='word_1_353' title='bbox 1289 2811 1393 2866; x_wconf 90' lang='lat' dir='ltr'>dierum</span> <span class='ocrx_word' id='word_1_354' title='bbox 1411 2812 1529 2881; x_wconf 90' lang='lat' dir='ltr'>emplius</span> 
     </span>
     <span class='ocr_line' id='line_1_30' title="bbox 94 2897 1526 2970; baseline -0.001 -14"><span class='ocrx_word' id='word_1_355' title='bbox 94 2903 153 2970; x_wconf 83' lang='lat' dir='ltr'>est,</span> <span class='ocrx_word' id='word_1_356' title='bbox 178 2899 331 2956; x_wconf 87' lang='lat' dir='ltr'>dubitatur:</span> <span class='ocrx_word' id='word_1_357' title='bbox 356 2898 405 2955; x_wconf 88' lang='lat' dir='ltr'>sed</span> <span class='ocrx_word' id='word_1_358' title='bbox 423 2900 515 2954; x_wconf 87' lang='lat' dir='ltr'>uerius</span> <span class='ocrx_word' id='word_1_359' title='bbox 534 2904 576 2953; x_wconf 89' lang='lat' dir='ltr'>est</span> <span class='ocrx_word' id='word_1_360' title='bbox 594 2913 747 2968; x_wconf 89' lang='lat' dir='ltr'>remanere,</span> <span class='ocrx_word' id='word_1_361' title='bbox 766 2899 830 2968; x_wconf 88' lang='lat' dir='ltr'>quia</span> <span class='ocrx_word' id='word_1_362' title='bbox 848 2899 946 2968; x_wconf 86' lang='lat' dir='ltr'>simple</span> <span class='ocrx_word' id='word_1_363' title='bbox 965 2897 1085 2954; x_wconf 79' lang='lat' dir='ltr'>accedit:</span> <span class='ocrx_word' id='word_1_364' title='bbox 1106 2897 1151 2954; x_wconf 75' lang='lat' dir='ltr'>et²</span> <span class='ocrx_word' id='word_1_365' title='bbox 1169 2899 1266 2969; x_wconf 88' lang='lat' dir='ltr'>simple</span> <span class='ocrx_word' id='word_1_366' title='bbox 1284 2899 1420 2956; x_wconf 90' lang='lat' dir='ltr'>subducto</span> <span class='ocrx_word' id='word_1_367' title='bbox 1437 2901 1526 2956; x_wconf 90' lang='lat' dir='ltr'>locum</span> 
     </span>
     <span class='ocr_line' id='line_1_31' title="bbox 94 2989 1574 3047; baseline 0 -1"><span class='ocrx_word' id='word_1_368' title='bbox 94 3005 152 3047; x_wconf 90' lang='lat' dir='ltr'>nen</span> <span class='ocrx_word' id='word_1_369' title='bbox 170 2989 262 3045; x_wconf 84' lang='lat' dir='ltr'>babet.</span> <span class='ocrx_word' id='word_1_370' title='bbox 549 3031 553 3040; x_wconf 89' lang='lat'>.</span> <span class='ocrx_word' id='word_1_371' title='bbox 1545 3007 1574 3046; x_wconf 89' lang='lat' dir='ltr'>sc</span> 
     </span>
    </p>

    <p class='ocr_par' dir='ltr' id='par_1_11' title="bbox 34 3073 1571 3160">
     <span class='ocr_line' id='line_1_32' title="bbox 34 3073 1571 3160; baseline -0.002 -25"><span class='ocrx_word' id='word_1_372' title='bbox 34 3083 76 3143; x_wconf 82' lang='lat'>35</span> <span class='ocrx_word' id='word_1_373' title='bbox 149 3079 228 3135; x_wconf 79' lang='lat' dir='ltr'>rnen</span> <span class='ocrx_word' id='word_1_374' title='bbox 249 3077 319 3134; x_wconf 93' lang='lat' dir='ltr'>librc</span> <span class='ocrx_word' id='word_1_375' title='bbox 342 3077 430 3148; x_wconf 89' lang='lat' dir='ltr'>prime</span> <span class='ocrx_word' id='word_1_376' title='bbox 453 3076 488 3132; x_wconf 91' lang='lat' dir='ltr'>ad</span> <span class='ocrx_word' id='word_1_377' title='bbox 512 3075 632 3132; x_wconf 88' lang='lat' dir='ltr'>edictum</span> <span class='ocrx_word' id='word_1_378' title='bbox 655 3074 797 3146; x_wconf 84' lang='lat' dir='ltr'>praeteris.</span> <span class='ocrx_word' id='word_1_379' title='bbox 834 3076 865 3130; x_wconf 91' lang='lat' dir='ltr'>ln</span> <span class='ocrx_word' id='word_1_380' title='bbox 889 3075 1039 3132; x_wconf 86' lang='lat' dir='ltr'>honerariis</span> <span class='ocrx_word' id='word_1_381' title='bbox 1062 3074 1215 3132; x_wconf 83' lang='lat' dir='ltr'>actionibus</span> <span class='ocrx_word' id='word_1_382' title='bbox 1235 3077 1274 3131; x_wconf 90' lang='lat' dir='ltr'>sic</span> <span class='ocrx_word' id='word_1_383' title='bbox 1291 3091 1353 3132; x_wconf 81' lang='lat' dir='ltr'>erse</span> <span class='ocrx_word' id='word_1_384' title='bbox 1370 3073 1526 3160; x_wconf 51' lang='lat' dir='ltr'>[ii-casses</span> <span class='ocrx_word' id='word_1_385' title='bbox 1544 3089 1571 3143; x_wconf 78' lang='grc' dir='ltr'><em>Ε</em></span> 
     </span>
    </p>

    <p class='ocr_par' dir='ltr' id='par_1_12' title="bbox 93 3164 1615 3684">
     <span class='ocr_line' id='line_1_33' title="bbox 94 3164 1525 3236; baseline -0.001 -12"><span class='ocrx_word' id='word_1_386' title='bbox 94 3166 281 3224; x_wconf 86' lang='lat' dir='ltr'>definiendum</span> <span class='ocrx_word' id='word_1_387' title='bbox 300 3167 413 3223; x_wconf 81' lang='lat' dir='ltr'>Cassius</span> <span class='ocrx_word' id='word_1_388' title='bbox 436 3167 487 3236; x_wconf 83' lang='lat' dir='ltr'>eit,</span> <span class='ocrx_word' id='word_1_389' title='bbox 512 3169 543 3220; x_wconf 88' lang='lat' dir='ltr'>ut</span> <span class='ocrx_word' id='word_1_390' title='bbox 566 3179 637 3234; x_wconf 82' lang='lat' dir='ltr'>quse</span> <span class='ocrx_word' id='word_1_391' title='bbox 661 3165 701 3220; x_wconf 89' lang='lat' dir='ltr'>rei</span> <span class='ocrx_word' id='word_1_392' title='bbox 719 3165 936 3236; x_wconf 89' lang='lat' dir='ltr'>persecutionem</span> <span class='ocrx_word' id='word_1_393' title='bbox 954 3164 1086 3234; x_wconf 75' lang='lat' dir='ltr'>habeant,</span> <span class='ocrx_word' id='word_1_394' title='bbox 1110 3164 1161 3220; x_wconf 85' lang='lat' dir='ltr'>hae</span> <span class='ocrx_word' id='word_1_395' title='bbox 1180 3166 1260 3221; x_wconf 84' lang='lat' dir='ltr'>etiam</span> <span class='ocrx_word' id='word_1_396' title='bbox 1279 3171 1342 3236; x_wconf 88' lang='lat' dir='ltr'>post</span> <span class='ocrx_word' id='word_1_397' title='bbox 1359 3183 1460 3222; x_wconf 90' lang='lat' dir='ltr'>annum</span> <span class='ocrx_word' id='word_1_398' title='bbox 1479 3167 1525 3223; x_wconf 87' lang='lat' dir='ltr'>da-</span> 
     </span>
     <span class='ocr_line' id='line_1_34' title="bbox 93 3253 1615 3328; baseline 0.001 -15"><span class='ocrx_word' id='word_1_399' title='bbox 93 3261 202 3328; x_wconf 88' lang='lat' dir='ltr'>rentur,</span> <span class='ocrx_word' id='word_1_400' title='bbox 226 3262 334 3312; x_wconf 79' lang='lat' dir='ltr'>ceterae</span> <span class='ocrx_word' id='word_1_401' title='bbox 354 3261 365 3318; x_wconf 87' lang='lat' dir='ltr'>ll</span> <span class='ocrx_word' id='word_1_402' title='bbox 383 3257 455 3312; x_wconf 88' lang='lat' dir='ltr'>intra</span> <span class='ocrx_word' id='word_1_403' title='bbox 479 3269 588 3310; x_wconf 85' lang='lat' dir='ltr'>conum.</span> <span class='ocrx_word' id='word_1_404' title='bbox 622 3254 783 3310; x_wconf 85' lang='lat' dir='ltr'>bonereriae</span> <span class='ocrx_word' id='word_1_405' title='bbox 804 3259 910 3324; x_wconf 88' lang='lat' dir='ltr'>autem,</span> <span class='ocrx_word' id='word_1_406' title='bbox 933 3268 1004 3323; x_wconf 92' lang='lat' dir='ltr'>quae</span> <span class='ocrx_word' id='word_1_407' title='bbox 1022 3259 1086 3324; x_wconf 91' lang='lat' dir='ltr'>post</span> <span class='ocrx_word' id='word_1_408' title='bbox 1103 3270 1203 3309; x_wconf 90' lang='lat' dir='ltr'>annum</span> <span class='ocrx_word' id='word_1_409' title='bbox 1222 3270 1277 3309; x_wconf 93' lang='lat' dir='ltr'>ncn</span> <span class='ocrx_word' id='word_1_410' title='bbox 1294 3253 1405 3325; x_wconf 89' lang='lat' dir='ltr'>dantur,</span> <span class='ocrx_word' id='word_1_411' title='bbox 1430 3271 1481 3312; x_wconf 88' lang='lat' dir='ltr'>nec</span> <span class='ocrx_word' id='word_1_412' title='bbox 1499 3257 1528 3312; x_wconf 87' lang='lat' dir='ltr'>in</span> <span class='ocrx_word' id='word_1_413' title='bbox 1543 3267 1615 3314; x_wconf 66' lang='lat' dir='ltr'>fele</span> 
     </span>
     <span class='ocr_line' id='line_1_35' title="bbox 94 3341 1527 3414; baseline -0.001 -12"><span class='ocrx_word' id='word_1_414' title='bbox 94 3346 224 3402; x_wconf 86' lang='lat' dir='ltr'>heredem</span> <span class='ocrx_word' id='word_1_415' title='bbox 248 3345 356 3402; x_wconf 73' lang='lat' dir='ltr'>dandae</span> <span class='ocrx_word' id='word_1_416' title='bbox 380 3349 457 3414; x_wconf 89' lang='lat' dir='ltr'>sunt,</span> <span class='ocrx_word' id='word_1_417' title='bbox 482 3349 513 3400; x_wconf 91' lang='lat' dir='ltr'>nt</span> <span class='ocrx_word' id='word_1_418' title='bbox 533 3349 626 3400; x_wconf 89' lang='lat' dir='ltr'>tamen</span> <span class='ocrx_word' id='word_1_419' title='bbox 644 3344 748 3398; x_wconf 89' lang='lat' dir='ltr'>lucrum</span> <span class='ocrx_word' id='word_1_420' title='bbox 767 3343 792 3398; x_wconf 93' lang='lat' dir='ltr'>ei</span> <span class='ocrx_word' id='word_1_421' title='bbox 811 3347 1017 3413; x_wconf 85' lang='lat' dir='ltr'>extorqueatur,</span> <span class='ocrx_word' id='word_1_422' title='bbox 1041 3343 1113 3398; x_wconf 92' lang='lat' dir='ltr'>sicut</span> <span class='ocrx_word' id='word_1_423' title='bbox 1129 3341 1161 3399; x_wconf 89' lang='lat' dir='ltr'>iit</span> <span class='ocrx_word' id='word_1_424' title='bbox 1178 3343 1206 3399; x_wconf 90' lang='lat' dir='ltr'>in</span> <span class='ocrx_word' id='word_1_425' title='bbox 1223 3343 1327 3400; x_wconf 75' lang='lat' dir='ltr'>actione</span> <span class='ocrx_word' id='word_1_426' title='bbox 1344 3344 1400 3400; x_wconf 91' lang='lat' dir='ltr'>doli</span> <span class='ocrx_word' id='word_1_427' title='bbox 1418 3345 1480 3400; x_wconf 84' lang='lat' dir='ltr'>mali</span> <span class='ocrx_word' id='word_1_428' title='bbox 1498 3348 1527 3400; x_wconf 91' lang='lat' dir='ltr'>et</span> 
     </span>
     <span class='ocr_line' id='line_1_36' title="bbox 93 3431 1573 3504; baseline 0 -13"><span class='ocrx_word' id='word_1_429' title='bbox 93 3435 242 3492; x_wconf 87' lang='lat' dir='ltr'>interdicto</span> <span class='ocrx_word' id='word_1_430' title='bbox 261 3433 333 3490; x_wconf 89' lang='lat' dir='ltr'>unde</span> <span class='ocrx_word' id='word_1_431' title='bbox 351 3435 380 3488; x_wconf 92' lang='lat' dir='ltr'>ui</span> <span class='ocrx_word' id='word_1_432' title='bbox 398 3440 426 3488; x_wconf 92' lang='lat' dir='ltr'>et</span> <span class='ocrx_word' id='word_1_433' title='bbox 443 3431 586 3488; x_wconf 89' lang='lat' dir='ltr'>similibus.</span> <span class='ocrx_word' id='word_1_434' title='bbox 616 3433 678 3488; x_wconf 90' lang='lat' dir='ltr'>illae</span> <span class='ocrx_word' id='word_1_435' title='bbox 697 3437 787 3487; x_wconf 85' lang='lat' dir='ltr'>eutem</span> <span class='ocrx_word' id='word_1_436' title='bbox 806 3433 845 3486; x_wconf 90' lang='lat' dir='ltr'>roi</span> <span class='ocrx_word' id='word_1_437' title='bbox 863 3431 1080 3502; x_wconf 87' lang='lat' dir='ltr'>persecutionem</span> <span class='ocrx_word' id='word_1_438' title='bbox 1099 3432 1252 3502; x_wconf 90' lang='lat' dir='ltr'>continent,</span> <span class='ocrx_word' id='word_1_439' title='bbox 1273 3432 1371 3502; x_wconf 87' lang='lat' dir='ltr'>quibus</span> <span class='ocrx_word' id='word_1_440' title='bbox 1388 3435 1526 3504; x_wconf 89' lang='lat' dir='ltr'>persequi·</span> <span class='ocrx_word' id='word_1_441' title='bbox 1545 3450 1573 3492; x_wconf 83' lang='lat' dir='ltr'>ea</span> 
     </span>
     <span class='ocr_line' id='line_1_37' title="bbox 94 3518 1526 3594; baseline -0.002 -14"><span class='ocrx_word' id='word_1_442' title='bbox 94 3541 157 3580; x_wconf 88' lang='lat' dir='ltr'>mor</span> <span class='ocrx_word' id='word_1_443' title='bbox 179 3525 254 3594; x_wconf 89' lang='lat' dir='ltr'>quod</span> <span class='ocrx_word' id='word_1_444' title='bbox 277 3537 312 3578; x_wconf 94' lang='lat' dir='ltr'>ex</span> <span class='ocrx_word' id='word_1_445' title='bbox 335 3523 498 3592; x_wconf 86' lang='lat' dir='ltr'>patrimonio</span> <span class='ocrx_word' id='word_1_446' title='bbox 523 3520 602 3577; x_wconf 90' lang='lat' dir='ltr'>nobis</span> <span class='ocrx_word' id='word_1_447' title='bbox 620 3518 713 3589; x_wconf 86' lang='lat' dir='ltr'>abest,</span> <span class='ocrx_word' id='word_1_448' title='bbox 737 3525 768 3577; x_wconf 92' lang='lat' dir='ltr'>ut</span> <span class='ocrx_word' id='word_1_449' title='bbox 786 3535 847 3576; x_wconf 90' lang='lat' dir='ltr'>eum</span> <span class='ocrx_word' id='word_1_450' title='bbox 867 3521 973 3590; x_wconf 80' lang='lat' dir='ltr'>agimus</span> <span class='ocrx_word' id='word_1_451' title='bbox 991 3534 1053 3575; x_wconf 89' lang='lat' dir='ltr'>curn</span> <span class='ocrx_word' id='word_1_452' title='bbox 1071 3519 1203 3576; x_wconf 90' lang='lat' dir='ltr'>bonorum</span> <span class='ocrx_word' id='word_1_453' title='bbox 1221 3536 1378 3591; x_wconf 91' lang='lat' dir='ltr'>possessore</span> <span class='ocrx_word' id='word_1_454' title='bbox 1396 3521 1526 3578; x_wconf 84' lang='lat' dir='ltr'>debitoris</span> 
     </span>
     <span class='ocr_line' id='line_1_38' title="bbox 95 3597 1525 3684; baseline -0.003 -15"><span class='ocrx_word' id='word_1_455' title='bbox 95 3613 196 3682; x_wconf 87' lang='lat' dir='ltr'>nostri,</span> <span class='ocrx_word' id='word_1_456' title='bbox 219 3613 285 3668; x_wconf 89' lang='lat' dir='ltr'>item</span> <span class='ocrx_word' id='word_1_457' title='bbox 304 3612 476 3681; x_wconf 84' lang='lat' dir='ltr'>Publiciene,</span> <span class='ocrx_word' id='word_1_458' title='bbox 499 3625 569 3680; x_wconf 88' lang='lat' dir='ltr'>quae</span> <span class='ocrx_word' id='word_1_459' title='bbox 590 3609 626 3665; x_wconf 86' lang='lat' dir='ltr'>ad</span> <span class='ocrx_word' id='word_1_460' title='bbox 644 3611 799 3680; x_wconf 89' lang='lat' dir='ltr'>exemplum</span> <span class='ocrx_word' id='word_1_461' title='bbox 818 3610 1010 3666; x_wconf 89' lang='lat' dir='ltr'>uindicationis</span> <span class='ocrx_word' id='word_1_462' title='bbox 1027 3608 1116 3664; x_wconf 83' lang='lat' dir='ltr'>detur.</span> <span class='ocrx_word' id='word_1_463' title='bbox 1148 3609 1197 3664; x_wconf 90' lang='lat' dir='ltr'>sed</span> <span class='ocrx_word' id='word_1_464' title='bbox 1215 3625 1276 3666; x_wconf 88' lang='lat' dir='ltr'>cum</span> <span class='ocrx_word' id='word_1_465' title='bbox 1294 3625 1335 3665; x_wconf 90' lang='lat' dir='ltr'>re·</span> <span class='ocrx_word' id='word_1_466' title='bbox 1354 3597 1525 3684; x_wconf 59' lang='lat' dir='ltr'>[fflt</span> 
     </span>
    </p>

    <p class='ocr_par' dir='ltr' id='par_1_13' title="bbox 62 3695 1572 3860">
     <span class='ocr_line' id='line_1_39' title="bbox 62 3695 1525 3783; baseline -0.003 -24"><span class='ocrx_word' id='word_1_467' title='bbox 62 3715 74 3759; x_wconf 92' lang='lat'>1</span> <span class='ocrx_word' id='word_1_468' title='bbox 95 3703 185 3760; x_wconf 78' lang='lat' dir='ltr'>scissa</span> <span class='ocrx_word' id='word_1_469' title='bbox 201 3701 370 3771; x_wconf 74' lang='lat' dir='ltr'>usucapione</span> <span class='ocrx_word' id='word_1_470' title='bbox 389 3700 519 3769; x_wconf 88' lang='lat' dir='ltr'>redditur,</span> <span class='ocrx_word' id='word_1_471' title='bbox 538 3714 610 3754; x_wconf 90' lang='lat' dir='ltr'>anno</span> <span class='ocrx_word' id='word_1_472' title='bbox 629 3695 728 3767; x_wconf 84' lang='lat' dir='ltr'>finitur,</span> <span class='ocrx_word' id='word_1_473' title='bbox 747 3699 812 3768; x_wconf 90' lang='lat' dir='ltr'>quia</span> <span class='ocrx_word' id='word_1_474' title='bbox 830 3705 926 3755; x_wconf 91' lang='lat' dir='ltr'>contra</span> <span class='ocrx_word' id='word_1_475' title='bbox 940 3700 982 3754; x_wconf 91' lang='lat' dir='ltr'>ius</span> <span class='ocrx_word' id='word_1_476' title='bbox 995 3699 1075 3754; x_wconf 90' lang='lat' dir='ltr'>ciuile</span> <span class='ocrx_word' id='word_1_477' title='bbox 1087 3698 1175 3754; x_wconf 81' lang='lat' dir='ltr'>datur.</span> <span class='ocrx_word' id='word_1_478' title='bbox 1202 3700 1233 3754; x_wconf 89' lang='lat' dir='ltr'>ln</span> <span class='ocrx_word' id='word_1_479' title='bbox 1246 3699 1405 3755; x_wconf 88' lang='lat' dir='ltr'>duumuiros</span> <span class='ocrx_word' id='word_1_480' title='bbox 1422 3696 1525 3783; x_wconf 59' lang='grc' dir='ltr'>[(Ῥῆᾗ)</span> 
     </span>
     <span class='ocr_line' id='line_1_40' title="bbox 95 3787 1572 3860; baseline -0.001 -12"><span class='ocrx_word' id='word_1_481' title='bbox 95 3799 127 3848; x_wconf 86' lang='lat' dir='ltr'>et</span> <span class='ocrx_word' id='word_1_482' title='bbox 148 3807 206 3847; x_wconf 89' lang='lat' dir='ltr'>rem</span> <span class='ocrx_word' id='word_1_483' title='bbox 230 3788 367 3860; x_wconf 80' lang='lat' dir='ltr'>publicem</span> <span class='ocrx_word' id='word_1_484' title='bbox 386 3791 469 3846; x_wconf 84' lang='lat' dir='ltr'>etiem</span> <span class='ocrx_word' id='word_1_485' title='bbox 487 3792 552 3859; x_wconf 89' lang='lat' dir='ltr'>post</span> <span class='ocrx_word' id='word_1_486' title='bbox 569 3803 669 3843; x_wconf 77' lang='lat' dir='ltr'>annum</span> <span class='ocrx_word' id='word_1_487' title='bbox 688 3788 760 3843; x_wconf 89' lang='lat' dir='ltr'>actio</span> <span class='ocrx_word' id='word_1_488' title='bbox 778 3787 860 3844; x_wconf 87' lang='lat' dir='ltr'>datur</span> <span class='ocrx_word' id='word_1_489' title='bbox 876 3803 911 3843; x_wconf 84' lang='lat' dir='ltr'>ex</span> <span class='ocrx_word' id='word_1_490' title='bbox 929 3791 1069 3844; x_wconf 83' lang='lat' dir='ltr'>contrecto</span> <span class='ocrx_word' id='word_1_491' title='bbox 1087 3788 1295 3857; x_wconf 69' lang='lat' dir='ltr'>magistratuum</span> <span class='ocrx_word' id='word_1_492' title='bbox 1314 3789 1524 3857; x_wconf 78' lang='lat' dir='ltr'>municipalium.</span> <span class='ocrx_word' id='word_1_493' title='bbox 1544 3805 1572 3846; x_wconf 81' lang='lat' dir='ltr'>sc</span> 
     </span>
    </p>

    <p class='ocr_par' dir='ltr' id='par_1_14' title="bbox 35 3873 1569 3960">
     <span class='ocr_line' id='line_1_41' title="bbox 35 3873 1569 3960; baseline -0.001 -24"><span class='ocrx_word' id='word_1_494' title='bbox 35 3879 77 3939; x_wconf 82' lang='grc'>36</span> <span class='ocrx_word' id='word_1_495' title='bbox 150 3879 302 3937; x_wconf 79' lang='lat' dir='ltr'>Unrrnuus</span> <span class='ocrx_word' id='word_1_496' title='bbox 319 3878 388 3934; x_wconf 88' lang='lat' dir='ltr'>libro</span> <span class='ocrx_word' id='word_1_497' title='bbox 406 3878 528 3934; x_wconf 87' lang='lat' dir='ltr'>secunde</span> <span class='ocrx_word' id='word_1_498' title='bbox 545 3877 581 3933; x_wconf 85' lang='lat' dir='ltr'>ad</span> <span class='ocrx_word' id='word_1_499' title='bbox 593 3875 722 3932; x_wconf 86' lang='lat' dir='ltr'>edietum.</span> <span class='ocrx_word' id='word_1_500' title='bbox 750 3876 848 3933; x_wconf 80' lang='lat' dir='ltr'>Cessat</span> <span class='ocrx_word' id='word_1_501' title='bbox 860 3877 1009 3946; x_wconf 80' lang='lat' dir='ltr'>ignominia</span> <span class='ocrx_word' id='word_1_502' title='bbox 1020 3877 1047 3932; x_wconf 93' lang='lat' dir='ltr'>in</span> <span class='ocrx_word' id='word_1_503' title='bbox 1060 3891 1122 3931; x_wconf 89' lang='lat' dir='ltr'>ecn-</span> <span class='ocrx_word' id='word_1_504' title='bbox 1142 3873 1524 3960; x_wconf 55' lang='lat' dir='ltr'>[e}}c‚’r&#39;‚“ees&#39;e&#39;ffie]ir‚*s‘e</span> <span class='ocrx_word' id='word_1_505' title='bbox 1541 3888 1569 3943; x_wconf 76' lang='grc' dir='ltr'><em>Ε</em></span> 
     </span>
    </p>

    <p class='ocr_par' dir='ltr' id='par_1_15' title="bbox 94 3965 871 4039">
     <span class='ocr_line' id='line_1_42' title="bbox 94 3965 871 4039; baseline -0.008 -13"><span class='ocrx_word' id='word_1_506' title='bbox 94 3967 271 4039; x_wconf 80' lang='lat' dir='ltr'>diotiombus,</span> <span class='ocrx_word' id='word_1_507' title='bbox 290 3969 416 4038; x_wconf 87' lang='lat' dir='ltr'>quamuis</span> <span class='ocrx_word' id='word_1_508' title='bbox 435 3982 469 4023; x_wconf 93' lang='lat' dir='ltr'>ex</span> <span class='ocrx_word' id='word_1_509' title='bbox 487 3966 599 4022; x_wconf 89' lang='lat' dir='ltr'>ismcsis</span> <span class='ocrx_word' id='word_1_510' title='bbox 617 3967 709 4022; x_wconf 85' lang='lat' dir='ltr'>osusis</span> <span class='ocrx_word' id='word_1_511' title='bbox 726 3965 871 4036; x_wconf 76' lang='lat' dir='ltr'>pendeant.</span> 
     </span>
    </p>
   </div>
   <div class='ocr_carea' id='block_1_6' title="bbox 95 4066 608 4271">
    <p class='ocr_par' dir='ltr' id='par_1_16' title="bbox 95 4066 608 4271">
     <span class='ocr_line' id='line_1_43' title="bbox 95 4066 291 4134; baseline 0 -12"><span class='ocrx_word' id='word_1_512' title='bbox 95 4066 291 4134; x_wconf 62' lang='lat' dir='ltr'>minuce)</span> 
     </span>
     <span class='ocr_line' id='line_1_44' title="bbox 96 4190 608 4271; baseline -0.006 -25"><span class='ocrx_word' id='word_1_513' title='bbox 96 4196 105 4228; x_wconf 88' lang='lat'>¹</span> <span class='ocrx_word' id='word_1_514' title='bbox 126 4190 189 4261; x_wconf 90' lang='lat' dir='ltr'>hoe]</span> <span class='ocrx_word' id='word_1_515' title='bbox 206 4191 323 4260; x_wconf 84' lang='lat' dir='ltr'>postea?</span> <span class='ocrx_word' id='word_1_516' title='bbox 392 4190 451 4244; x_wconf 78' lang='lat' dir='ltr'>’ct</span> <span class='ocrx_word' id='word_1_517' title='bbox 468 4191 515 4244; x_wconf 74' lang='lat' dir='ltr'>del.</span> <span class='ocrx_word' id='word_1_518' title='bbox 532 4191 567 4271; x_wconf 71' lang='lat' dir='ltr'>(o.</span> <span class='ocrx_word' id='word_1_519' title='bbox 581 4192 608 4256; x_wconf 80' lang='grc' dir='ltr'>ι’.)</span> 
     </span>
    </p>
   </div>
   <div class='ocr_carea' id='block_1_7' title="bbox 94 4283 521 4294">
    <p class='ocr_par' dir='ltr' id='par_1_17' title="bbox 94 4283 521 4294">
     <span class='ocr_line' id='line_1_45' title="bbox 94 4283 521 4294; baseline -0.007 -2"><span class='ocrx_word' id='word_1_520' title='bbox 94 4285 198 4294; x_wconf 57' lang='lat' dir='ltr'>...m-..-</span> <span class='ocrx_word' id='word_1_521' title='bbox 205 4283 272 4289; x_wconf 65' lang='lat'><em>—.-.</em></span> <span class='ocrx_word' id='word_1_522' title='bbox 282 4283 521 4289; x_wconf 44' lang='lat' dir='ltr'>u——u-——u-</span> 
     </span>
    </p>
   </div>
   <div class='ocr_carea' id='block_1_8' title="bbox 95 4321 1617 5108">
    <p class='ocr_par' dir='ltr' id='par_1_18' title="bbox 95 4321 1617 5108">
     <span class='ocr_line' id='line_1_46' title="bbox 97 4321 1525 4396; baseline -0.002 -17"><span class='ocrx_word' id='word_1_523' title='bbox 97 4322 321 4392; x_wconf 88' lang='lat' dir='ltr'>li&#39;i&#39;mpessibili</span> <span class='ocrx_word' id='word_1_524' title='bbox 334 4322 370 4376; x_wconf 72' lang='lat' dir='ltr'>F*</span> <span class='ocrx_word' id='word_1_525' title='bbox 415 4321 604 4378; x_wconf 68' lang='lat' dir='ltr'>ieendicicne</span> <span class='ocrx_word' id='word_1_526' title='bbox 617 4323 652 4375; x_wconf 60' lang='grc' dir='ltr'>ΡΙ</span> <span class='ocrx_word' id='word_1_527' title='bbox 698 4321 786 4378; x_wconf 76' lang='lat' dir='ltr'>&#39;lber-</span> <span class='ocrx_word' id='word_1_528' title='bbox 839 4323 932 4378; x_wconf 88' lang='lat' dir='ltr'>uerius</span> <span class='ocrx_word' id='word_1_529' title='bbox 944 4327 988 4378; x_wconf 90' lang='lat' dir='ltr'>est</span> <span class='ocrx_word' id='word_1_530' title='bbox 999 4337 1139 4379; x_wconf 78' lang='lat' dir='ltr'>remanere</span> <span class='ocrx_word' id='word_1_531' title='bbox 1150 4323 1212 4396; x_wconf 77' lang='lat' dir='ltr'>sep]</span> <span class='ocrx_word' id='word_1_532' title='bbox 1222 4326 1285 4377; x_wconf 80' lang='lat' dir='ltr'>idem</span> <span class='ocrx_word' id='word_1_533' title='bbox 1297 4325 1407 4394; x_wconf 81' lang='lat' dir='ltr'>leperunt</span> <span class='ocrx_word' id='word_1_534' title='bbox 1417 4323 1525 4378; x_wconf 81' lang='lat' dir='ltr'>Graeci:</span> 
     </span>
     <span class='ocr_line' id='line_1_47' title="bbox 96 4393 1525 4467; baseline -0.003 -15"><span class='ocrx_word' id='word_1_535' title='bbox 96 4395 277 4452; x_wconf 74' lang='lat' dir='ltr'>mucculentis</span> <span class='ocrx_word' id='word_1_536' title='bbox 296 4395 321 4447; x_wconf 82' lang='lat' dir='ltr'><em>F</em></span> <span class='ocrx_word' id='word_1_537' title='bbox 376 4395 528 4448; x_wconf 65' lang='lat' dir='ltr'>8e*ue⁴uit</span> <span class='ocrx_word' id='word_1_538' title='bbox 545 4395 582 4447; x_wconf 68' lang='grc' dir='ltr'><strong><em>Ρ</em></strong></span> <span class='ocrx_word' id='word_1_539' title='bbox 644 4395 676 4448; x_wconf 91' lang='grc'>11</span> <span class='ocrx_word' id='word_1_540' title='bbox 698 4398 786 4449; x_wconf 82' lang='lat' dir='ltr'>trene-</span> <span class='ocrx_word' id='word_1_541' title='bbox 840 4393 878 4448; x_wconf 83' lang='lat' dir='ltr'>&#39;eni</span> <span class='ocrx_word' id='word_1_542' title='bbox 897 4397 1067 4467; x_wconf 79' lang='grc' dir='ltr'>τῷπεριττῷ</span> <span class='ocrx_word' id='word_1_543' title='bbox 1087 4395 1194 4450; x_wconf 76' lang='grc' dir='ltr'>εώιετιιι</span> <span class='ocrx_word' id='word_1_544' title='bbox 1218 4395 1244 4448; x_wconf 87' lang='grc' dir='ltr'><strong><em>Β</em></strong></span> <span class='ocrx_word' id='word_1_545' title='bbox 1263 4395 1385 4459; x_wconf 82' lang='grc' dir='ltr'>(Διιοιι.),</span> <span class='ocrx_word' id='word_1_546' title='bbox 1403 4413 1448 4448; x_wconf 82' lang='lat' dir='ltr'>nee</span> <span class='ocrx_word' id='word_1_547' title='bbox 1463 4402 1525 4464; x_wconf 80' lang='lat' dir='ltr'>puto</span> 
     </span>
     <span class='ocr_line' id='line_1_48' title="bbox 95 4463 1525 4538; baseline -0.003 -14"><span class='ocrx_word' id='word_1_548' title='bbox 95 4467 263 4535; x_wconf 58' lang='lat' dir='ltr'>missxmlii</span> <span class='ocrx_word' id='word_1_549' title='bbox 280 4465 422 4520; x_wconf 86' lang='lat' dir='ltr'>remissam</span> <span class='ocrx_word' id='word_1_550' title='bbox 439 4463 480 4529; x_wconf 75' lang='lat'>1⁷⁶,</span> <span class='ocrx_word' id='word_1_551' title='bbox 498 4465 639 4520; x_wconf 81' lang='lat' dir='ltr'>remissurn</span> <span class='ocrx_word' id='word_1_552' title='bbox 652 4480 707 4521; x_wconf 91' lang='lat' dir='ltr'>nen</span> <span class='ocrx_word' id='word_1_553' title='bbox 718 4465 750 4520; x_wconf 87' lang='lat' dir='ltr'><em>X</em></span> <span class='ocrx_word' id='word_1_554' title='bbox 753 4463 787 4520; x_wconf 72' lang='lat'>1¹⁵</span> <span class='ocrx_word' id='word_1_555' title='bbox 840 4470 968 4522; x_wconf 68' lang='lat' dir='ltr'>teutonem</span> <span class='ocrx_word' id='word_1_556' title='bbox 985 4469 1178 4530; x_wconf 60' lang='lat' dir='ltr'>amiciendam,</span> <span class='ocrx_word' id='word_1_557' title='bbox 1196 4473 1247 4519; x_wconf 76' lang='lat' dir='ltr'>nisi</span> <span class='ocrx_word' id='word_1_558' title='bbox 1264 4467 1333 4536; x_wconf 84' lang='lat' dir='ltr'>qnod</span> <span class='ocrx_word' id='word_1_559' title='bbox 1343 4469 1433 4538; x_wconf 79' lang='lat' dir='ltr'>copulo</span> <span class='ocrx_word' id='word_1_560' title='bbox 1445 4466 1525 4519; x_wconf 64' lang='lat' dir='ltr'>alno</span> 
     </span>
     <span class='ocr_line' id='line_1_49' title="bbox 95 4535 1526 4608; baseline -0.001 -14"><span class='ocrx_word' id='word_1_561' title='bbox 95 4539 183 4594; x_wconf 75' lang='lat' dir='ltr'>Moe</span> <span class='ocrx_word' id='word_1_562' title='bbox 235 4538 270 4592; x_wconf 81' lang='lat'>12</span> <span class='ocrx_word' id='word_1_563' title='bbox 287 4553 350 4592; x_wconf 87' lang='lat' dir='ltr'>eum</span> <span class='ocrx_word' id='word_1_564' title='bbox 369 4537 486 4606; x_wconf 69' lang='lat' dir='ltr'>monuo]</span> <span class='ocrx_word' id='word_1_565' title='bbox 509 4535 652 4592; x_wconf 77' lang='lat' dir='ltr'>Xi&#39;dloe</span> <span class='ocrx_word' id='word_1_566' title='bbox 670 4557 727 4592; x_wconf 83' lang='lat' dir='ltr'>eum</span> <span class='ocrx_word' id='word_1_567' title='bbox 743 4537 787 4592; x_wconf 88' lang='lat' dir='ltr'>B:</span> <span class='ocrx_word' id='word_1_568' title='bbox 840 4539 899 4592; x_wconf 83' lang='lat' dir='ltr'>dot:</span> <span class='ocrx_word' id='word_1_569' title='bbox 923 4557 982 4593; x_wconf 85' lang='lat' dir='ltr'>nom</span> <span class='ocrx_word' id='word_1_570' title='bbox 1004 4539 1141 4593; x_wconf 82' lang='lat' dir='ltr'>subducere</span> <span class='ocrx_word' id='word_1_571' title='bbox 1163 4539 1234 4608; x_wconf 79' lang='lat' dir='ltr'>opud</span> <span class='ocrx_word' id='word_1_572' title='bbox 1256 4543 1371 4592; x_wconf 74' lang='lat' dir='ltr'>curterse</span> <span class='ocrx_word' id='word_1_573' title='bbox 1394 4556 1444 4590; x_wconf 82' lang='lat' dir='ltr'>non</span> <span class='ocrx_word' id='word_1_574' title='bbox 1464 4540 1526 4592; x_wconf 85' lang='lat' dir='ltr'>sciet</span> 
     </span>
     <span class='ocr_line' id='line_1_50' title="bbox 96 4606 1526 4681; baseline -0.001 -15"><span class='ocrx_word' id='word_1_575' title='bbox 96 4613 138 4666; x_wconf 72' lang='lat' dir='ltr'>(bc</span> <span class='ocrx_word' id='word_1_576' title='bbox 156 4609 356 4681; x_wconf 70' lang='lat' dir='ltr'>upcueriptscrc</span> <span class='ocrx_word' id='word_1_577' title='bbox 375 4607 517 4672; x_wconf 77' lang='grc' dir='ltr'>[ειιοιιὲιιιιι</span> <span class='ocrx_word' id='word_1_578' title='bbox 530 4607 786 4672; x_wconf 59' lang='lat' dir='ltr'>sustentaturi·</span> <span class='ocrx_word' id='word_1_579' title='bbox 839 4618 962 4680; x_wconf 81' lang='lat' dir='ltr'>usurpari</span> <span class='ocrx_word' id='word_1_580' title='bbox 979 4611 1010 4664; x_wconf 79' lang='lat' dir='ltr'>de</span> <span class='ocrx_word' id='word_1_581' title='bbox 1028 4628 1056 4663; x_wconf 86' lang='lat' dir='ltr'>ao</span> <span class='ocrx_word' id='word_1_582' title='bbox 1074 4609 1143 4680; x_wconf 83' lang='lat' dir='ltr'>quod</span> <span class='ocrx_word' id='word_1_583' title='bbox 1160 4615 1196 4662; x_wconf 80' lang='lat' dir='ltr'>est</span> <span class='ocrx_word' id='word_1_584' title='bbox 1210 4606 1335 4678; x_wconf 74' lang='lat' dir='ltr'>iderpeiu,</span> <span class='ocrx_word' id='word_1_585' title='bbox 1355 4609 1423 4680; x_wconf 80' lang='lat' dir='ltr'>quod</span> <span class='ocrx_word' id='word_1_586' title='bbox 1434 4607 1526 4664; x_wconf 80' lang='lat' dir='ltr'>Latine</span> 
     </span>
     <span class='ocr_line' id='line_1_51' title="bbox 97 4679 1526 4750; baseline -0.002 -13"><span class='ocrx_word' id='word_1_587' title='bbox 97 4699 202 4745; x_wconf 67' lang='lat' dir='ltr'>auree,</span> <span class='ocrx_word' id='word_1_588' title='bbox 222 4695 257 4736; x_wconf 84' lang='lat' dir='ltr'>eu</span> <span class='ocrx_word' id='word_1_589' title='bbox 275 4685 382 4736; x_wconf 84' lang='lat' dir='ltr'>mortuo</span> <span class='ocrx_word' id='word_1_590' title='bbox 397 4680 438 4745; x_wconf 73' lang='lat' dir='ltr'>F‘,</span> <span class='ocrx_word' id='word_1_591' title='bbox 457 4684 609 4736; x_wconf 85' lang='lat' dir='ltr'>eomortuo</span> <span class='ocrx_word' id='word_1_592' title='bbox 622 4679 658 4733; x_wconf 70' lang='lat' dir='ltr'>F*</span> <span class='ocrx_word' id='word_1_593' title='bbox 706 4680 739 4734; x_wconf 88' lang='grc'>13</span> <span class='ocrx_word' id='word_1_594' title='bbox 752 4679 787 4734; x_wconf 85' lang='lat' dir='ltr'>de</span> <span class='ocrx_word' id='word_1_595' title='bbox 839 4682 903 4736; x_wconf 84' lang='lat' dir='ltr'>solet</span> <span class='ocrx_word' id='word_1_596' title='bbox 919 4699 971 4735; x_wconf 83' lang='lat' dir='ltr'>esee</span> <span class='ocrx_word' id='word_1_597' title='bbox 989 4681 1117 4744; x_wconf 68' lang='lat' dir='ltr'>demae,</span> <span class='ocrx_word' id='word_1_598' title='bbox 1136 4687 1224 4734; x_wconf 81' lang='lat' dir='ltr'>contro</span> <span class='ocrx_word' id='word_1_599' title='bbox 1240 4699 1291 4734; x_wconf 81' lang='lat' dir='ltr'>non</span> <span class='ocrx_word' id='word_1_600' title='bbox 1308 4698 1370 4734; x_wconf 85' lang='lat' dir='ltr'>roro</span> <span class='ocrx_word' id='word_1_601' title='bbox 1387 4686 1526 4750; x_wconf 62' lang='lat' dir='ltr'>mimum</span> 
     </span>
     <span class='ocr_line' id='line_1_52' title="bbox 96 4751 1524 4824; baseline -0.001 -16"><span class='ocrx_word' id='word_1_602' title='bbox 96 4773 147 4808; x_wconf 81' lang='lat' dir='ltr'>om.</span> <span class='ocrx_word' id='word_1_603' title='bbox 161 4753 187 4805; x_wconf 81' lang='lat' dir='ltr'><em>F</em></span> <span class='ocrx_word' id='word_1_604' title='bbox 236 4752 269 4807; x_wconf 81' lang='lat'>14</span> <span class='ocrx_word' id='word_1_605' title='bbox 288 4755 416 4807; x_wconf 78' lang='lat' dir='ltr'>uetuerat</span> <span class='ocrx_word' id='word_1_606' title='bbox 434 4752 468 4804; x_wconf 57' lang='grc' dir='ltr'>ΡΙ</span> <span class='ocrx_word' id='word_1_607' title='bbox 489 4755 495 4818; x_wconf 80' lang='lat' dir='ltr'>l</span> <span class='ocrx_word' id='word_1_608' title='bbox 514 4757 543 4806; x_wconf 85' lang='lat' dir='ltr'>et</span> <span class='ocrx_word' id='word_1_609' title='bbox 553 4751 599 4805; x_wconf 69' lang='lat' dir='ltr'>*in*</span> <span class='ocrx_word' id='word_1_610' title='bbox 612 4751 739 4820; x_wconf 84' lang='lat' dir='ltr'>aquiliam</span> <span class='ocrx_word' id='word_1_611' title='bbox 758 4756 787 4806; x_wconf 87' lang='lat' dir='ltr'>et</span> <span class='ocrx_word' id='word_1_612' title='bbox 840 4753 871 4806; x_wconf 82' lang='lat' dir='ltr'>de</span> <span class='ocrx_word' id='word_1_613' title='bbox 883 4770 911 4806; x_wconf 83' lang='lat' dir='ltr'>so</span> <span class='ocrx_word' id='word_1_614' title='bbox 924 4753 993 4824; x_wconf 82' lang='lat' dir='ltr'>quod</span> <span class='ocrx_word' id='word_1_615' title='bbox 1004 4758 1040 4806; x_wconf 83' lang='lat' dir='ltr'>est</span> <span class='ocrx_word' id='word_1_616' title='bbox 1053 4751 1215 4814; x_wconf 70' lang='lat' dir='ltr'>crtborizeru.</span> <span class='ocrx_word' id='word_1_617' title='bbox 1238 4753 1334 4806; x_wconf 83' lang='lat' dir='ltr'>scilieet</span> <span class='ocrx_word' id='word_1_618' title='bbox 1345 4753 1392 4806; x_wconf 82' lang='lat' dir='ltr'>boo</span> <span class='ocrx_word' id='word_1_619' title='bbox 1404 4759 1442 4806; x_wconf 86' lang='lat' dir='ltr'>uit</span> <span class='ocrx_word' id='word_1_620' title='bbox 1454 4751 1524 4806; x_wconf 83' lang='lat' dir='ltr'>Pou-</span> 
     </span>
     <span class='ocr_line' id='line_1_53' title="bbox 95 4821 1524 4894; baseline -0.002 -15"><span class='ocrx_word' id='word_1_621' title='bbox 95 4824 292 4880; x_wconf 54' lang='lat' dir='ltr'>*inffletionem</span> <span class='ocrx_word' id='word_1_622' title='bbox 311 4825 349 4877; x_wconf 65' lang='lat'>1³2</span> <span class='ocrx_word' id='word_1_623' title='bbox 396 4823 431 4878; x_wconf 84' lang='lat'>15</span> <span class='ocrx_word' id='word_1_624' title='bbox 448 4827 598 4892; x_wconf 58' lang='lat' dir='ltr'>tritaeque⁴</span> <span class='ocrx_word' id='word_1_625' title='bbox 612 4821 648 4874; x_wconf 73' lang='grc' dir='ltr'><strong>Ρ</strong></span> <span class='ocrx_word' id='word_1_626' title='bbox 696 4823 730 4876; x_wconf 88' lang='grc'>18</span> <span class='ocrx_word' id='word_1_627' title='bbox 747 4822 786 4876; x_wconf 90' lang='lat' dir='ltr'>in·</span> <span class='ocrx_word' id='word_1_628' title='bbox 840 4826 878 4878; x_wconf 79' lang='lat' dir='ltr'>lut</span> <span class='ocrx_word' id='word_1_629' title='bbox 896 4823 939 4877; x_wconf 84' lang='lat' dir='ltr'>ubi</span> <span class='ocrx_word' id='word_1_630' title='bbox 958 4824 1037 4876; x_wconf 82' lang='lat' dir='ltr'>iudici</span> <span class='ocrx_word' id='word_1_631' title='bbox 1053 4829 1193 4878; x_wconf 81' lang='lat' dir='ltr'>constiterit</span> <span class='ocrx_word' id='word_1_632' title='bbox 1203 4825 1524 4894; x_wconf 80' lang='lat' dir='ltr'>domnumpetitcriuasti-</span> 
     </span>
     <span class='ocr_line' id='line_1_54' title="bbox 96 4893 1617 4965; baseline -0.002 -13"><span class='ocrx_word' id='word_1_633' title='bbox 96 4895 237 4952; x_wconf 68' lang='lat' dir='ltr'>*bibenda</span> <span class='ocrx_word' id='word_1_634' title='bbox 250 4895 287 4948; x_wconf 84' lang='lat' dir='ltr'>F’</span> <span class='ocrx_word' id='word_1_635' title='bbox 333 4896 365 4950; x_wconf 90' lang='grc'>19</span> <span class='ocrx_word' id='word_1_636' title='bbox 378 4893 600 4958; x_wconf 63' lang='lat' dir='ltr'>rationabilibus</span> <span class='ocrx_word' id='word_1_637' title='bbox 614 4894 650 4946; x_wconf 77' lang='lat' dir='ltr'>F³</span> <span class='ocrx_word' id='word_1_638' title='bbox 693 4895 727 4948; x_wconf 81' lang='lat'>21</span> <span class='ocrx_word' id='word_1_639' title='bbox 741 4909 787 4948; x_wconf 83' lang='lat' dir='ltr'>ex·</span> <span class='ocrx_word' id='word_1_640' title='bbox 840 4895 959 4948; x_wconf 76' lang='lat' dir='ltr'>mandam</span> <span class='ocrx_word' id='word_1_641' title='bbox 977 4912 1030 4948; x_wconf 80' lang='lat' dir='ltr'>ecoe</span> <span class='ocrx_word' id='word_1_642' title='bbox 1048 4902 1075 4947; x_wconf 81' lang='lat' dir='ltr'>iu</span> <span class='ocrx_word' id='word_1_643' title='bbox 1091 4895 1216 4965; x_wconf 83' lang='lat' dir='ltr'>simplum,</span> <span class='ocrx_word' id='word_1_644' title='bbox 1233 4913 1304 4948; x_wconf 84' lang='lat' dir='ltr'>reum</span> <span class='ocrx_word' id='word_1_645' title='bbox 1322 4895 1420 4948; x_wconf 78' lang='lat' dir='ltr'>absolut</span> <span class='ocrx_word' id='word_1_646' title='bbox 1437 4894 1525 4950; x_wconf 82' lang='lat' dir='ltr'>debere</span> <span class='ocrx_word' id='word_1_647' title='bbox 1615 4927 1617 4931; x_wconf 36' lang='grc' dir='ltr'><strong>ν</strong></span> 
     </span>
     <span class='ocr_line' id='line_1_55' title="bbox 96 4964 1532 5037; baseline -0.003 -15"><span class='ocrx_word' id='word_1_648' title='bbox 96 4967 188 5037; x_wconf 80' lang='lat' dir='ltr'>sequi]</span> <span class='ocrx_word' id='word_1_649' title='bbox 202 4966 245 5031; x_wconf 69' lang='grc' dir='ltr'>Ρ,</span> <span class='ocrx_word' id='word_1_650' title='bbox 257 4967 388 5035; x_wconf 84' lang='lat' dir='ltr'>consequi</span> <span class='ocrx_word' id='word_1_651' title='bbox 403 4967 437 5020; x_wconf 71' lang='grc' dir='ltr'><strong><em>Ρ</em></strong></span> <span class='ocrx_word' id='word_1_652' title='bbox 472 4965 787 5021; x_wconf 61' lang='lat' dir='ltr'>tremescentem</span> <span class='ocrx_word' id='word_1_653' title='bbox 840 4965 874 5020; x_wconf 85' lang='lat'>31</span> <span class='ocrx_word' id='word_1_654' title='bbox 892 4964 1026 5034; x_wconf 81' lang='lat' dir='ltr'>praetoris</span> <span class='ocrx_word' id='word_1_655' title='bbox 1044 4965 1090 5019; x_wconf 82' lang='lat' dir='ltr'>det</span> <span class='ocrx_word' id='word_1_656' title='bbox 1103 4965 1141 5018; x_wconf 82' lang='lat' dir='ltr'>F²</span> <span class='ocrx_word' id='word_1_657' title='bbox 1195 4965 1231 5020; x_wconf 81' lang='lat'>34</span> <span class='ocrx_word' id='word_1_658' title='bbox 1248 4964 1425 5020; x_wconf 81' lang='lat' dir='ltr'>actionemF</span> <span class='ocrx_word' id='word_1_659' title='bbox 1528 4973 1532 4981; x_wconf 89' lang='grc'><strong><em>·</em></strong></span> 
     </span>
     <span class='ocr_line' id='line_1_56' title="bbox 96 5035 788 5108; baseline -0.006 -12"><span class='ocrx_word' id='word_1_660' title='bbox 96 5039 134 5096; x_wconf 73' lang='lat'>23</span> <span class='ocrx_word' id='word_1_661' title='bbox 150 5037 237 5096; x_wconf 89' lang='lat' dir='ltr'>tetius</span> <span class='ocrx_word' id='word_1_662' title='bbox 250 5039 286 5092; x_wconf 63' lang='grc' dir='ltr'>ΓΙ</span> <span class='ocrx_word' id='word_1_663' title='bbox 332 5039 367 5094; x_wconf 79' lang='lat'>28</span> <span class='ocrx_word' id='word_1_664' title='bbox 386 5036 517 5108; x_wconf 87' lang='lat' dir='ltr'>squilia‘e&#39;</span> <span class='ocrx_word' id='word_1_665' title='bbox 531 5052 596 5094; x_wconf 88' lang='lat' dir='ltr'>rem.</span> <span class='ocrx_word' id='word_1_666' title='bbox 610 5037 647 5090; x_wconf 74' lang='lat' dir='ltr'>ps</span> <span class='ocrx_word' id='word_1_667' title='bbox 691 5035 788 5092; x_wconf 74' lang='lat' dir='ltr'>iltsed</span> 
     </span>
    </p>
   </div>
   <div class='ocr_carea' id='block_1_9' title="bbox 0 0 1811 5460">
    <p class='ocr_par' dir='ltr' id='par_1_19' title="bbox 0 0 1811 5460">
     <span class='ocr_line' id='line_1_57' title="bbox 0 0 1811 5460; baseline 0 0"><span class='ocrx_word' id='word_1_668' title='bbox 0 0 1811 5460; x_wconf 95' lang='lat' dir='ltr'> </span> 
     </span>
    </p>
   </div>
  </div>
 </body>
</html>
