3584 5454
248 249 414 318 xxxiivi
434 250 456 316 3
474 255 594 312 95-98
726 219 727 224 Ἰ
926 233 1014 322 718
1366 266 1414 312 ns
1438 264 1689 314 sonumosmus

249 407 340 476 uenit,
364 411 510 476 qnantum,
534 405 558 460 si
581 403 697 475 quilibet
717 404 786 462 alius
804 405 938 461 benorum
955 418 1100 474 possessor
1116 403 1143 458 ei
1160 403 1294 474 solueret,
1318 402 1448 459 liberaret
1465 403 1613 473 heredem,
1637 419 1690 458 non

248 499 342 566 potest
363 493 418 550 diei
438 493 614 550 fideiussores
631 494 755 550 liberari:
777 507 866 564 neque
884 493 957 549 enirn
974 493 1065 563 ipsum
1083 490 1136 548 sibi
1155 492 1270 548 soluisse
1287 493 1433 562 pecuniam
1452 492 1623 548 eredendum
1640 496 1690 560 est,

217 591 232 638 e
250 599 268 640 a
284 597 340 654 quo
357 582 497 638 hereditas
514 583 658 638 euinoitnr.
689 583 759 638 Dolo
778 581 876 652 ieoisti,
894 596 949 652 quo
968 581 1058 638 minus
1075 580 1232 650 possideres
1250 581 1324 651 quod
1342 597 1378 637 ex
1389 581 1546 637 hereditate
1559 581 1595 636 ad
1609 581 1689 636 alium

249 673 403 743 pertinente
420 670 654 741 adprehenderat:
672 671 698 726 si
714 687 858 741 possessor
875 685 974 740 eorpus
993 675 1041 726 aut
1058 669 1114 724 litis
1132 670 1351 726 aestimationem
1369 671 1517 741 praestitit
1537 685 1573 726 ea
1585 685 1629 724 res
1641 667 1690 724 tibi

249 759 380 831 proderit,
398 760 464 830 quia
481 759 546 814 nihil
564 759 689 830 petitoris
706 761 833 816 interest:
852 765 974 816 osterum
993 759 1017 814 si
1034 762 1065 813 tu
1083 764 1147 814 ante
1161 764 1314 815 oonuentus
1326 775 1361 815 ex
1372 761 1523 829 praeterito
1536 758 1602 814 dolo
1613 768 1719 828 prae-s

201 859 232 905 so
250 849 362 919 ndens,
378 848 445 904 nihil
463 863 497 904 ea
514 863 559 903 res
575 850 730 918 possessori
747 849 877 919 proderit.
908 847 938 904 Si
956 847 1088 903 mandatu
1105 861 1167 903 meo
1179 847 1254 903 ‘litio
1268 849 1412 919 pecuniam
1424 848 1602 916 tradidisses,
1621 847 1690 901 sius·

250 939 324 995 modi
342 941 499 994 eontraotus
516 936 612 992 similis
629 943 674 994 est
690 939 775 994 tutori
792 943 822 993 et
839 937 956 994 debitori
973 937 1080 1007 pupilli:
1105 943 1134 991 et
1150 935 1214 992 ideo
1231 937 1392 992 mandatore
1410 943 1550 993 eonuento
1567 941 1598 992 et
1615 935 1690 990 dam·

249 1033 329 1098 nato,
348 1041 515 1098 quamquam
532 1027 650 1096 peeunia
667 1025 758 1082 soluta
775 1027 825 1098 sit,
846 1041 902 1082 nou
919 1025 1029 1082 liberari
1046 1023 1198 1082 debitorem
1215 1027 1285 1082 ratio
1303 1026 1415 1096 suadet,
1433 1025 1484 1082 sed
1501 1029 1532 1081 et
1550 1031 1691 1096 praestare

250 1115 334 1172 debet
351 1115 471 1172 oreditor
487 1115 610 1170 aetium
628 1115 782 1172 mandatori
800 1115 935 1171 adnemus
953 1113 1120 1184 debitorem,
1144 1120 1177 1170 ut
1193 1115 1219 1170 ei
1237 1113 1362 1172 satisfiat.
1393 1121 1422 1170 et
1439 1114 1493 1170 hoo
1510 1114 1633 1185 perfluet
1648 1117 1690 1168 tu·

250 1205 317 1262 toris
336 1209 365 1260 et
381 1205 478 1276 pupilli
495 1202 627 1259 debitoris
644 1219 695 1260 nos
713 1203 812 1260 ieoisse
830 1205 1077 1274 eomputatiouem:
1095 1220 1158 1258 uum
1178 1219 1241 1260 oum
1258 1209 1334 1260 tutor
1349 1205 1453 1275 pupillo
1470 1209 1584 1259 manetur
1601 1201 1639 1260 ob
1654 1201 1690 1272 id,
1707 1214 1732 1254 re

250 1294 325 1362 quod
348 1293 501 1349 debitorem
526 1291 585 1348 dus
609 1307 665 1348 non
685 1293 827 1363 oonuonit‚
850 1308 940 1364 nequa
957 1293 1059 1348 iudioio
1076 1307 1139 1347 oum
1158 1293 1244 1348 altero
1262 1299 1376 1363 aeeepto
1393 1293 1526 1348 liberaum
1543 1293 1615 1348 alter
1631 1307 1690 1360 nen,

250 1383 274 1439 si
292 1383 439 1438 damnatus
456 1385 533 1437 tutor
548 1381 670 1451 soluerit,
688 1395 723 1436 ea
739 1395 784 1437 res
802 1382 925 1452 proderit
942 1380 1073 1438 debitori:
1091 1382 1157 1451 quin
1175 1381 1257 1436 etiam
1276 1381 1331 1436 diui
1348 1382 1420 1438 solet
1435 1382 1543 1437 tutelae
1555 1381 1691 1438 oonharia

202 1479 230 1525 11
250 1471 358 1527 aetione
379 1471 530 1540 agendum,
553 1475 587 1525 ut
604 1470 629 1524 ei
647 1470 767 1540 pupillos
785 1470 919 1526 aduersos
936 1469 1076 1526 debitores
1094 1469 1248 1526 notionibus
1267 1469 1356 1524 oedat
1393 1469 1423 1525 Si
1441 1471 1563 1527 ereditur
1580 1487 1599 1526 a
1616 1470 1690 1526 debi-

250 1563 327 1616 tore¹
346 1560 427 1629 eulpa
444 1575 495 1614 sua
512 1573 598 1614 eausa
614 1557 753 1627 oooiderit,
771 1575 858 1631 prope
875 1565 927 1630 est,
945 1565 978 1616 ut
995 1559 1103 1616 aetione
1120 1557 1244 1614 mandati
1261 1557 1328 1613 nihil
1345 1574 1364 1613 a
1380 1558 1545 1616 mandatore
1559 1560 1690 1629 oonseqni
1706 1569 1729 1608 ¹⁴

203 1657 232 1702 ta
251 1647 360 1716 debeat,
378 1663 441 1702 ourn
459 1647 546 1717 ipsius
564 1647 633 1704 nitio
651 1647 790 1717 aooiderit,
809 1649 820 1720 fl
839 1663 874 1703 ne
892 1648 1044 1704 mandatori
1057 1648 1146 1718 possit
1157 1646 1311 1703 actionibus
1322 1647 1429 1704 eadere
1458 1647 1489 1704 Si
1500 1649 1574 1704 inter
1586 1655 1689 1720 empto·
1703 1652 1758 1700 taes

250 1751 308 1793 rem
326 1741 356 1791 et
373 1731 544 1791 uenditorem
563 1736 735 1806 oonusnerit,
753 1737 912 1807 pdusqusm
931 1737 1034 1807 aliquid
1051 1752 1086 1792 er
1104 1737 1236 1792 alterutra
1251 1740 1330 1808 parte
1349 1737 1512 1807 solueretur,
1531 1743 1565 1794 nt
1581 1737 1618 1794 ab
1635 1753 1688 1794 am·

250 1825 345 1896 ptione
362 1823 528 1892 disoedatur,
546 1823 692 1880 fideiussor
709 1841 743 1882 eo
761 1826 871 1882 nomino
889 1831 1020 1896 aeoeptus
1037 1827 1127 1882 soluto
1145 1830 1288 1881 eontraotn
1305 1824 1475 1881 liberabitur.

194 1912 233 1972 96
304 1913 382 1970 Iners
405 1913 475 1970 libro
498 1913 644 1970 undeoinno
666 1929 870 1985 responsorum.
906 1915 1005 1984 Popilli
1027 1913 1136 1970 debitor
1157 1919 1248 1970 tutore
1266 1914 1412 1984 delegante
1430 1931 1515 1986 peen-
1534 1909 1688 1999 Q
1702 1917 1723 1972 P

251 2003 324 2058 niam
343 2003 472 2058 oreditorl
488 2003 588 2058 tutoris
605 2003 702 2059 soluit:
719 2003 845 2060 liberatio
863 2003 987 2074 oonh'git,
1006 2004 1030 2058 si
1047 2019 1103 2059 non
1121 2004 1193 2060 malo
1211 2004 1323 2059 oondlio
1341 1993 1404 2059 oum
1421 2007 1517 2060 tutore
1532 2004 1628 2061 habito
1639 2004 1687 2060 hoo

250 2089 355 2148 larun
372 2105 435 2148 esse
452 2091 592 2162 probetur.
618 2092 668 2147 sed
686 2096 716 2148 et
732 2091 878 2150 interdioto
895 2091 1064 2148 fraudatorio
1081 2093 1181 2148 tutoris
1198 2092 1317 2148 oreditor
1332 2093 1437 2163 pupillo
1453 2099 1575 2164 tenetur,
1592 2095 1617 2149 si
1628 2109 1686 2150 enm
1701 2099 1723 2140 ²⁰

219 2189 232 2234 1
251 2179 394 2235 eonsilium
411 2178 517 2236 fraudis
534 2181 715 2252 partieipasse
732 2181 879 2245 oonstabit.
909 2181 978 2237 Cum
996 2181 1101 2252 pupilla
1117 2180 1299 2252 magistratui,
1316 2183 1365 2252 qui
1381 2197 1431 2252 per
1448 2181 1576 2238 fraudem
1588 2183 1686 2253 pupillo

250 2271 370 2324 tutorem
388 2268 473 2339 dedit,
491 2269 571 2326 heres
589 2271 735 2342 extitisset,
752 2275 859 2327 tutores
877 2271 937 2326 eius
955 2285 1017 2326 oum
1036 2270 1212 2326 adulescente
1229 2275 1434 2340 transegerunt:
1453 2285 1516 2328 eam
1528 2272 1685 2328 tramontio

251 2371 314 2413 nem
338 2357 442 2428 pupille
464 2363 552 2414 ratam
576 2357 679 2414 habere
702 2361 802 2415 noluit:
827 2359 911 2416 nihilo
929 2361 1020 2416 minus
1038 2359 1091 2415 erit
1106 2362 1228 2414 tutorum
1245 2360 1363 2428 poeonia
1380 2359 1498 2416 liberata
1515 2377 1569 2416 neo
1586 2365 1684 2417 tutores

252 2449 349 2502 eontra
370 2445 575 2505 adulesoentem
598 2449 735 2504 sotionem
753 2463 805 2504 neo
823 2449 917 2505 utilem
935 2447 1089 2517 habebunt,
1112 2449 1159 2518 qui
1177 2463 1258 2503 suum
1276 2449 1449 2519 reciperauit
1479 2451 1567 2518 plaue
1583 2451 1607 2506 si
1625 2449 1684 2506 adn·

250 2536 358 2592 lesoens
379 2537 524 2605 pneumam
546 2537 691 2594 restituere
714 2539 799 2594 tutori
821 2538 941 2608 pupillae
964 2538 1103 2606 maluerit,
1126 2537 1244 2592 resoisso
1267 2537 1342 2607 quod
1361 2543 1473 2607 gestum
1491 2542 1538 2594 est
1556 2540 1682 2596 sotionem
1696 2539 1716 2583 ¹⁵

218 2625 346 2680 rudiam
370 2625 399 2680 in
420 2625 552 2697 pupillam
575 2625 705 2684 heredem
729 2627 908 2698 magistratus
931 2627 1056 2696 aoeipiet
1093 2626 1188 2696 Soror,
1211 2628 1255 2682 oni
1278 2628 1400 2696 legatum
1425 2627 1461 2683 ab
1483 2626 1590 2684 herede
1608 2627 1683 2683 tratre

252 2712 412 2784 debebatur,
430 2719 495 2785 post
512 2719 615 2772 motam
633 2717 718 2787 legati
736 2716 924 2787 quaestionem
942 2716 1086 2786 transegit,
1104 2719 1136 2771 ut
1152 2713 1261 2772 nomine
1279 2715 1412 2772 debitoris
1427 2721 1560 2772 oontema
1570 2719 1682 2787 legabrn

252 2817 307 2860 non
324 2807 439 2874 peteret
465 2804 578 2874 plaouit,
596 2806 723 2875 quamuis
740 2805 815 2862 nnlla
832 2805 969 2875 delegatio
987 2803 1061 2860 iaota
1078 2819 1168 2874 neque
1185 2804 1309 2860 liberatio
1327 2810 1424 2860 seouta
1435 2810 1520 2876 esset
1538 2811 1682 2862 tamenne

252 2892 333 2948 minis
350 2893 501 2963 perieulum
520 2893 556 2948 sd
574 2909 635 2950 eam
652 2896 789 2965 pertinere
806 2895 908 2964 itaque,
927 2893 951 2950 si
968 2895 1089 2964 legatum
1109 2897 1205 2949 eontra
1221 2893 1352 2963 placitum
1364 2897 1481 2964 peteret,
1499 2896 1681 2966 exeeptioneu

219 2981 327 3051 tpaotl
349 2995 404 3036 non
421 2982 554 3038 inutiliter
570 2985 681 3054 opponi.
717 2983 786 3040 (lun
805 2983 903 3039 eodem
920 2986 1044 3052 tempore
1061 2983 1177 3052 pignora
1194 2981 1303 3038 duobus
1320 2981 1509 3038 oontreotibus
1527 2983 1683 3054 obligantur,
1695 2979 1715 3021 ³⁰

251 3070 369 3140 pretinm
393 3085 487 3126 eorum
509 3086 560 3142 pro
584 3072 666 3128 modo
683 3073 817 3142 peouniae
835 3071 968 3141 tutusque
986 3074 1143 3126 eontraotus
1161 3071 1280 3126 ereditur
1296 3077 1411 3142 aooepto
1429 3070 1523 3128 fauere
1541 3073 1626 3130 debet
1641 3084 1684 3128 nee

252 3157 281 3214 in
304 3157 417 3215 arbitrio
441 3160 500 3216 eius
518 3161 617 3217 eleotio
635 3161 700 3232 erit,
725 3175 787 3217 oum
806 3159 915 3216 debitor
930 3161 1048 3230 pretium
1065 3160 1189 3231 pignoris
1206 3159 1372 3216 oonsordoni
1389 3159 1553 3217 subieeerit:
1577 3159 1685 3232 quodsi

251 3246 422 3316 temporibus
440 3247 567 3304 diseretis
584 3249 751 3320 superfluum
769 3250 914 3320 pignorum
932 3249 1048 3318 obligari
1064 3250 1195 3320 plaouiti,
1212 3250 1287 3320 prins
1305 3248 1429 3304 debitum
1444 3252 1535 3320 pretio
1547 3252 1688 3322 pignorum

219 3337 312 3392 tlure
335 3338 470 3408 soluetur,
494 3338 645 3394 seeundum
667 3339 805 3410 superllno
823 3337 1053 3408 oompensabitur.
1090 3337 1158 3394 Cum
1177 3339 1319 3393 institutum
1337 3338 1517 3410 deliberaret,
1542 3340 1689 3396 substituto

252 3426 371 3496 peounia
387 3441 438 3496 per
454 3441 573 3483 errorem
592 3428 683 3484 soluta
700 3432 757 3483 est:
776 3427 811 3483 ad
830 3443 893 3483 eum
910 3427 1063 3483 hereditate
1080 3432 1179 3496 postea
1196 3426 1327 3483 deuolute
1339 3442 1424 3484 eausa
1435 3429 1619 3486 eondietioru's
1631 3445 1691 3486 eua-
1710 3414 1732 3459 ³⁵

252 3516 356 3572 neseit:
374 3530 447 3586 quas
463 3517 533 3572 ratio
551 3514 626 3587 fauit,
644 3522 676 3572 nt
692 3515 825 3586 obligatio
843 3515 930 3572 debiti
947 3518 1079 3572 soluatur.

196 3597 235 3657 97
305 3605 384 3660 lnesr
400 3605 469 3660 libro
487 3605 610 3662 meando
627 3604 826 3662 definitionum.
857 3605 926 3661 Oum
945 3603 1122 3674 expluribus
1139 3603 1515 3674 oausisdebitnrpeeuniam
1535 3597 1693 3692 [Μ
1713 3587 1734 3646 Ρ

253 3693 350 3763 soluit,
373 3693 516 3764 utriusque
533 3693 767 3750 demonstratione
785 3700 911 3750 taranta
928 3695 1019 3764 potior
1035 3693 1182 3750 habebitur
1200 3709 1284 3750 eausa
1301 3693 1361 3748 eius
1377 3695 1528 3766 pecuniae,
1552 3712 1625 3766 quae
1642 3696 1695 3751 snb

252 3780 366 3837 infamia
382 3781 513 3838 debetur:
532 3799 597 3839 mox
614 3784 682 3854 sius,
701 3799 773 3853 quae
790 3798 908 3853 poenm
927 3783 1062 3838 eontinet:
1081 3783 1162 3838 tertio
1180 3797 1252 3854 quae
1270 3783 1322 3838 sub
1340 3782 1498 3854 hypotheoa
1515 3785 1562 3840 uel
1579 3785 1694 3856 pignore

253 3874 396 3926 eontraota
412 3873 468 3928 est:
485 3876 550 3940 post
566 3871 639 3927 huno
656 3871 780 3928 ordinem
798 3871 889 3941 potior
906 3869 1051 3927 habebitur
1068 3872 1179 3942 propria
1196 3887 1281 3942 quam·
1297 3871 1388 3928 aliena
1404 3887 1503 3942 eausa,
1522 3875 1612 3930 ueluti
1627 3873 1692 3929 fide·
1710 3863 1731 3904 ⁴⁰

252 3959 375 4016 iussoris.
402 3960 477 4030 quod
495 3965 604 4017 ueteres
620 3960 685 4016 ideo
702 3959 874 4030 definierunt,
892 3959 966 4031 quod
983 3961 1131 4016 uedsimile
1149 3961 1289 4016 uideretur
1306 3961 1465 4030 diligentem
1477 3961 1633 4018 debitorem
1646 3961 1691 4018 ad·

253 4049 387 4104 monitum
411 4049 451 4104 ita
473 4051 614 4120 negotium
636 4065 717 4106 mum
740 4055 881 4119 gesturum
903 4047 998 4106 fuisse.
1029 4051 1054 4106 si
1077 4049 1143 4106 nihil
1161 4065 1254 4107 eorum
1272 4049 1452 4120 interueniat,
1474 4053 1614 4108 uetustior
1631 4065 1688 4107 oon·

253 4141 358 4192 traotus
376 4141 441 4192 ante
458 4138 589 4194 soluetur.
620 4139 643 4193 si
662 4139 748 4194 maior
764 4139 882 4209 peounia
898 4143 1042 4194 numerata
1059 4139 1104 4211 sit,
1123 4155 1205 4208 qnam
1223 4139 1294 4194 ratio
1311 4139 1483 4208 singulorum
1502 4141 1636 4211 exposuit,
1653 4137 1687 4194 ni·

253 4225 308 4282 hilo
327 4226 417 4282 minus
434 4227 523 4297 primo
542 4231 684 4283 oonhaotu
702 4227 801 4298 soluto,
820 4227 867 4297 qui
884 4228 976 4298 potior
993 4228 1053 4298 erit,
1072 4227 1240 4299 superfluum
1258 4226 1347 4283 ordini
1364 4227 1488 4284 moundo
1508 4231 1555 4286 uel
1566 4231 1595 4286 in
1606 4235 1684 4286 totus

253 4316 298 4371 uel
315 4329 365 4384 pro
383 4320 461 4386 parte
478 4316 627 4372 minuendo
645 4315 784 4373 uidebitur
801 4317 906 4373 datum.
1694 4310 1714 4354 ⁴⁶

197 4399 236 4459 98
306 4405 426 4462 Psunus
448 4404 518 4461 libro
541 4405 637 4476 quinto
659 4404 766 4461 deoimo
788 4407 988 4476 quaestionum.
1025 4405 1077 4473 Qui
1099 4421 1144 4462 res
1165 4421 1230 4462 suas
1248 4405 1394 4476 obligauit,
1418 4409 1520 4478 postea
1538 4393 1711 4493 Q?

148 4557 155 4567 ,
254 4493 373 4565 aliquam
391 4495 593 4564 possessionem
611 4509 647 4551 ex
664 4493 707 4550 his
724 4509 774 4566 pro
793 4493 849 4551 iilia
867 4511 919 4552 sua
936 4495 1029 4552 dotem
1046 4495 1231 4567 promittendo
1250 4494 1385 4567 obligauit
1402 4499 1432 4550 et
1449 4496 1543 4553 soluit
1569 4495 1680 4553 siearet
1714 4547 1716 4554 .

252 4597 446 4670 rmrnroo)

254 4746 264 4782 1
282 4743 345 4813 plus
362 4741 484 4828 petendo
501 4743 543 4799 tte
560 4743 687 4798 wiotum
705 4743 862 4818 (tostino)
933 4745 945 4780 ²
963 4743 1130 4816 superfluum
1148 4745 1292 4815 pignorum
1311 4743 1428 4814 obligari
1446 4745 1553 4815 plaouit
1569 4746 1614 4800 det

253 4881 423 4938 aali'en'nn
442 4883 479 4936 Ρ
537 4886 570 4940 11
589 4883 677 4938 *alter
694 4884 732 4938 1²⁴
752 4886 757 4952 Ι
778 4901 830 4941 neo
847 4886 890 4942 *si
907 4887 945 4939 Ρ
998 4887 1033 4942 35
1051 4887 1220 4942 oondioionis
1238 4887 1264 4940 F
1327 4887 1363 4942 41
1388 4887 1578 4944 admonium*
1593 4886 1630 4942 ita
1647 4881 1679 4937 Ρ

254 4954 289 5008 16
307 4952 510 5010 ιιΙωιιιἸίιιΕ*
557 4956 945 5026 erroneortionilrx·⁴017·,
997 4959 1033 5014 42
1051 4963 1192 5029 gestorum
1210 4959 1235 5011 F

253 5025 374 5081 eonsorti
399 5025 484 5082 omni
499 5025 551 5097 Μ’,
578 5026 646 5083 sorti
672 5027 747 5082 omni
768 5027 948 5084 X‘Y‘M'OO
