3600 5460
268 220 447 290 XXXVIIII
468 223 488 287 3
510 228 621 284 17-24
940 213 1028 294 402
1150 236 1197 283 nn
1212 235 1308 293 noun
1322 195 1702 292 concernentium

269 379 374 449 placuit
390 393 445 432 non
464 378 531 432 elice
548 391 598 448 per
615 376 733 446 lapidem
753 391 852 445 equom
872 375 935 430 duci
952 389 1048 446 poree,
1073 373 1125 429 ulei
1148 372 1201 428 hoc
1224 373 1253 427 ln
1270 373 1404 428 seruitute
1422 370 1618 426 constituendo
1635 384 1704 424 com·

269 466 434 536 preheneum
452 466 502 521 eit:
521 481 576 521 non
594 465 667 520 enim
686 462 891 520 consuetudinis
910 469 960 532 eet,
980 462 1075 532 utqui
1093 477 1192 531 equom
1211 461 1313 516 hebeat
1329 476 1378 530 per
1389 459 1509 530 lapidem
1522 463 1639 514 rtremm
1657 453 1706 540 [I-It]

270 554 367 610 ducet:
390 555 437 609 illo
455 559 560 623 nutem,
584 568 656 624 quoe
679 551 737 608 lere
760 553 788 608 ln
811 551 1009 607 cenenetudine
1033 565 1094 606 eece
1118 551 1220 619 colent,
1244 553 1277 604 ut
1299 564 1348 619 per
1366 547 1473 604 fietulee
1491 563 1567 618 nque
1583 547 1707 615 dueatur,

269 643 377 698 οιίιιιιιὶ
395 641 461 697 nibil
479 643 516 698 eit
533 641 759 712 comprehensum
777 641 806 695 in
825 640 958 696 echtutc
976 639 1180 710 constituendo,
1199 637 1258 693 lieri
1274 642 1403 709 poenunt,
1422 637 1463 691 ite
1479 642 1583 705 temen,
1602 641 1634 690 ut
1650 633 1707 690 nul·

236 732 325 786 elnm
348 731 475 786 domnum
499 730 610 786 domino
633 729 711 785 lnndi
734 743 769 784 cx
793 728 836 784 hie
859 727 949 784 detur.
991 728 1043 786 Uie
1065 728 1176 800 publice
1200 727 1387 783 Intercedcnte
1408 725 1525 780 henetue
1548 725 1736 780 seminarent

176 823 178 828 ’
269 819 400 874 constitui
417 833 500 888 poete
518 819 622 888 plocuit
639 824 669 874 et
686 823 730 873 eet
747 833 856 874 uerum:
882 817 932 872 eed
950 831 1005 872 non
1023 817 1111 872 eolum
1130 817 1154 872 ei
1172 816 1219 872 uie
1236 815 1348 886 publica
1363 815 1544 884 lntcruenirut,
1569 813 1620 868 md
1639 811 1708 868 etei

269 907 370 962 flumen
387 907 541 977 publicum,
565 907 662 962 eodem
686 921 766 976 ouen,
791 921 846 977 quo
869 906 1069 962 interueniente
1081 904 1198 961 domiue
1216 903 1326 975 publico
1351 904 1413 958 nico
1431 901 1536 958 itinerie
1554 907 1637 956 ectum
1654 914 1708 956 eet·

237 997 344 1052 cultus
361 996 464 1066 imponi
486 999 592 1066 potent,
616 995 643 1050 id
667 1001 711 1050 eet
733 995 757 1049 ei
779 1009 834 1050 non
857 996 895 1050 eit
916 994 1112 1065 Impedimento
1135 993 1289 1056 trnneeunti
1311 991 1473 1062 magnitudo
1496 989 1627 1046 duminio.
1664 988 1710 1046 Sit

270 1089 299 1139 et
316 1085 340 1139 ei
358 1099 412 1139 non
431 1085 556 1154 proximo
576 1099 637 1139 meo
656 1083 769 1154 praedio
788 1084 949 1139 eeruItutem
967 1083 1076 1138 ulcione
1094 1081 1208 1152 debeat,
1227 1081 1277 1138 ecd
1295 1079 1430 1150 ulteriorl,
1448 1094 1532 1149 egere
1550 1082 1650 1148 potero
1668 1078 1709 1132 lue

269 1187 331 1228 eece
350 1171 416 1226 mihi
434 1172 473 1226 ire
492 1187 575 1241 egere
599 1171 634 1226 ed
657 1172 732 1227 illum
757 1169 872 1227 fundum
895 1172 1076 1242 superiorem,
1096 1172 1227 1240 ¹quumuie
1252 1169 1414 1225 seruitutem
1437 1169 1497 1238 ipee
1519 1183 1570 1238 per
1592 1165 1708 1222 fundum
1727 1173 1750 1216 ιι

269 1277 360 1316 meum
379 1275 434 1315 non
451 1259 584 1330 habeam,
608 1260 680 1316 elcut
697 1260 896 1316 interueniente
913 1260 961 1315 uie
977 1259 1088 1330 publice
1105 1260 1150 1314 nel
1167 1257 1278 1314 llumlne
1296 1257 1370 1328 qnod
1387 1257 1460 1312 uedo
1478 1255 1597 1312 mentiri*
1607 1258 1708 1326 poteet

269 1349 319 1404 ned
337 1349 398 1404 loco
416 1363 495 1406 cnoro
513 1349 558 1403 uel
576 1348 705 1417 religioso
722 1350 768 1404 uel
787 1354 883 1404 ceneto
901 1349 1108 1418 interueniente,
1126 1363 1181 1417 qno
1197 1345 1240 1402 iae
1256 1361 1312 1402 non
1324 1347 1361 1401 eil
1372 1346 1421 1416 uti,
1439 1346 1514 1401 nulle
1531 1329 1708 1420 [ETW

235 1443 362 1494 deornm
382 1437 501 1492 seruitus
520 1437 623 1506 imponi
640 1437 750 1506 poterit.
787 1436 843 1492 Sed
866 1437 891 1492 ei
912 1435 1015 1492 sunder
1037 1437 1145 1491 medice
1168 1437 1281 1492 alteriue
1303 1435 1375 1490 iuter
1397 1449 1442 1490 me
1460 1438 1536 1490 etto
1554 1434 1639 1489 Inter·
1657 1426 1707 1516 [ᾧ

269 1526 354 1595 tedii,
378 1523 494 1580 henetue
512 1525 674 1580 seruitutem
696 1523 782 1581 fundo
805 1531 855 1582 tuo
877 1525 1018 1596 imponere
1042 1531 1152 1596 potero,
1177 1526 1201 1580 ei
1226 1523 1292 1580 mihi
1315 1523 1423 1580 medius
1445 1523 1575 1579 dominue
1597 1523 1652 1578 iter
1672 1521 1707 1576 ed

268 1613 466 1670 transeundum
485 1614 608 1690 cernerit,
627 1613 871 1683 quemadmodum,
891 1615 915 1669 ei
932 1629 967 1670 cx
985 1613 1098 1669 flumine
1115 1613 1225 1683 publico
1242 1613 1356 1684 perenni
1373 1609 1475 1668 tenete
1492 1612 1576 1668 neIIm
1594 1611 1646 1680 ud,
1664 1610 1707 1666 cui
1725 1616 1749 1657 ιι

268 1701 372 1758 domiui
391 1717 457 1771 eger
474 1706 539 1757 tene
556 1702 698 1770 proxlmue
716 1702 761 1771 eit,
780 1703 833 1757 iter
851 1702 916 1758 mihl
934 1703 970 1757 ed
986 1701 1088 1758 flumen
1106 1702 1168 1758 cedl
1184 1707 1286 1773 potent.
1389 1725 1390 1732 ι

213 1784 251 1843 18
322 1791 494 1846 lnnomnne
511 1789 580 1846 libro
599 1789 705 1844 decimo
724 1804 759 1846 cx
778 1790 883 1846 Ceeeio.
920 1790 950 1847 Si
967 1792 996 1846 ln
1013 1790 1124 1861 publice
1146 1807 1217 1862 opue
1239 1789 1342 1848 sectum
1361 1795 1417 1860 eet,
1441 1805 1497 1859 quc
1519 1803 1593 1860 oque
1614 1787 1708 1858 plnuio
1732 1777 1756 1833 Β

268 1885 393 1948 noceret,
417 1879 463 1948 egi
485 1893 540 1934 non
562 1883 668 1949 potoet:
692 1878 892 1936 interueniente
916 1881 977 1936 loco
999 1879 1111 1950 publico
1129 1881 1175 1950 egi
1192 1881 1303 1950 poterit.
1331 1895 1417 1935 cenea
1434 1879 1493 1934 eine
1511 1878 1553 1933 roi
1569 1877 1640 1934 heco
1657 1881 1707 1946 eet,

236 1974 248 2019 1
269 1968 343 2039 qnod
361 1983 395 2022 eo
413 1967 521 2023 ectione
539 1981 593 2023 non
611 1971 721 2022 tenetur
739 1967 791 2023 niel
809 1967 937 2024 domlnue
955 1969 1039 2024 colun.
1076 1967 1141 2024 Siue
1158 1969 1294 2039 permieeu
1310 1967 1442 2040 prlnolpie
1463 1982 1538 2037 nque
1561 1981 1611 2037 per
1634 1966 1706 2022 cium

268 2056 405 2128 publicam
424 2055 488 2111 duel
506 2071 561 2111 non
578 2059 679 2126 potent.
1103 2081 1104 2084 =
1723 2059 1748 2100 ιι

213 2140 250 2198 19
321 2145 494 2201 Pouroume
516 2143 586 2199 libro
609 2150 706 2213 quarto
731 2143 838 2200 declmo
862 2145 898 2200 od
912 2145 1045 2211 QuIntum
1064 2145 1193 2200 lIncium.
1228 2144 1323 2202 Labeo
1346 2146 1398 2213 eit,
1423 2144 1447 2199 ei
1469 2145 1594 2214 potiente
1617 2143 1706 2200 uicino
1734 2132 1754 2186 Ε

269 2247 339 2305 cpne
357 2233 466 2303 iccium,
485 2247 520 2288 ex
538 2245 592 2302 quo
611 2233 637 2287 el
655 2246 728 2302 equo
745 2233 839 2303 pluuia
857 2239 963 2304 nocent,
982 2236 1135 2290 nontencrl
1154 2250 1197 2289 me
1213 2235 1321 2290 notione
1334 2248 1422 2303 nqueo
1434 2233 1545 2303 pluuia
1557 2231 1705 2288 arcendae:

212 2317 252 2376 20
320 2323 398 2378 Inmr
416 2321 485 2377 llbro
503 2321 664 2391 trigcndmo
681 2325 779 2391 quarto
798 2321 834 2376 ed
853 2320 994 2378 Sabinum.
1025 2323 1075 2377 ned
1093 2322 1146 2379 hoc
1163 2324 1215 2394 ite,
1235 2323 1332 2379 elnon
1349 2337 1399 2391 per
1417 2336 1537 2378 errorem
1556 2327 1607 2377 eut
1624 2321 1705 2391 impe
1722 2309 1750 2364 'S

267 2411 357 2466 ritiem
377 2410 509 2480 deceptne
528 2408 624 2466 luerit:
643 2411 718 2465 nulle
735 2409 807 2464 enim
826 2411 1090 2466 noluntmcnnnue
1108 2415 1159 2466 eet
1548 2481 1551 2486 Ι
1570 2393 1706 2485 [ΜΞ
1722 2407 1745 2446 ¹⁴

211 2495 247 2552 21
320 2499 398 2555 Ioum
415 2498 485 2554 libro
501 2498 663 2574 trigonelmo
682 2498 804 2554 eeoundo
821 2497 858 2556 ud
875 2498 1004 2565 QnIntnm
1021 2500 1150 2556 lineium.
1177 2498 1208 2556 Si
1224 2499 1254 2555 in
1271 2515 1333 2556 meo
1351 2515 1424 2570 nque
1441 2514 1532 2555 orum·
1551 2493 1705 2583 Q
1731 2487 1752 2542 Ε
1796 2526 1800 2531 ·

267 2592 324 2659 pet,
343 2602 414 2658 quoe
432 2603 467 2642 ex
485 2592 534 2642 tuo
552 2585 638 2642 fundo
656 2601 744 2642 nenne
761 2584 871 2658 hebent,
890 2587 914 2642 ei
932 2602 980 2643 eee
998 2603 1084 2644 ncnee
1102 2588 1231 2644 lnelden'e
1248 2593 1278 2643 et
1294 2587 1331 2644 ob
1349 2588 1378 2644 id
1395 2588 1509 2644 desierit
1525 2587 1564 2643 nd
1578 2603 1625 2644 me
1637 2602 1705 2658 eqnn

267 2677 425 2747 peruenire,
449 2679 481 2729 tu
499 2690 554 2732 non
571 2675 674 2730 uideris
692 2673 721 2730 ni
738 2674 851 2746 iecime,
876 2677 900 2731 el
921 2677 996 2732 nulle
1018 2671 1138 2732 seruitus
1162 2676 1228 2732 milri
1246 2691 1280 2732 eo
1297 2677 1406 2732 nomine
1424 2676 1520 2732 debite
1536 2675 1635 2748 fuerit,
1657 2690 1704 2732 nec

267 2763 414 2820 Interdicto
432 2763 506 2832 quod
524 2764 553 2818 ui
572 2767 620 2818 eut
637 2763 708 2818 elem
727 2764 838 2819 teneris.
1170 2765 1171 2768 ’

211 2847 249 2908 22
321 2852 399 2906 Innnr
417 2849 485 2906 libro
503 2851 611 2907 docimo
629 2865 665 2906 ex
688 2852 772 2906 neniis
795 2852 967 2909 lectionibus.
1004 2853 1033 2909 Si
1051 2869 1119 2909 neue
1136 2852 1242 2909 iruotnn
1264 2851 1343 2910 fundi
1366 2855 1476 2925 legente
1499 2853 1597 2925 fuerit,
1621 2867 1704 2925 mure
1736 2848 1791 2887 :·.

267 2939 379 3010 plnuiee
397 2939 531 2994 eroendee
550 2940 622 2994 ectio
641 2939 734 2994 heredi
752 2944 782 2995 ct
799 2955 861 2996 oum
878 2941 979 3000 herede
998 2946 1049 3012 eet,
1068 2943 1146 2998 cuine
1163 2943 1306 3012 preedlum
1323 2942 1415 3000 luerit.
1442 2943 1516 3014 quod
1536 2944 1561 2999 el
1578 2959 1614 2999 ex
1626 2957 1703 3014 opere
1718 2945 1741 2986 ⁸⁰
1781 2960 1786 2971 ·

267 3027 470 3083 incommodum
489 3027 601 3098 aliquod
618 3029 722 3098 petitur
739 3025 920 3100 fructuarius,
943 3031 1045 3100 poterit
1068 3031 1178 3101 quidem
1202 3031 1339 3088 Interdum
1361 3034 1406 3090 uel
1424 3032 1572 3088 interdicto
1591 3031 1702 3104 expetiti

268 3115 342 3185 quod
360 3116 389 3170 ui
407 3122 456 3171 ent
473 3117 552 3172 clem.
581 3117 655 3187 quod
674 3118 697 3173 ei
715 3118 742 3172 ei
760 3133 814 3174 non
832 3123 984 3190 competet,
1008 3119 1194 3189 quaerendum
1219 3125 1274 3190 eet,
1297 3137 1333 3176 en
1355 3122 1431 3177 utilio
1453 3121 1479 3178 ei
1497 3123 1578 3192 quoni
1597 3121 1701 3180 domim

268 3204 342 3260 ectio
360 3219 448 3274 equne
465 3206 575 3274 pluuice
594 3206 729 3261 ercendee
747 3206 806 3262 duri
821 3205 832 3271 ΙΙ
844 3206 946 3263 debeat
963 3223 998 3263 nn
1017 3223 1083 3264 uero
1101 3209 1184 3266 etiem
1203 3209 1352 3265 contendet
1366 3209 1408 3264 lne
1426 3208 1481 3265 eibi
1498 3225 1563 3266 eeee
1580 3211 1623 3268 uti
1640 3208 1699 3266 stul:
1713 3206 1750 3254 l?

236 3295 248 3340 1
268 3293 318 3348 eed
336 3293 425 3362 mugio
443 3299 487 3347 eet
503 3293 598 3348 utilem
617 3309 706 3364 equae
723 3295 834 3366 pluuiee
852 3296 987 3352 eruendae
1006 3297 1031 3351 ei
1049 3297 1184 3352 notionem
1203 3297 1418 3354 accommodare.
1452 3297 1515 3354 Non
1533 3299 1614 3354 allier
1630 3297 1700 3354 reed-

235 3381 355 3440 ltuleee
373 3395 430 3436 rem
449 3379 559 3437 uidetur
576 3381 599 3436 ie
618 3383 666 3452 qul
682 3397 753 3452 opuo
769 3381 849 3453 lecit,
867 3397 950 3454 quem
969 3385 993 3440 ei
1011 3399 1110 3454 eqnm
1129 3392 1264 3442 coerceat
1291 3385 1347 3442 Sed
1365 3387 1434 3442 etei
1452 3385 1622 3444 lmctneriue
1638 3401 1700 3458 opne
1713 3385 1759 3430 ’Β

267 3467 378 3539 lecerit,
402 3483 451 3539 per
468 3468 542 3538 quod
561 3483 634 3539 eque
649 3471 745 3539 pluuia
763 3473 844 3528 alloni
862 3479 973 3544 nocent,
997 3475 1050 3529 erit
1066 3475 1178 3543 quidem
1197 3475 1271 3531 ectio
1293 3475 1417 3546 legitime
1434 3491 1497 3532 cum
1516 3475 1630 3550 domiuo
1646 3489 1698 3545 pro

267 3558 406 3628 prietetIe:
425 3573 461 3612 en
479 3571 545 3613 uero
562 3559 646 3614 etiem
666 3560 739 3615 ntilie
756 3560 785 3616 ln
803 3559 981 3618 lmctunriom
1000 3563 1073 3618 ectio
1085 3577 1174 3633 nqeue
1185 3563 1296 3635 plnuiee
1308 3564 1443 3622 arcendae
1451 3564 1550 3620 dende
1561 3566 1608 3636 eit,
1626 3577 1698 3636 quet·

227 3673 229 3676 ·
268 3647 350 3701 eitum
369 3651 424 3700 eet:
444 3651 473 3700 et
490 3646 579 3716 mugio
596 3651 640 3702 eet
657 3651 689 3701 ιιι
706 3647 794 3703 detur.
1435 3683 1438 3688 ·

211 3727 250 3784 23
321 3733 440 3790 Peuces
457 3733 526 3789 libro
545 3739 624 3792 cento
642 3735 749 3792 decimo
768 3737 803 3792 cd
822 3736 963 3793 Seblnnm,
994 3739 1073 3804 Quod
1091 3739 1221 3811 principle
1241 3745 1290 3796 eut
1308 3746 1421 3798 eenetue
1438 3742 1518 3800 iueeu
1536 3747 1586 3798 ent
1603 3742 1639 3800 eb
1656 3741 1697 3808 hir,
1720 3719 1792 3774 'S

236 3827 249 3870 1
268 3821 315 3891 qui
332 3822 412 3891 primi
430 3837 512 3892 egrce
529 3825 742 3895 constituerunt,
761 3841 831 3895 opue
849 3825 952 3882 lectum
970 3825 1061 3898 fuerit,
1080 3829 1108 3882 in
1126 3827 1178 3884 hoe
1195 3829 1325 3886 Indicium
1344 3846 1399 3886 non
1418 3831 1503 3886 uenit.
1540 3832 1619 3887 Heec
1636 3827 1698 3886 ectio
1711 3825 1757 3868 Μ

235 3909 350 3964 neuun
369 3911 397 3964 ln
415 3911 597 3980 uectigalibus
616 3913 690 3982 agric
708 3903 797 3968 locum
815 3913 907 3970 hebet.
944 3914 1071 3986 Aggerce
1093 3917 1171 3972 iuxta
1193 3917 1307 3974 flumine
1326 3919 1355 3974 in
1378 3917 1487 3988 priuato
1504 3917 1573 3975 fecti
1591 3921 1620 3976 in
1638 3916 1698 3975 urbi·

267 3998 349 4052 trium
368 4013 456 4068 nqrroe
473 3999 584 4068 pluuiec
602 4000 737 4056 erecndoe
749 4003 870 4074 ueniunt,
889 4004 998 4060 etlumei
1015 4007 1092 4060 trane
1109 4005 1210 4064 flumen
1222 4011 1348 4077 noceant,
1367 4006 1414 4076 itu,
1433 4007 1457 4061 el
1469 4009 1604 4065 memorie
1614 4021 1698 4065 eorum

267 4091 359 4142 exetet
376 4090 405 4141 et
422 4085 446 4141 ei
463 4085 522 4143 fieri
540 4103 594 4144 non
612 4087 774 4147 debuerunt
880 4148 881 4152 ,

210 4167 250 4226 24
320 4173 462 4230 menne
485 4174 554 4232 libro
571 4183 669 4247 qnorto
688 4177 858 4250 digestorum
877 4197 895 4238 e
911 4181 997 4237 Pnulo
1014 4181 1234 4251 epitomatorem.
1272 4183 1385 4242 UicInue
1409 4184 1463 4242 loct
1479 4187 1631 4256 superioris
1647 4199 1700 4257 pre·
1723 4167 1737 4221 ⁸

266 4295 511 4366 HXHQMOG)

267 4415 1704 4444 mmmmm

267 4473 436 4528 intratum
449 4473 487 4558 Ρ
531 4477 808 4534 deoneuetudine'm'
821 4482 861 4549 Fi
877 4479 958 4536 d'c'u·
1011 4483 1134 4552 pellente
1152 4485 1221 4540 elice
1238 4485 1363 4554 sapiente
1374 4486 1574 4558 mutumne
1615 4490 1705 4546 lotri-

267 4549 346 4599 catur
354 4544 391 4598 Ρ
427 4545 562 4614 Irte]nte
570 4549 606 4602 Ρ
642 4549 955 4624 bdnmnnl'lrnppt.s)l
1012 4557 1132 4624 geeeime
1155 4557 1191 4610 Ρ
1213 4557 1218 4624 Ι
1239 4557 1263 4611 ei
1281 4557 1327 4612 *iu
1352 4557 1389 4610 Ρ
1451 4559 1487 4613 28
1509 4560 1649 4618 teoc'o'rle
1672 4563 1705 4616 Ρ

266 4614 564 4702 houptuel‘muetuefj
581 4620 586 4686 Ι
602 4619 799 4678 ceruitctomF
841 4623 957 4678 linter·
1011 4627 1047 4681 30
1063 4626 1157 4682 heredi
1168 4625 1243 4682 'com’
1252 4633 1354 4684 etcum
1368 4629 1406 4682 Ρ
1421 4631 1425 4692 Ι
1439 4629 1571 4698 quieti*
1618 4634 1708 4688 eleo

266 4692 417 4740 uenienter
433 4687 470 4741 Ρ
506 4689 576 4744 Sero
588 4695 616 4744 et
627 4692 651 4745 ei
662 4692 727 4762 non]
738 4694 781 4757 Ρ,
794 4693 859 4748 lieet
870 4695 894 4748 ei
902 4709 957 4750 non
1009 4703 1065 4752 *em
1083 4699 1120 4750 Ρ
1166 4699 1202 4753 33
1221 4697 1366 4754 citimum
1384 4697 1421 4751 Ρ
1473 4701 1511 4756 34
1525 4702 1660 4770 pluuium
1674 4705 1708 4757 Ρ

266 4756 475 4823 F’ZXY‘M‘O,
495 4757 560 4814 lieet
577 4761 637 4816 eine
652 4762 723 4829 ΡΩ.
740 4764 805 4820 licet
822 4779 876 4819 non
889 4765 959 4820 ΜΨ
1010 4769 1047 4823 tlt
1063 4767 1220 4837 legitime'n’
1234 4768 1270 4822 Ρ
1324 4771 1360 4825 38
1376 4769 1506 4826 cet'uori'
1519 4777 1552 4827 ut
1569 4773 1655 4830 detur
1671 4775 1708 4829 Ρ

266 4827 462 4884 tremitetem
472 4829 510 4882 Ρ
551 4832 586 4886 12
596 4837 693 4888 ceneto
706 4835 741 4887 Ρ
779 4835 964 4906 repetitor
1010 4840 1046 4893 4⁰
1072 4838 1174 4894 hee'e'e
1200 4839 1239 4893 Ρ
1299 4841 1334 4896 41
1363 4841 1448 4912 luxpe
1476 4843 1511 4895 Ρ
1537 4847 1543 4913 Ι
1567 4841 1646 4902 lecto
1674 4847 1710 4900 p·

267 4898 375 4982 liquo]
389 4900 548 4970 F²,qqu¹
595 4904 629 4958 19
641 4905 789 4974 principle
799 4908 836 4959 Ρ
852 4909 856 4973 Ι
872 4907 955 4976 mem]
1010 4909 1047 4965 44
1064 4908 1179 4980 elienor]
1198 4909 1408 4968 oleumcum
1426 4912 1464 4966 Ρ

266 4983 331 5025 men
348 4969 385 5024 Ρ
435 4973 468 5028 21
487 4972 620 5044 patiente]
633 4975 768 5042 ΡΧΥΟΟ,
780 4977 905 5047 eepiente
917 4979 956 5043 M,
