3614 5460
66 279 114 326 ns
137 251 227 328 usus
248 278 343 326 suurn
365 278 412 324 ns
435 277 578 325 ιιιιιοιιιι
658 211 664 220 ⁵
749 252 832 333 831
1062 258 1257 326 XXXXVlll
1280 261 1408 324 118-
1430 259 1508 324 134

34 425 48 470 ι
68 415 159 486 legem
183 414 396 486 repetundorum
419 415 577 486 proconsuli
598 414 643 469 uel
665 415 785 484 praetori
803 414 933 470 donatum
953 419 1009 485 est,
1034 431 1089 470 non
1106 416 1209 485 poterit
1225 431 1277 471 usu
1295 414 1366 484 oapi.
1403 413 1507 468 Eadem

66 506 112 560 lex
136 505 310 559 uenditionss
333 503 483 558 locationes
507 504 567 558 eius
590 503 630 558 rei
654 495 847 572 concepturis
870 505 1018 560 minorisne
1039 503 1128 560 iactas
1146 505 1237 558 irritas
1255 503 1323 558 iacit
1339 501 1508 572 impediturus

66 593 274 662 usucapionem,
292 593 450 662 priusquam
469 593 497 647 in
515 597 679 662 potestatem
699 592 772 660 eius,
791 609 808 646 a
826 608 880 662 quo
899 591 1023 662 profecta
1040 607 1084 647 res
1103 593 1147 662 sit,
1166 592 1309 648 heredisue
1327 591 1386 645 eius
1405 591 1507 645 ueniat

28 678 47 738 9
121 681 302 736 Permessus
326 680 397 736 libro
420 681 516 750 quinto
538 679 645 734 decimo
663 693 866 749 responsorum.
904 681 955 746 Qui
974 696 1073 736 munus
1091 680 1200 750 publice
1218 679 1330 734 manda·
1349 674 1506 763 [Q
1525 683 1554 738 P

65 771 126 824 tum
146 774 261 839 accepts
277 769 396 838 pecunia
413 771 552 840 ruperunt,
571 768 683 822 crimine
701 767 912 837 repetundarum
931 770 1113 838 postulantur.
1526 778 1540 818 ι

367 1092 405 1170 dt
444 1091 508 1167 DE
535 1090 660 1167 LEGE
687 957 828 1168 fflfflg·
840 1091 905 1168 DE
932 1091 1131 1169 ANNONA
1170 1093 1208 1170 it
1525 1107 1574 1162 su

26 1249 43 1305 1
120 1245 297 1302 Esncrsuus
314 1245 383 1302 libro
401 1246 523 1302 secundo
541 1247 753 1302 institutionum.
781 1247 911 1303 Constitit
929 1247 1000 1302 inter
1017 1261 1127 1302 seruum
1147 1252 1176 1302 et
1189 1245 1329 1301 dominum
1349 1240 1504 1330 [Q
1526 1249 1546 1303 S

65 1333 208 1403 iudicium,
225 1335 250 1390 si
267 1349 403 1390 annonam
423 1334 560 1405 publicam
578 1335 722 1391 fraudasse
740 1335 815 1391 dicat
832 1335 981 1391 dominum.
1525 1343 1539 1383 ι

26 1425 46 1486 2
121 1422 272 1478 umnmns
296 1423 364 1479 libro
388 1439 461 1479 nono
485 1425 520 1479 de
543 1422 634 1479 cilicio
657 1425 839 1493 proconsulis.
876 1426 951 1494 Lege
975 1423 1043 1478 iulia
1061 1423 1096 1478 de
1114 1438 1223 1478 annona
1240 1437 1331 1492 poena
1363 1421 1546 1503 afflui

65 1511 197 1566 statuitur
215 1511 349 1566 aduersus
367 1527 439 1581 cum,
458 1513 504 1582 qui
523 1519 619 1567 contra
637 1521 772 1567 annonam
791 1511 888 1567 iecerit
899 1513 1096 1568 societatemuo
1108 1511 1211 1578 coierit,
1230 1525 1285 1580 quo
1298 1499 1406 1564 annona
1418 1512 1507 1565 carior

31 1611 44 1656 1
65 1597 124 1654 fiat.
151 1598 255 1654 Eadem
273 1599 335 1668 lege
353 1587 516 1668 continetur,
535 1616 569 1655 ne
588 1601 650 1668 quis
667 1617 766 1656 nauem
786 1606 936 1656 nautamuc
954 1603 1084 1656 ιιιιίιιειιιι
1104 1605 1153 1654 aut
1171 1598 1234 1654 dolo
1253 1599 1324 1653 malo
1340 1597 1432 1668 iaciat,
1451 1613 1506 1670 quo

30 1699 47 1744 s
66 1688 157 1758 magis
175 1687 339 1756 detineatur,
358 1694 387 1742 et
405 1703 495 1757 poena
513 1691 611 1759 uiginti
630 1703 774 1744 aureorum
795 1691 932 1746 statuitur.

26 1775 46 1834 3
121 1775 291 1845 lPurrurus
309 1777 416 1832 Iussus
434 1777 503 1832 libro
521 1779 610 1847 primo
628 1778 663 1832 do
681 1777 931 1833 constitutionibus.
958 1779 1136 1848 Imperatores
1154 1769 1506 1859 [ow-*W
1524 1779 1551 1834 E
1575 1779 1657 1830 isot'

65 1863 224 1920 Antoninus
246 1869 276 1918 et
294 1863 383 1919 Uerus
401 1864 550 1935 Augusti'
542 1883 569 1921 sn
589 1865 657 1922 haec
675 1865 761 1920 uerba
778 1867 990 1936 rescripserunt.
1009 1865 1127 1920 Minime
1146 1880 1262 1934 aequum
1282 1869 1326 1918 est
1344 1864 1506 1920 decuriones
1526 1875 1553 1915 ιι

29 1951 182 2008 1'ciuibus
204 1953 262 2010 suis
285 1951 452 2008 frumentum
476 1953 557 2008 uilius
580 1971 663 2024 quarn
687 1969 796 2008 annona
820 1955 907 2024 exigit
925 1953 1061 2010 uendere.
1097 1953 1167 2008 ltem
1186 1952 1398 2022 scripseruut²'
1390 1969 1433 2007 rus
1451 1967 1506 2008 nou

65 2055 129 2097 esse
152 2040 241 2096 ordini
264 2041 398 2110 cuiusque
419 2042 539 2097 ciuitatis
557 2043 674 2112 pretium
693 2043 771 2112 grani
790 2043 864 2111 quod
877 2043 1020 2098 inuenitur
1037 2047 1167 2096 statuere.
1203 2041 1297 2095 itcm'
1289 2057 1317 2095 ιιι
1335 2039 1403 2096 haec
1422 2040 1507 2095 uerba

65 2129 278 2199 rescripserunt:
302 2129 369 2185 'Etsi
392 2145 447 2185 non
470 2131 559 2185 solent
580 2130 632 2185 hoc
649 2146 738 2201 genus
756 2131 935 2186 nuntiationis
954 2131 1080 2186 mulieres
1098 2143 1240 2198 exercere,
1266 2133 1358 2184 tamen
1377 2119 1442 2198 quia
1459 2129 1506 2184 de·

67 2218 288 2273 ’monstraturum
307 2223 335 2273 te
353 2233 424 2288 quae
442 2217 478 2273 ad
497 2218 642 2274 utilitatem
661 2234 786 2274 annonae
804 2219 942 2290 pertinent
960 2219 1105 2290 polliceris,
1125 2214 1295 2288 praesectum
1315 2231 1440 2272 annonae
1458 2217 1506 2272 do·

66 2305 138 2363 ‘cers
155 2306 252 2378 potes'.
1525 2315 1554 2356 so

66 2559 105 2638 E
144 2559 211 2636 AD
244 2558 407 2636 LEGEM
439 2559 603 2636 IULIAM
635 2426 913 2637 PEGUEHETUS
947 2557 1009 2636 ET
1043 2557 1108 2634 DE
1141 2555 1414 2636 SACRILEGIS
1439 2555 1504 2708 ET
1523 2575 1599 2630 sup

592 2684 657 2760 DE
690 2684 905 2762 RESIDUIS
945 2685 982 2764 it

26 2839 45 2897 Ι
122 2837 274 2895 Uurmrrus
296 2837 365 2894 libro
387 2839 618 2910 quadragensimo
642 2845 740 2910 quarto
764 2839 800 2895 ad
824 2839 965 2895 Sabinum.
1001 2841 1076 2908 Lege
1098 2838 1168 2894 Iulia
1185 2837 1329 2908 peculatus
1347 2829 1544 2920 [Qui

67 2933 192 2995 unctus,
210 2942 245 2981 ne
264 2928 325 2997 quis
343 2942 378 2982 ox
396 2929 513 2998 pecunia
530 2943 610 2984 sacra
627 2929 756 2998 religiosa
774 2927 918 2998 publicaue
938 2925 1045 2982 auferat
1062 2941 1132 2982 neue
1150 2927 1306 2996 intercipiat
1323 2940 1394 2982 neue
1407 2927 1435 2980 in
1447 2941 1504 2982 rem
1524 2933 1553 2975 ss

67 3029 148 3071 snam
167 3019 258 3069 uertat
274 3029 344 3071 neus
363 3013 455 3085 iaciat,
473 3032 528 3086 quo
547 3018 609 3088 quis
627 3015 734 3072 auferat
751 3017 908 3087 intercipiat
926 3015 969 3070 uel
987 3016 1015 3070 iu
1034 3029 1091 3070 rem
1110 3031 1188 3070 suam
1207 3020 1305 3084 uertat,
1323 3003 1377 3069 nisi
1395 3016 1440 3070 cui
1453 3016 1515 3071 uti·¹

67 3118 123 3174 que
146 3103 208 3172 lege
230 3103 336 3158 licebit:
359 3119 429 3160 ncne
452 3106 514 3174 quis
536 3106 564 3160 in
582 3121 679 3160 aurum
697 3110 842 3175 argentum
861 3120 910 3160 ces
927 3103 1066 3175 publicum
1085 3103 1151 3172 quid
1170 3103 1248 3158 indat
1266 3119 1336 3158 neue
1354 3104 1507 3159 immisceat

67 3207 140 3248 neue
159 3206 214 3262 quo
232 3191 298 3261 quid
316 3192 426 3248 indatur
443 3193 630 3249 immisceatur
647 3192 731 3248 iaciat
749 3194 839 3248 sciens
857 3193 920 3248 dolo
940 3194 1020 3264 malo,
1038 3209 1093 3263 quo
1112 3193 1140 3248 id
1158 3193 1237 3262 peius
1256 3189 1313 3246 liat.

26 3279 44 3338 ξ
122 3281 242 3336 Psunus
263 3279 333 3336 libro
357 3281 502 3337 undecimo
525 3281 561 3337 ad
584 3281 725 3338 Sabinum.
762 3283 837 3351 Lege
861 3281 929 3337 lolia
947 3281 983 3338 de
1001 3281 1118 3337 residuis
1136 3286 1258 3350 tenetur,
1283 3280 1330 3350 qui
1348 3275 1546 3366 ΜΒ

65 3367 207 3441 publicam
225 3369 370 3438 pecuniam
388 3369 543 3440 delegatam
561 3371 590 3426 in
608 3387 688 3426 usum
707 3371 825 3440 aliquem
844 3371 957 3426 retinuit
974 3385 1064 3440 usque
1081 3371 1109 3425 iu
1127 3384 1190 3426 eum
1209 3369 1388 3438 consumpsit
1524 3375 1553 3416 tt

26 3455 44 3515 3
122 3455 275 3513 unrocus
297 3456 367 3512 libro
384 3458 473 3527 primo
491 3457 526 3513 de
544 3458 694 3514 adulteriis.
731 3459 878 3514 Peculstus
896 3474 987 3530 poena
1004 3474 1093 3530 equae
1111 3463 1140 3514 et
1156 3459 1228 3528 ignis
1247 3459 1329 3514 inter·
1348 3451 1504 3540 Q
1524 3459 1559 3513 S'

66 3545 232 3614 dictionem,
256 3546 285 3600 in
302 3559 384 3615 quam
403 3545 485 3601 hodie
503 3545 638 3601 successit
655 3547 824 3618 deportatio,
843 3548 973 3604 continet.
1006 3562 1088 3618 porro
1106 3549 1154 3618 qui
1172 3549 1200 3602 in
1217 3562 1280 3602 eum
1299 3551 1402 3602 statum
1421 3545 1506 3601 dedu·

65 3637 148 3703 citur,
166 3635 239 3689 sicut
256 3635 349 3690 omnia
365 3634 482 3704 pristina
499 3635 567 3701 iura,
585 3635 626 3689 ita
643 3641 672 3690 ot
689 3634 762 3690 bona
779 3636 889 3692 amittit

26 3719 41 3778 l
121 3723 298 3778 assensus
314 3721 384 3778 libro
402 3727 500 3792 quarto
519 3722 625 3778 decimo
644 3725 855 3779 institutionum.
882 3725 957 3793 Lege
975 3724 1045 3779 iulia
1056 3724 1200 3794 peculatus
1211 3727 1329 3792 tenetur,
1348 3717 1506 3806 Q
1524 3723 1545 3777 S

26 3820 38 3865 ι
64 3812 117 3882 qui
133 3811 279 3882 pecuniam
297 3825 403 3866 sacram
423 3811 579 3881 religiosam
597 3809 742 3868 abstulerit
759 3813 942 3882 interceperit.
977 3812 1033 3867 Sed
1051 3819 1081 3867 et
1098 3813 1122 3866 si
1140 3811 1270 3867 donatum
1289 3811 1342 3866 deo
1360 3811 1507 3865 immortali
1525 3817 1554 3858 tt

26 3905 41 3950 s
65 3899 227 3968 abstulerit,
245 3901 388 3969 peculatus
406 3913 496 3970 poena
513 3904 631 3954 tenetur.
668 3901 805 3956 blandatis
822 3907 914 3957 autem
935 3905 1049 3956 cauetur
1066 3899 1101 3955 dc
1120 3901 1279 3970 sacrilegiis,
1312 3895 1506 3970 (Ej‘ltp‘uffi

64 3994 99 4046 ut
122 3987 265 4060 praesides
288 3989 437 4058 sacrilegos
459 3989 579 4044 latrones
602 3988 750 4058 plagiarios
768 3991 931 4060 conquirant
948 3993 977 4044 et
995 3994 1039 4058 ut,
1062 3995 1144 4060 prout
1162 3989 1278 4058 quisquc
1296 3987 1454 4058 deliquerit,
1477 3989 1505 4043 in

63 4093 132 4136 eum
150 4077 380 4133 animaduerterit.
407 4083 437 4133 et
453 4077 494 4132 sic
512 4077 754 4136 constitutionibus
771 4079 894 4149 cauetur,
912 4082 945 4134 ut
962 4078 1089 4148 sacrilegi
1101 4081 1180 4132 extra
1191 4075 1314 4132 ordinem
1327 4077 1412 4145 digna
1430 4073 1506 4160 [lup]

62 4182 160 4240 poena
179 4167 336 4236 puniantur.

62 4272 262 4343 HXYMOO)

63 4437 74 4474 ¹
95 4431 241 4488 detincat?
312 4432 324 4467 ¹
341 4433 542 4503 rescripserunt
559 4432 657 4500 (edd.)i

61 4595 81 4649 3
93 4589 222 4663 perlecta
232 4589 287 4645 F:
277 4609 331 4646 εωο
342 4591 375 4645 is
385 4591 533 4662 irocrpios
545 4589 612 4661 πρὸς
620 4589 668 4646 ros
679 4589 761 4646 ιόιτι
814 4591 902 4648 ordini
920 4591 1036 4656 (ordinei
1049 4591 1085 4644 F·
1086 4595 1095 4654 )
1110 4590 1243 4659 cuiusque
1255 4589 1375 4646 ciuitatis
1387 4590 1505 4676 pretium

66 4663 216 4726 Bldnoa)
269 4664 287 4716 4
305 4663 352 4732 qui
367 4677 466 4716 munus
480 4663 580 4726 (minus
594 4663 640 4725 Fu
652 4663 761 4732 publice
814 4679 892 4732 granu
885 4661 981 4750 quod
991 4662 1128 4716 inuenitur
1143 4661 1274 4730 statuere]
1293 4679 1355 4723 ογιε
1374 4661 1404 4714 ιι
1417 4660 1506 4722 asroic

64 4733 229 4822 mandatum
248 4740 362 4820 accepta
380 4733 496 4804 pecunia
512 4735 718 4801 rumpemutf:
736 4733 760 4788 oi
813 4733 911 4788 suerrus
942 4734 1037 4802 bpizeus
1067 4733 1142 4786 uiuae
1167 4733 1216 4794 τοῩ
1243 4734 1315 4795 circu
1342 4734 1368 4786 B
1395 4734 1507 4797 (Aaou.)

64 4805 98 4860 τὸ
116 4803 244 4858 'euraudus
264 4822 353 4866 arroso
370 4805 497 4858 ouudcsos
516 4804 686 4874 terrorprssus
704 4813 760 4857 trs·
815 4806 849 4860 19
866 4805 903 4874 tel
923 4805 1052 4859 mnes·
1072 4808 1116 4874 lq
1118 4811 1187 4858 rrae
1202 4805 1239 4856 F²
1297 4803 1332 4857 32
1356 4803 1506 4871 sacrilegiis

65 4876 145 4945 §erip
147 4876 384 4941 essentitatem.)
431 4875 531 4929 truita
539 4874 592 4929 de
602 4875 761 4929 annonaF²
814 4877 866 4928 ssd.
879 4877 905 4930 F
943 4877 978 4930 25
995 4819 1116 4944 peculiaq
1117 4876 1151 4928 F¹
1196 4872 1367 4929 ruinosus
1405 4875 1442 4928 30
1459 4873 1506 4928 de·

66 4895 280 5002 timcnd'oasso
299 4945 334 5000 b*
394 4946 428 5000 14
451 4946 615 5016 papinianus
637 4947 681 5009 Ρ,
704 4947 760 5000 ils-
812 4937 936 5016 legatum
955 4947 991 4998 F¹
1043 4947 1078 5001 31
1097 4945 1256 5000 adulteriis
1275 4945 1312 4996 Ρ

66 5036 136 5073 uras.
157 5016 398 5086 Blimperatorii
416 5018 441 5069 F
507 5017 572 5071 16·
564 5031 608 5070 ιιι
625 5029 681 5070 uon
698 5031 760 5071 esse
