3584 5454
75 261 179 312 eoum
743 236 831 319 729
1178 240 1379 311 xxxiivi:
1402 247 1500 305 t-te

76 399 237 458 substituat.
263 405 292 458 et
308 400 396 470 magis
414 403 465 466 est,
483 403 523 470 ut,
541 400 593 456 nisi
610 413 695 457 unum
713 400 779 458 dent
795 405 1007 474 procuratorem,
1025 399 1197 458 desiderante
1215 400 1320 458 seilicet
1335 399 1387 456 boc
1399 404 1500 470 actore,

76 491 263 548 committetur
280 490 419 561 stipulatio
438 488 549 546 ob‘rem
567 505 622 546 nou
640 488 793 546 defensam:
812 507 874 546 uam
893 495 922 546 et
939 491 1029 562 plures
1047 490 1162 548 heredes
1179 491 1219 546 rei
1236 505 1349 547 necesse
1360 488 1502 546 habebunt

76 595 163 636 unum
180 579 246 635 dare
263 583 475 651 procuratorem,
493 594 528 636 ue
546 578 669 636 defensio
686 595 735 650 per
752 581 843 651 plures
861 580 1133 644 scissainoommedo
1145 581 1236 652 aliquo
1248 578 1359 636 adficiat
1370 581 1500 634 actorem.

35 675 55 723 c
77 669 152 726 aliud
170 673 214 724 est
230 669 258 724 iu
276 667 421 724 heredibus
440 669 548 739 actoris,
567 668 666 739 quibus
684 669 833 726 necessitas
845 685 899 726 non
911 669 1067 740 imponitur,
1085 674 1116 726 ut
1129 685 1274 741 perunum
1285 669 1401 739 litigent
1430 666 1500 724 lllud

76 758 219 816 sciendum
237 761 280 812 est
297 756 335 813 ibi
353 772 410 814 rem
428 772 490 814 esse
508 756 716 828 defendendam,
733 763 766 814 ut
782 761 857 814 recte
875 756 1045 829 defendatur,
1063 757 1110 814 ubi
1129 757 1212 814 debet
1228 758 1282 830 agi.
1519 767 1533 809 c

29 845 54 904 6
129 847 207 902 buu
224 845 292 902 libro
310 847 532 917 septuagensimo
549 851 648 903 octauo
667 847 702 904 ad
720 847 848 902 edictum.
873 847 1027 904 iudicatum
1045 848 1115 904 solui
1132 848 1270 918 stipulatio
1287 853 1344 904 tros
1376 857 1402 904 Β.
1408 857 1430 914 9,
1439 857 1500 914 too
1517 851 1546 907 E

77 936 213 992 clausulas
230 937 258 992 in
275 951 360 992 unum
378 937 491 994 collatas
508 935 603 992 babet:
621 937 657 993 de
674 952 704 993 rc
721 936 850 1006 iudicata,
868 935 903 992 de
921 950 951 991 re
968 935 1148 1007 defendenda,
1166 937 1202 992 de
1219 935 1283 992 dole
1300 921 1499 992 nats*

29 1023 53 1082 ‘1
130 1025 225 1082 (imus
247 1024 315 1082 libro
339 1025 489 1082 uicensimo
512 1026 629 1097 septimo
652 1025 687 1082 ad
710 1025 830 1082 edietum
853 1025 1028 1094 prouinciale.
1064 1025 1094 1083 Si
1117 1031 1181 1082 aute
1202 1029 1344 1096 accepturu
1377 1019 1501 1092 W
1519 1031 1546 1088 li

75 1113 207 1170 iudicium
230 1113 383 1184 prohibitus
405 1112 487 1170 {uerit
511 1119 669 1185 procurator
691 1131 709 1170 a
731 1114 841 1172 domino
863 1119 892 1169 et
914 1118 990 1170 actor
1013 1115 1142 1186 ignorans
1164 1113 1329 1185 prohibitum
1353 1128 1416 1170 enm
1440 1128 1502 1170 esse

76 1203 178 1274 egerit,
196 1219 232 1259 au
249 1204 389 1274 stipulatio
407 1204 611 1260 committatur?
637 1208 665 1259 et
682 1203 747 1260 nibil
765 1202 839 1260 aliud
857 1202 911 1260 dici
928 1208 1021 1275 potest
1037 1220 1118 1274 qnam
1137 1204 1279 1260 committi.
1307 1203 1382 1274 quod
1399 1203 1423 1260 si
1440 1203 1502 1274 quis
1521 1216 1549 1258 ro

75 1292 168 1348 scions
184 1291 350 1362 prohibitum
368 1308 430 1350 esse
448 1293 543 1363 egerit,
561 1293 681 1348 lulianus
699 1307 753 1350 non
772 1298 853 1364 putat
870 1293 1073 1364 stipulationem
1092 1293 1238 1350 committi:
1257 1309 1319 1348 nam
1337 1297 1370 1349 ut
1380 1293 1502 1348 commit

76 1385 166 1452 tatur,
190 1397 244 1438 uon
266 1379 393 1437 sufficere
416 1382 456 1437 ait
477 1397 539 1438 cum
560 1396 594 1438 ea
611 1397 729 1453 persona
746 1387 889 1454 acceptum
907 1397 969 1438 esse
987 1382 1132 1453 iudicium,
1155 1397 1226 1454 quae
1244 1381 1413 1452 stipulationi
1430 1395 1503 1438 conr·

75 1469 213 1541 prebensa
229 1474 285 1540 est,
309 1470 358 1526 sed
377 1474 502 1540 oportere
519 1471 603 1526 etiam
621 1486 731 1528 causam
750 1486 883 1542 personae
900 1471 1015 1528 eandem
1035 1487 1109 1542 esse,
1132 1487 1203 1543 quae
1221 1471 1404 1542 stipulationis
1421 1471 1503 1528 inter·

76 1559 221 1630 ponendae
238 1562 361 1630 temporo
379 1557 439 1615 init.
466 1563 496 1616 et
512 1559 575 1616 ideo
593 1561 666 1629 sida,
683 1561 731 1630 qui
748 1567 907 1629 procurator
924 1560 1007 1616 datus
1024 1565 1076 1630 est,
1094 1559 1173 1616 beree
1191 1560 1327 1616 cxso'terit
1342 1558 1452 1616 domino
1464 1563 1504 1616 at·

76 1663 132 1719 que
149 1649 189 1703 itu
206 1649 343 1719 acceperit
359 1648 489 1705 iudicium
508 1649 568 1705 siue
585 1650 668 1706 etiam
685 1648 838 1720 prohibitus
849 1651 994 1720 auteponit,
1013 1665 1068 1706 uon
1080 1649 1258 1706 committitur
1269 1649 1422 1720 stipulatio:
1440 1664 1504 1704 nau:
1524 1662 1552 1706 :t

77 1743 108 1794 ct
125 1739 192 1794 alias
210 1751 371 1809 responsum
389 1753 463 1807 esso,
488 1738 590 1808 siquis
609 1736 749 1794 absentem
768 1737 918 1795 defendens
935 1738 1123 1810 satisdederit,
1147 1738 1261 1810 deiude,
1284 1739 1329 1794 uel
1346 1744 1505 1809 procurator

77 1825 115 1884 ab
133 1841 166 1883 eo
183 1827 265 1883 datus
282 1827 328 1883 uel
345 1831 490 1898 postquam
509 1826 587 1884 bores
606 1828 631 1884 ei
649 1828 747 1897 extitit,
765 1828 895 1884 iudicium
913 1828 1058 1900 acceperit,
1075 1826 1250 1886 fideiussores
1266 1842 1322 1884 non
1338 1828 1434 1884 teneri.

36 1915 59 1976 8
132 1915 251 1972 Patruus
274 1915 343 1972 libro
367 1917 589 1987 septuagensimo
611 1921 709 1987 quarto
730 1916 766 1972 ad
784 1916 913 1974 edictum.
948 1916 978 1972 Si
995 1917 1097 1988 petitor
1113 1921 1178 1988 post
1194 1917 1349 1974 satisdatio·
1366 1911 1503 2002 Q
1521 1923 1550 1980 Ε

79 2020 142 2062 uem
161 2010 225 2060 ante
242 2005 372 2062 iudicium
390 2010 533 2076 acceptum
551 2006 630 2064 heres
647 2006 799 2078 possessori
816 2007 959 2077 exstiterit,
977 2007 1145 2076 extinguitur
1162 2006 1311 2076 stipulatio.
1523 2017 1552 2060 :a

38 2094 59 2154 9
134 2094 282 2152 Uarrones
305 2092 374 2151 libro
392 2099 489 2165 quarto
507 2095 613 2152 decime
632 2096 667 2152 ad
685 2096 813 2152 edictum.
849 2095 1002 2152 ludioatum
1021 2095 1091 2152 solui
1108 2095 1248 2166 stipulatio
1266 2110 1347 2166 expe
1365 2090 1503 2179 [lt-'Q
1522 2101 1563 2156 Ε·

79 2183 165 2240 ditatu
183 2182 267 2240 babet
283 2184 476 2254 quantitatem:
495 2185 647 2240 intantum
666 2185 738 2241 enim
756 2185 941 2254 committitur,
960 2185 1137 2254 inquantum
1154 2183 1479 2255 indexpronuutiauerit.

18 2273 61 2333 10
132 2273 325 2330 lloouarrrsus
341 2271 411 2330 libro
428 2279 526 2343 quarto
543 2274 748 2345 pandectarum.
776 2273 806 2330 Si
823 2274 859 2330 ad
876 2272 1077 2330 defendendum
1092 2277 1266 2344 procurator¹
1281 2273 1329 2329 da·
1347 2267 1503 2357 [sa—Q
1520 2280 1549 2336 Ε

78 2367 125 2418 tus
148 2361 241 2432 luerit,
264 2361 398 2418 satisdare
419 2361 528 2420 iubetur
544 2364 693 2419 iudicatum
712 2363 781 2420 solui
799 2363 988 2434 stipulatione,
1011 2377 1081 2434 quae
1099 2378 1154 2419 non
1172 2361 1284 2433 abipso
1301 2363 1505 2433 procuratore²,

78 2451 129 2508 sed
153 2467 170 2506 a
193 2451 303 2508 domino
320 2452 377 2508 litis
394 2452 582 2523 interponitur.
613 2452 688 2524 quod
705 2452 730 2508 si
746 2457 905 2526 procurator
923 2452 1039 2523 aliquem
1057 2451 1200 2523 defendat,
1223 2452 1283 2523 ipse
1300 2452 1408 2522 cogitur
1425 2451 1504 2508 satis-
1602 2481 1608 2498 .

78 2540 145 2597 dare
162 2540 312 2596 iudicatum
330 2541 400 2597 solui
417 2542 601 2612 stipulatione.
1523 2554 1553 2596 re

21 2631 59 2690 11
132 2631 251 2687 Patruus
262 2629 331 2686 libro
343 2631 565 2702 septuagensimo
577 2634 675 2700 quarto
686 2629 722 2686 ad
734 2629 863 2686 edictum.
890 2627 920 2686 Si
932 2643 1037 2701 seruus,
1055 2629 1102 2701 qui
1114 2629 1142 2686 in
1153 2643 1211 2686 rem
1224 2629 1331 2686 actiorm
1349 2624 1504 2714 Q
1524 2636 1579 2710 Es·

78 2719 233 2792 petebatur,
250 2719 298 2776 lite
315 2724 469 2776 contestata
485 2719 642 2789 decesserit,
661 2719 759 2774 deiude
777 2733 920 2790 possessor
936 2719 1012 2776 litem
1029 2719 1188 2791 deseruerit,
1206 2719 1317 2790 quidam
1330 2717 1506 2778 fideiussores

79 2810 140 2866 eius
158 2824 207 2880 pro
225 2808 370 2865 litedatos
388 2823 442 2865 nou
459 2809 547 2864 teneri
564 2813 669 2880 putant,
688 2809 753 2878 quia
771 2812 877 2864 mortuo
895 2807 1004 2866 homine
1022 2809 1096 2865 nulla
1113 2809 1167 2864 iam
1185 2824 1229 2866 res
1246 2809 1297 2866 sit:
1315 2808 1389 2879 quod
1407 2806 1505 2864 falsum

80 2903 132 2970 est,
150 2899 277 2968 quoniam
296 2897 407 2969 expedit
423 2897 459 2954 de
477 2899 612 2954 edictione
631 2898 746 2954 actionis
764 2899 968 2956 conseruandae
986 2913 1077 2970 cansa,
1096 2899 1162 2956 item
1179 2897 1315 2956 iructuum
1328 2899 1506 2954 nominarem

79 2987 202 3045 indicari.
1526 3001 1555 3044 :o

24 3075 62 3135 12
133 3078 304 3132 Pouroruus
327 3073 395 3131 libro
417 3075 568 3132 uicensimo
591 3079 670 3132 sexto
693 3075 729 3132 ad
751 3074 891 3132 Sabinum.
928 3076 939 3145 Ι
963 3075 993 3133 si
1016 3091 1079 3134 reus
1103 3081 1166 3149 pest
1183 3077 1332 3134 iudicatum
1351 3071 1507 3162 Q
1525 3085 1546 3142 s
1574 3086 1592 3134 t.
1602 3086 1647 3135 tec

80 3167 151 3224 solui
169 3165 204 3222 ab
222 3180 257 3221 eo
274 3165 367 3220 datum
386 3165 414 3220 in
432 3165 596 3236 magistratu
614 3165 650 3220 sit
667 3179 718 3220 nec
736 3164 838 3222 inuitas
856 3167 883 3222 in
902 3165 944 3222 ius
962 3167 1054 3224 uocari
1072 3167 1174 3239 possit,
1191 3172 1292 3239 mmcn,
1311 3167 1363 3222 uisi
1380 3181 1425 3223 res
1442 3166 1508 3224 boui

80 3256 132 3312 uiri
151 3255 283 3311 arbitratu
300 3253 471 3324 delendutur,
492 3252 667 3310 fideiussores
683 3257 819 3310 tenentur.

26 3343 64 3404 13
133 3343 286 3400 Unrmrsus
301 3342 370 3399 libro
388 3344 505 3414 septimo
523 3342 747 3414 disputationum.
778 3342 846 3400 Cum
865 3342 1056 3416 quaerebatur,
1075 3344 1099 3401 si
1116 3344 1275 3416 interposita
1292 3345 1332 3400 iu·
1350 3339 1507 3430 Q
1526 3353 1547 3410 s

80 3433 202 3490 dicatum
220 3433 290 3489 solui
308 3432 491 3503 stipulatione,
509 3447 571 3486 cum
589 3432 725 3502 quierem
744 3447 798 3490 non
816 3431 984 3506 defenderet,
1000 3439 1098 3506 postea
1115 3449 1150 3491 ex
1168 3433 1331 3490 oremodicio
1344 3435 1507 3490 sententiam
1526 3447 1555 3491 ec

80 3529 157 3580 esset
173 3538 280 3594 pasus,
298 3537 334 3578 an
352 3521 388 3578 ob
405 3536 462 3576 rem
481 3521 629 3578 iudicatam
643 3523 765 3578 clausula
776 3524 973 3580 committatur:
991 3522 1115 3582 dicebam
1127 3540 1209 3580 unam
1221 3524 1371 3580 claussdam
1382 3524 1411 3580 in
1422 3525 1507 3596 stipu-

80 3613 183 3670 latione
204 3611 354 3668 iudicatum
377 3611 447 3666 solui
467 3615 496 3666 et
513 3610 549 3666 ob
566 3626 623 3667 rem
642 3627 696 3667 non
714 3610 855 3668 defensam
874 3618 903 3670 et
919 3611 956 3670 ob
973 3629 1030 3670 rem
1049 3613 1196 3670 iudicatam
1214 3613 1243 3669 in
1260 3628 1291 3668 se
1307 3611 1422 3669 babere:
1444 3629 1508 3670 cum

81 3703 166 3774 igitur
183 3701 332 3758 iudicatum
349 3700 420 3758 solui
438 3701 577 3772 stipulatio
595 3716 650 3756 una
667 3700 793 3757 cludatur
810 3703 940 3773 clausula,
961 3703 1021 3759 siue
1038 3718 1082 3760 res
1099 3702 1234 3760 iudicetur
1250 3703 1310 3758 siue
1327 3716 1372 3758 res
1388 3717 1443 3758 nou
1462 3702 1508 3759 de·

81 3791 222 3862 fendatur,
246 3790 342 3846 merito
365 3790 519 3861 quaeritur,
543 3791 567 3846 si
590 3791 693 3846 ⁸altera
714 3806 799 3846 causa
821 3793 1018 3863 committatur,
1042 3808 1078 3848 an
1094 3807 1130 3848 ex
1147 3793 1234 3868 altera
1250 3807 1357 3848 rursum
1375 3791 1509 3848 committi

81 3881 178 3954 possit.
206 3895 271 3936 ecce
289 3881 360 3935 enim
378 3880 402 3935 si
420 3879 482 3950 quis
500 3879 659 3951 stipuletur:
679 3879 709 3935 ‘si
728 3881 806 3936 nauis
824 3895 859 3936 ex
871 3880 939 3936 Asia
956 3882 1071 3953 uenerit,
1090 3885 1138 3938 ant
1149 3882 1173 3938 ei
1185 3881 1274 3937 Titius
1287 3881 1381 3938 consul
1393 3879 1509 3952 fueriti,
1526 3895 1556 3937 so

82 3975 199 4041 constat,
217 3969 276 4026 siue
295 3969 374 4026 nauis
390 3969 464 4039 prior
482 3970 588 4024 uenerit
606 3969 665 4026 siue
676 3968 766 4025 Titius
784 3971 878 4026 consul
897 3975 960 4028 aute
978 3969 1067 4028 iactus
1085 3971 1129 4041 sit,
1147 3970 1281 4028 committi
1292 3971 1509 4040 stipulationem:

81 4060 132 4118 scd
151 4059 198 4116 ubi
216 4059 362 4114 commissa
380 4063 422 4114 cst
440 4073 474 4113 ex
491 4059 582 4129 priore
600 4073 692 4129 causa,
714 4073 748 4114 ex
766 4059 860 4131 altera,
879 4060 942 4116 licet
960 4061 1061 4116 existat
1078 4059 1209 4129 condicio,
1228 4059 1346 4130 amplius
1363 4075 1418 4117 uon
1436 4073 1509 4115 conr-

81 4151 212 4207 mittitur:
234 4150 320 4204 altera
337 4163 421 4204 causa
438 4148 524 4218 enim,
543 4163 598 4204 uon
616 4151 731 4218 utraque
749 4149 836 4204 inerat
853 4149 1029 4220 stipulationi.
1054 4149 1173 4220 proinde
1190 4147 1352 4220 uidendum,
1371 4148 1510 4218 stipulatio

81 4239 119 4298 ob
136 4255 193 4295 rem
212 4253 266 4293 non
284 4236 425 4294 defensam
443 4240 533 4293 utrum
552 4237 698 4294 commissa
714 4243 758 4294 est
775 4253 805 4294 re
822 4252 877 4294 non
895 4236 1009 4294 defensa
1023 4254 1059 4295 an
1071 4253 1125 4294 non
1137 4239 1212 4310 prius
1225 4237 1344 4294 creditur
1355 4237 1510 4310 commissa,

81 4329 136 4387 uisi
154 4344 188 4384 ox
207 4327 381 4398 stipulatione
399 4327 432 4384 lis
450 4325 534 4384 fuerit
551 4326 725 4384 contestata?
742 4326 817 4399 quod
831 4327 919 4398 magis
933 4331 989 4384 est:
1007 4331 1036 4385 et
1047 4326 1109 4384 ideo
1121 4342 1173 4384 nec
1183 4325 1390 4384 fideiussoribus
1401 4326 1510 4384 uidetur
1528 4339 1557 4383 ee

81 4435 276 4504 mmcd)

82 4601 94 4704 ἔ
112 4595 346 4736 ἓυωςῆτῗῑοτὲῂὶὲ
357 4594 482 4722 ςῖξηίωτ
494 4595 538 4671 (cs.
553 4593 850 4658 Guim4,101:Keller
862 4595 966 4666 aliique)
1024 4593 1098 4666 'finit
1109 4593 1250 4665 cognitore
1301 4594 1360 4652 ⁸ex
1373 4603 1420 4652 ina.
1432 4595 1511 4664 (edd.)

143 4683 182 4723 err
234 4682 266 4722 ac
279 4682 312 4722 us
347 4683 369 4722 u

84 4825 394 4884 1desiderantsm⁴r2
439 4823 596 4882 best‘s'ibi
615 4822 664 4879 F’l
708 4824 772 4882 'ido
826 4823 933 4890 amet,
951 4832 1051 4880 aertwrt
1065 4825 1160 4882 Graeci
1203 4825 1354 4894 didatuur]
1368 4824 1459 4881 datam
1472 4825 1511 4879 Ρ

84 4913 115 4954 rc
135 4897 267 4968 iudicata]
290 4895 321 4952 ὀΒ
344 4896 392 4968 ῥἐκ
415 4897 564 4962 iortradraa
587 4897 614 4951 Β
631 4896 740 4964 (Anca.)
765 4897 770 4964 Ι
825 4897 860 4952 33
882 4899 1027 4952 tenentur
1050 4898 1075 4951 F
1076 4897 1088 4931 ’
1167 4897 1202 4954 35
1228 4897 1410 4953 heremodicio
1432 4915 1511 4980 :teque

84 4967 302 5026 detendenda‘m’
319 4967 355 5024 de
377 4969 414 5024 F*
477 4970 511 5025 19
534 4968 711 5038 extinguetur
734 4967 772 5020 ΡΙ
860 4975 959 5039 tequam
976 4975 1037 5024 mut.
1056 4969 1082 5022 F
1122 4969 1157 5025 36
1175 4969 1332 5026 comitiatur
1349 4969 1375 5022 F
1418 4967 1453 5023 43
1470 4983 1510 5024 m·

84 5043 120 5098 2'1
137 5039 313 5098 fideiussores
330 5041 390 5096 eius
402 5049 457 5112 ‘pro
470 5041 517 5097 lite
528 5039 608 5096 datos
620 5055 674 5096 non
685 5038 772 5096 teneri
851 5037 935 5116 a'erat
952 5033 999 5094 prr
