3616 5468
272 255 420 324 xxxnn
444 258 460 322 1
485 263 600 318 16-18
946 252 1031 334 146
1451 277 1498 324 ors
1520 275 1704 324 emmunim

272 418 417 483 maturum,
436 417 475 483 ut,
493 413 518 468 si
535 412 645 483 quidem
664 413 730 469 uiua
747 428 781 470 sa
798 417 828 468 et
844 413 871 470 ei
889 413 1056 485 praestabat,
1075 413 1159 470 nihilo
1177 415 1266 470 miuus
1278 415 1314 470 ad
1326 411 1568 470 fideicommissum
1580 413 1706 470 mmitte

240 507 361 574 aretur,
379 503 457 558 aliter
473 515 540 560 uero
558 517 621 558 non.
657 502 775 558 Basiliee
792 501 907 558 libertae
926 503 1022 560 deeem
1042 502 1130 572 dedit,
1148 517 1231 573 quam
1250 503 1324 574 apud
1342 503 1499 574 Epiotetum
1517 508 1546 558 et
1564 502 1705 559 Callistum

271 591 384 648 lrbertos
400 605 463 648 esso
480 591 579 661 uoluit,
597 595 637 658 ut,
656 607 719 648 oum
736 589 820 648 fuerit
835 592 954 648 Basiliee
972 607 1104 648 annorum
1122 592 1221 662 uiginti
1238 593 1367 662 quinque,
1385 607 1447 648 oum
1465 592 1557 648 usuris
1575 593 1705 662 quiuoun·

272 680 350 738 uibus
370 681 579 738 restituerentur
596 681 648 750 ite,
671 685 704 737 ut
721 695 756 736 ex
774 681 863 738 usuris
882 683 1013 751 aleretur,
1037 686 1118 751 prout
1136 686 1255 738 aetatem
1274 681 1459 752 ampliauerit:
1481 683 1639 751 quaesitum
1656 685 1706 751 est,

272 786 308 826 an
326 786 361 827 ex
378 771 432 826 alio
449 770 547 840 eapite,
566 785 621 840 qno
639 770 803 840 generaliter
820 770 925 826 libertis
944 769 1148 841 libertabusque
1167 770 1270 826 oibaria
1287 771 1457 827 etuestiaria
1468 775 1497 826 et
1508 770 1705 828 habitationem
1725 803 1729 812 ·
1781 805 1808 815 -

270 859 387 932 reliquit,
406 859 489 916 etiam
507 859 625 915 Basilioe
642 858 812 916 deberentur.
840 861 982 930 respoudit
998 859 1148 916 seeundum
1167 875 1202 916 ea
1218 875 1290 932 quae
1307 865 1521 930 proponerentur
1536 876 1592 916 non
1604 859 1705 928 deberi,

272 948 325 1004 nisi
342 947 394 1004 hoo
412 963 521 1018 quoque
538 949 565 1004 ei
582 947 677 1004 datum
694 948 864 1020 probaretur.
901 949 1067 1007 Ousuums:
1090 950 1154 1019 qnia
1171 949 1360 1006 destinauerat
1377 949 1513 1012 alimentis
1530 949 1591 1004 eius
1610 964 1705 1006 ιιιιιιιι

240 1037 413 1108 tpaeuniae,
431 1052 501 1108 quas
519 1037 673 1108 speoialiter
690 1038 717 1094 ei
733 1039 949 1109 praelepauerat
980 1038 1033 1105 Qui
1050 1039 1210 1095 sotietatem
1229 1037 1350 1096 omnium
1362 1037 1495 1094 bonorum
1513 1053 1625 1094 snomm
1644 1053 1705 1094 eum

271 1142 357 1186 uxore
374 1141 426 1183 sua
442 1141 491 1198 per
508 1141 595 1182 annos
613 1127 731 1198 emplius
747 1127 930 1199 quadraginta
946 1127 1056 1198 habuit,
1079 1131 1245 1184 testamento
1267 1127 1382 1184 eandem
1401 1141 1513 1182 uxorem
1531 1133 1562 1182 et
1579 1131 1705 1198 nepotem

272 1231 307 1274 er
324 1214 379 1272 lilio
398 1217 494 1286 aequis
510 1215 634 1286 partibus
652 1215 768 1272 heredes
785 1217 895 1288 reliquit
912 1223 941 1274 et
957 1218 997 1273 ita
1014 1217 1101 1273 osuit:
1120 1217 1192 1274 'item
1211 1217 1315 1274 libertis
1334 1218 1410 1286 meis,
1428 1232 1498 1287 quos
1512 1217 1594 1272 uiuus
1613 1232 1705 1272 manu·

272 1305 349 1376 misi,
368 1319 403 1360 es
419 1320 490 1376 quae
507 1303 699 1374 praestabam'.
735 1308 890 1376 quaesitum
909 1310 966 1377 est,
984 1323 1021 1363 an
1038 1313 1067 1362 et
1084 1307 1130 1377 qui
1149 1322 1182 1364 eo
1200 1312 1336 1377 tempore,
1360 1322 1415 1376 quo
1433 1306 1551 1362 sooietae
1569 1305 1642 1360 inter
1659 1319 1706 1360 ees

271 1394 430 1465 permanmt,
449 1394 609 1451 manumissi
626 1393 661 1451 nb
680 1397 802 1467 utrisque
820 1402 850 1454 et
867 1411 1026 1454 eommuues
1042 1395 1134 1452 liberti
1156 1394 1222 1452 iaoti
1240 1399 1318 1466 sunt,
1341 1409 1463 1466 eaquae
1482 1411 1499 1450 ι
1517 1394 1630 1450 uiuente
1647 1408 1705 1463 per-

271 1481 411 1555 olpiebaut
428 1483 518 1540 solida
535 1497 569 1539 ex
587 1481 798 1542 fidsioommisso
816 1490 911 1557 petere
928 1485 1043 1557 possint.
1071 1485 1212 1556 respondit
1235 1501 1290 1542 non
1308 1485 1439 1556 amplius,
1461 1500 1544 1555 quam
1568 1482 1644 1554 quod
1665 1481 1706 1538 uir

271 1587 321 1644 pro
338 1588 390 1628 eun
406 1576 485 1643 parte
502 1571 669 1643 praestabat,
687 1573 789 1630 deberi.

215 1661 253 1721 17
324 1662 402 1718 Insrr
419 1661 489 1718 libro
507 1677 580 1718 nouo
597 1661 705 1718 deoimo
722 1662 901 1734 digestomm.
937 1663 1039 1722 Seruus
1056 1661 1092 1718 ed
1110 1661 1262 1718 eustodiam
1286 1662 1380 1734 templi
1400 1663 1514 1732 relique·
1533 1655 1706 1745 Q

271 1755 315 1808 rat
332 1756 362 1806 et
378 1750 421 1806 luis
438 1749 474 1808 ab
491 1750 591 1806 herede
608 1752 751 1822 legauerat
767 1751 810 1808 his
827 1753 933 1810 uerbis:
953 1752 1025 1822 ‘peto
1048 1750 1166 1821 fideiqne
1189 1757 1254 1808 tuae
1278 1752 1432 1822 oommitto,
1456 1756 1487 1806 ut
1509 1749 1560 1808 des
1582 1753 1705 1820 praestas

273 1841 308 1898 'in
325 1839 484 1896 memoriam
509 1855 598 1896 meam
621 1840 778 1910 pedisequis
803 1842 883 1912 meis,
908 1856 977 1912 quoa
999 1841 1037 1896 ad
1059 1856 1153 1897 euram
1177 1842 1272 1912 templi
1296 1841 1406 1910 reliqui,
1428 1840 1544 1910 siugulis
1566 1843 1706 1896 menstrua

272 1929 383 1986 'sibaria
400 1933 429 1984 et
446 1945 537 1986 annue
555 1929 685 1986 uestiaria
702 1928 793 1986 oerte'.
819 1931 973 2001 quaesitum
994 1937 1051 2001 est,
1076 1945 1138 1986 oum
1156 1932 1290 2002 templum
1309 1929 1429 1986 nondum
1448 1933 1523 1986 esset
1540 1931 1704 1997 extruetur,

270 2035 306 2077 ex
323 2019 368 2076 die
386 2018 481 2074 mortis
498 2034 534 2074 au
551 2033 618 2074 uero
636 1993 671 2074 ei
689 2033 723 2075 eo
740 2025 878 2091 tempore,
896 2035 951 2091 que
969 2020 1101 2091 templum
1120 2021 1277 2090 explieitum
1296 2017 1392 2089 fuerit,
1409 2019 1550 2090 peroipsre
1568 2018 1643 2074 serui
1660 2017 1705 2072 de

270 2109 355 2166 bemt
375 2109 506 2179 legatum.
537 2107 679 2178 respondit
700 2105 791 2166 oilieio
814 2109 912 2166 indiois
934 2109 1063 2166 heredem
1087 2109 1304 2180 oompelleudum
1328 2109 1417 2165 seruis
1438 2108 1534 2164 relleta
1556 2112 1704 2178 praestare,
1798 2114 1803 2115 ’

270 2198 359 2255 donee
375 2197 506 2269 templum
525 2200 720 2254 exstrueretur.

214 2286 252 2348 18
324 2288 401 2344 lours
424 2285 493 2343 lrbro
516 2286 647 2343 uioesimo
669 2285 848 2356 digestomm.
884 2286 1014 2357 libertis,
1038 2302 1107 2358 quos
1126 2292 1291 2344 testamento
1309 2286 1513 2355 manumiserunt,
1532 2279 1705 2368 [Q

271 2377 459 2434 nlimsntorum
487 2375 597 2434 nomine
624 2379 780 2432 menstruos
802 2376 897 2432 deeem
921 2377 1075 2447 legauerat,
1100 2377 1200 2434 deinde
1229 2376 1360 2434 oodieillis
1388 2375 1552 2446 generediter
1579 2371 1705 2430 omnibus

270 2467 374 2525 libertis
392 2470 546 2522 menstruos
564 2470 668 2534 reptem
688 2469 717 2520 et
734 2481 840 2522 annuos
859 2462 980 2522 neslinrii
998 2466 1107 2522 nomine
1125 2465 1212 2524 denes
1230 2465 1346 2536 legauit:
1370 2465 1525 2536 quaesitum
1543 2468 1600 2534 est,
1625 2479 1661 2518 su
1678 2465 1706 2516 et

271 2571 306 2614 ex
323 2559 489 2614 testamento
507 2559 536 2610 et
553 2569 588 2610 ex
606 2553 737 2610 eodioillis
754 2553 859 2610 libertis
876 2553 1118 2610 lideioommissum
1131 2554 1245 2610 heredes
1257 2560 1398 2626 praestare
1410 2552 1538 2610 debeant.
1564 2550 1706 2622 respondit

255 2646 336 2704 nihil
353 2645 477 2717 proponi,
496 2659 545 2700 eur
562 2659 617 2699 nou
634 2658 682 2713 ea,
700 2657 772 2712 qnae
791 2641 921 2700 oodioillis
940 2643 1006 2700 deta
1023 2649 1251 2715 proponerentur,
1269 2643 1404 2714 praestari
1421 2641 1567 2698 deberent:
1588 2657 1653 2696 nam
1671 2637 1705 2694 ab

271 2735 327 2806 lds,
345 2749 417 2806 quae
433 2737 600 2790 testamento
617 2731 779 2788 cibariorum
797 2731 906 2788 nomine
925 2733 1017 2803 legata
1034 2739 1141 2803 esseut,
1160 2748 1299 2789 reoesaum
1318 2737 1362 2788 est
1377 2736 1490 2804 propter
1507 2746 1552 2800 ea,
1571 2745 1643 2800 qnae
1661 2744 1705 2784 eo

238 2831 252 2877 1
272 2823 369 2880 dioillis
385 2824 482 2880 reliota
499 2826 571 2879 sunt.
604 2820 778 2876 llanumissis
795 2824 960 2878 testamento
978 2822 1082 2878 oibaria
1099 2839 1198 2893 annua,
1216 2823 1241 2878 si
1258 2837 1320 2878 oum
1339 2825 1427 2879 matre
1444 2837 1531 2878 mora
1550 2814 1705 2904 Q

270 2911 385 2984 buntur,
409 2927 459 2984 per
481 2910 720 2968 fideieommissum
745 2909 834 2965 dedit:
857 2915 945 2966 meter
968 2910 1023 2968 filio
1045 2913 1163 2968 triennio
1181 2912 1193 2984 ll
1212 2911 1365 2982 superuixit
1387 2925 1476 2981 neque
1496 2909 1600 2966 oibsria
1616 2923 1704 2980 neque

271 3001 402 3059 uestiaria
419 3002 460 3058 eis
477 3001 622 3072 praestitit,
640 3015 702 3055 eum
720 2999 749 3054 iu
766 2999 899 3070 petitione
916 2998 1119 3058 fideicommissi
1137 3000 1227 3057 liberti
1245 3006 1399 3057 cessarent:
1417 2999 1467 3056 sed
1485 3005 1514 3056 et
1524 2997 1581 3058 filia
1597 3005 1704 3070 postea·
1796 3000 1801 3020 ³

271 3106 354 3163 quam
372 3091 454 3148 matri
471 3090 551 3146 heres
569 3090 683 3160 exstitit,
701 3089 792 3160 quoad
810 3089 881 3146 uixit
898 3090 977 3146 aunis
995 3090 1213 3162 quatuordeeim
1231 3091 1403 3162 interpellata
1418 3090 1453 3146 de
1465 3088 1553 3146 isdem
1566 3087 1705 3146 soluendis

271 3198 327 3240 nou
344 3185 395 3240 est
423 3181 577 3252 quaesitum
594 3184 645 3250 est,
665 3177 1004 3250 anpostmortemliliae
1023 3180 1207 3238 saeuissime
1230 3179 1329 3236 herede
1352 3184 1446 3249 petere
1468 3179 1576 3250 possint
1598 3183 1628 3234 et
1648 3182 1704 3232 tarn

271 3271 411 3342 praeteriti
435 3269 566 3340 temporis
590 3285 671 3339 quam
695 3266 780 3324 futuri
802 3267 845 3339 id,
870 3269 945 3338 quod
972 3268 1134 3326 cibariorum
1162 3269 1272 3326 nomine
1298 3273 1328 3324 et
1353 3268 1475 3325 uestiarii
1502 3269 1627 3324 relietum
1654 3271 1703 3322 eet.

239 3360 425 3432 trespondit,
447 3359 472 3416 si
495 3358 619 3415 eondiolo
642 3357 804 3426 exstitisset,
829 3357 896 3412 nihil
919 3359 1048 3430 proponi,
1072 3375 1121 3414 our
1144 3375 1199 3416 non
1216 3363 1339 3430 possent.
1374 3357 1420 3416 Ab
1438 3356 1585 3414 heredibus
1602 3351 1705 3441 [ᾗ

271 3449 394 3507 Stlohum
412 3448 568 3506 manumitti
590 3447 678 3504 uoluit
700 3447 795 3516 eique,
820 3447 845 3502 ri
867 3463 930 3502 oum
948 3447 1012 3504 Seio
1035 3453 1201 3519 moraretur,
1224 3447 1327 3504 oibaris
1344 3451 1373 3503 st
1390 3447 1520 3504 uesdmia
1537 3445 1705 3518 praestaria

272 3538 348 3596 Seio:
366 3539 466 3596 deiude
484 3537 553 3594 haee
570 3535 656 3594 uerba
668 3536 782 3592 adieoit:
803 3537 854 3592 '¹te
872 3540 974 3608 sutem,
993 3536 1047 3609 Sei,
1065 3543 1139 3607 peto,
1158 3541 1198 3606 ut,
1217 3553 1278 3594 oum
1293 3537 1329 3592 ad
1342 3553 1443 3594 aunum
1455 3537 1616 3592 uicesimum
1628 3536 1704 3607 quiu-

272 3627 337 3686 'tum
354 3628 527 3700 perueneris,
550 3626 674 3684 militiam
697 3625 723 3682 ei
741 3641 898 3697 eompares,
921 3628 945 3682 si
968 3631 1060 3682 tamen
1084 3632 1113 3682 ts
1136 3631 1200 3682 ants
1223 3642 1278 3682 nou
1299 3625 1455 3697 reliquerit.
1481 3625 1637 3696 quaesitum
1655 3630 1704 3694 est,

272 3716 367 3776 Stioho
385 3719 478 3776 statim
494 3716 649 3773 libertatem
667 3719 823 3784 oomeeuto,
841 3716 917 3786 prius
936 3721 1028 3772 autem
1046 3713 1176 3772 defuneto
1189 3714 1253 3771 Seio
1269 3731 1352 3786 quam
1370 3715 1406 3770 ad
1424 3731 1525 3772 anunm
1544 3715 1705 3772 meesimnn

272 3807 397 3878 quintum
413 3806 582 3878 perueniret,
606 3821 642 3860 an
659 3801 695 3859 ab
712 3803 769 3874 his,
793 3804 830 3860 ed
853 3819 922 3874 quos
940 3804 1014 3862 bona
1031 3803 1087 3860 Seii
1110 3809 1306 3874 peruenerunt,
1329 3805 1426 3861 militia
1443 3803 1537 3860 Stioho
1555 3803 1707 3874 eomparari

273 3895 376 3952 debet?
394 3899 423 3952 et
441 3897 465 3952 si
481 3896 572 3966 plaeet
588 3892 691 3962 deberi,
709 3898 800 3948 utrum
819 3895 912 3950 stetim
931 3894 1027 3949 militia
1044 3892 1228 3964 eomparanda
1245 3894 1282 3948 sit
1299 3909 1335 3948 an
1352 3909 1386 3949 eo
1403 3899 1535 3963 tempore,
1554 3908 1610 3962 quo
1627 3891 1717 3948 Seius'

273 3999 375 4040 aunum
397 3985 557 4042 uieesimum
581 3982 706 4053 quintum
729 3983 888 4053 expleturus
910 3982 1021 4053 luisset,
1045 3983 1069 4037 ai
1092 3981 1311 4050 superuixisseti
1335 3983 1490 4053 respondit,
1512 3997 1575 4036 oum
1599 3982 1707 4052 plaoest

241 4073 497 4144 toomparaudam,
521 4088 575 4128 non
593 4075 657 4128 ante
675 4069 783 4142 deberi,
807 4087 890 4142 quam
906 4071 936 4127 id
953 4077 1062 4142 tempus
1080 4072 1218 4128 oessisset.
1254 4072 1391 4128 Postumis
1410 4070 1556 4127 heredibus
1573 4071 1707 4126 institutis

274 4167 303 4218 et
319 4167 398 4232 putre
415 4167 444 4218 et
461 4166 557 4232 matre,
575 4165 604 4217 et
622 4159 816 4216 substitutione
833 4159 908 4218 faeta
926 4163 1032 4216 setores
1050 4161 1209 4216 manumisit
1227 4165 1256 4216 et
1271 4162 1379 4232 peeulia
1396 4161 1436 4216 eis
1453 4161 1559 4231 legauit
1575 4164 1707 4216 stannus

274 4255 303 4308 et
320 4251 540 4308 esrm¹1ibertis
558 4249 616 4307 suis
633 4251 726 4320 legata
744 4253 773 4304 et
790 4249 850 4306 aliis
868 4249 970 4306 exteris
990 4249 1081 4320 plura:
1105 4249 1204 4306 deiude
1227 4257 1291 4321 post
1307 4249 1502 4306 testamentum
1519 4247 1625 4306 fautum
1643 4256 1707 4306 nata

273 4338 330 4397 fllia
347 4339 478 4398 oodieillis
495 4341 535 4396 ita
552 4339 639 4396 osuit:
659 4339 690 4396 'si
707 4338 773 4409 quid
791 4344 969 4409 testamento,
994 4339 1068 4410 quod
1091 4343 1156 4396 ente
1173 4339 1226 4396 hoo
1242 4345 1351 4410 tempus
1369 4337 1434 4410 ieei,
1458 4340 1549 4411 legaui
1566 4341 1631 4396 oni⁸
1648 4339 1706 4396 dari

275 4437 518 4508 HWDEQIOK)

276 4563 324 4615 ιι
340 4568 389 4616 ιιι.
406 4561 485 4629 (edd.)
555 4561 615 4616 ’et
632 4561 722 4631 oertis]
741 4561 830 4618 ethis
847 4567 877 4618 et
894 4562 1012 4618 ueteris?
1082 4563 1214 4619 ⁸euiue'l

275 4689 457 4748 semideus
476 4693 513 4745 F’
565 4691 748 4750 abusione
765 4696 801 4750 Ρ
853 4695 962 4751 liuius·
1015 4701 1120 4754 roratur
1142 4697 1175 4752 F:
1203 4694 1249 4751 ‘sle
1272 4695 1344 4763 stirs
1366 4697 1393 4752 Β
1415 4697 1497 4768 (Tim)
1516 4697 1522 4762 Ι
1543 4697 1649 4754 minaria
1669 4699 1706 4753 F¹

274 4763 364 4850 rie?
404 4761 618 4820 lidebereturF
654 4765 803 4822 ,mys
841 4768 875 4822 16
886 4765 962 4823 lidsi·
1014 4769 1051 4824 43
1068 4773 1176 4826 autores
1197 4749 1355 4824 manumisit
1430 4769 1467 4824 ts
1484 4767 1571 4839 plura]
1593 4771 1707 4834 reinone

274 4848 361 4959 22⁸⁰
379 4834 416 4889 Ε*
460 4836 494 4891 18
511 4833 661 4890 eluarlaF¹
706 4839 740 4894 21
759 4841 963 4894 exwtrueretur
1016 4837 1182 4912 ιἰιεγθέρωιι
1207 4841 1245 4896 sei
1263 4857 1328 4896 τιοιι
1347 4837 1436 4902 sirius
1454 4838 1486 4894 ri
1503 4840 1628 4904 ussoitre
1646 4840 1707 4898 ὲλιι-

378 4907 412 4962 27
439 4907 602 4964 dinariorum
629 4909 664 4962 Ft
734 4909 770 4966 28
796 4909 900 4964 oiuerie
925 4909 961 4964 F¹
1016 4910 1136 4976 siseres,
1161 4912 1207 4968 rrc's
1232 4910 1262 4966 λὲ
1286 4909 1441 4984 brsrpode'lc,
1468 4909 1507 4966 sei
1531 4911 1622 4970 intem
1641 4912 1707 4968 s'tills

276 4977 311 5032 ιθ
326 4977 476 5033 olueriaF¹
523 4979 557 5035 31
570 4983 739 5039 erlstilitl'
754 4985 759 5050 Ι
774 4980 898 5037 *hisdem
910 4979 961 5034 μ’
1016 4984 1042 5038 Β
1060 4983 1140 5054 (llp.)

275 5049 484 5106 tioiuanomm
493 5051 529 5105 F¹
562 5052 825 5114 etensrritisserffl
860 5052 963 5108 eono-
