3614 5460
93 248 142 296 us
164 247 370 296 suumruuus
393 247 607 302 nounounnrs
766 222 853 305 815
989 217 1024 226 ”
1153 209 1346 296 XXXXVHI
1368 227 1389 291 5
1411 233 1528 290 39-44

94 371 151 442 uon
169 384 250 442 faoils
267 385 438 441 conceditur:
463 385 514 441 sed
531 387 555 442 si
572 386 631 442 iure
649 371 740 440 mariti
757 385 824 441 uelit
841 383 968 440 adulterii
986 391 1128 456 sponsare,
1151 384 1362 455 permittendum
1381 389 1437 452 est,
1462 399 1528 454 quo·

94 473 179 530 modo
196 475 220 529 si
238 479 357 530 atroeem
376 473 501 530 iniuriam
519 490 618 546 passus
636 480 719 530 esset.
750 479 824 530 uerte
842 475 865 529 si
882 478 1037 545 patronum,
1055 475 1103 544 qui
1121 475 1157 530 sit
1174 490 1210 530 ex
1227 490 1260 529 eo
1280 489 1401 544 numero,
1419 472 1465 544 qui
1483 471 1528 526 de·

93 563 247 634 prehensus
264 562 300 619 ab
319 563 373 618 alio
391 562 507 618 interfici
524 568 628 634 potest,
647 565 674 619 in
693 563 826 618 adulterio
844 565 937 619 uxoris
955 562 1177 634 deprehenderit,
1196 562 1401 619 deliberandum
1420 568 1475 630 est,
1494 577 1529 616 an

94 653 207 724 impune
229 653 318 722 possit
335 652 468 707 oeoidere.
501 652 575 722 quod
593 652 691 708 durum
710 651 789 708 nobis
808 667 869 707 esse
887 652 1008 707 uidetur:
1032 668 1094 706 nam
1114 654 1192 708 euius
1210 651 1312 722 samue,
1337 651 1530 720 multomagis

46 749 76 796 ιο
96 741 171 796 uitae
188 741 356 812 pereundum
375 747 426 798 est.
463 741 493 797 Si
511 743 573 813 quis
591 741 738 797 inhonore
757 741 942 796 ministerioue
960 739 1068 811 publico
1086 742 1136 812 sit,
1158 758 1220 798 reus
1238 741 1347 812 quidem
1366 741 1529 810 postulatur,
1548 749 1561 790 o

94 829 146 886 sed
164 831 288 886 differtur
308 831 367 898 eius
385 831 525 887 accusatio
543 837 572 886 et
589 831 742 886 cautionem
761 829 862 886 iudicio
880 825 994 885 sistendi
1012 845 1097 886 eausa
1113 832 1247 901 promittit
1263 832 1291 886 iu
1309 829 1391 886 finem
1409 829 1528 885 honoris.

95 925 125 976 et
142 919 195 976 boo
212 920 252 976 ita
269 919 396 976 Tiberius
415 919 518 975 Caesar
535 919 682 990 rescripsit

20 1003 76 1084 (39)
149 1009 227 1064 loun
248 1008 318 1064 libro
341 1009 436 1079 quinto
459 1008 565 1064 deoimo
589 1024 790 1078 responsorum.
828 1008 889 1065 Uim
913 1024 1023 1080 passam
1043 1009 1182 1064 mulierem
1201 1009 1337 1064 sententia
1355 1002 1529 1090 [fflffl
1548 1011 1574 1064 P

94 1097 231 1169 praesidis
253 1097 410 1168 prouinciae
428 1097 632 1153 continebatur:
657 1098 684 1152 in
702 1099 789 1168 legem
807 1098 900 1154 Iuliam
919 1097 954 1152 de
972 1097 1113 1152 adulteriis
1131 1113 1185 1152 uon
1204 1098 1373 1152 commisisse
1391 1096 1529 1166 respondi,

95 1189 161 1243 lieet
186 1187 313 1244 iniuriam
337 1202 414 1242 suam
438 1187 624 1256 protegendae
647 1186 795 1256 pudicitiae
817 1202 902 1242 eausa
924 1184 1066 1242 confestim
1091 1187 1189 1242 marito
1212 1185 1360 1242 renuntiari
1382 1185 1528 1256 prohibuit
1549 1194 1576 1234 ro

63 1285 75 1329 1
95 1277 190 1347 Nupta
207 1291 317 1346 quoque
337 1277 463 1346 muliere,
486 1276 596 1331 tametsi
614 1276 741 1331 lenooinii
758 1277 801 1332 uir
819 1276 892 1346 prior
910 1291 964 1331 non
982 1275 1151 1346 postuletur,
1171 1275 1296 1330 adulterii
1315 1276 1422 1344 odmen,
1435 1279 1530 1330 conus

63 1373 78 1418 a
96 1365 250 1422 adulterum
269 1364 304 1420 ab
323 1366 441 1420 extrario
458 1366 560 1436 poterit
577 1363 679 1420 inferri.
705 1365 737 1420 lu
755 1363 927 1422 matrimonio
945 1379 1055 1434 quoque
1073 1362 1202 1420 defuneto
1219 1379 1303 1420 uxore
1321 1365 1364 1418 uir
1376 1365 1439 1418 iure
1450 1363 1529 1422 :adul-

63 1462 77 1508 t
95 1459 186 1510 terum
203 1455 276 1510 iuter
292 1469 355 1510 reos
373 1455 458 1524 reeipi
475 1455 604 1524 postulat.
632 1454 734 1525 Nupta,
752 1453 911 1524 priusquam
929 1453 1036 1508 adulter
1054 1452 1206 1522 damnetur,
1225 1451 1351 1508 adulterii
1368 1468 1422 1508 non
1437 1458 1530 1523 postu·

63 1544 181 1613 tlotnr,
203 1543 228 1598 si
247 1543 357 1614 nuptias
374 1543 561 1599 denuntiatio¹
581 1544 625 1598 uel
643 1543 679 1598 ad
697 1543 808 1598 domum
827 1543 947 1598 mulieris
966 1543 1050 1598 missa
1068 1557 1123 1598 non
1141 1542 1299 1612 praecessit
1335 1543 1475 1598 Mulierem
1494 1541 1529 1598 ob

95 1633 232 1688 latronum
257 1631 417 1688 sotietatem
441 1633 552 1690 exulare
573 1632 676 1686 iussam
694 1633 764 1688 eitra
780 1647 886 1702 poeuae
904 1637 1006 1687 metum
1025 1632 1053 1686 iu
1071 1632 1243 1688 matrimonio
1261 1631 1371 1708 retineri
1388 1647 1471 1701 posse
1488 1647 1529 1686 re·
1549 1641 1577 1682 ιι

63 1729 77 1775 5
95 1721 205 1796 spondi,
222 1721 288 1790 quis
305 1736 360 1778 non
378 1719 468 1778 fuerat
485 1721 611 1776 adulterii
629 1721 768 1778 damnata.
795 1721 1012 1798 Pruesoriptione
1029 1720 1149 1791 quinque
1167 1737 1298 1776 annornm
1318 1721 1421 1776 odmen
1433 1720 1529 1776 ineesti

62 1818 77 1864 t
96 1811 272 1866 eoniunetum
289 1809 423 1866 adulterio
442 1825 497 1865 non
515 1810 676 1866 excluditur.
707 1811 784 1865 Duos
802 1809 912 1880 quidem
931 1810 1067 1880 adulterii,
1086 1826 1188 1866 marem
1202 1815 1231 1864 et
1248 1807 1348 1893 Q&
1339 1822 1411 1876 ltus,
1421 1823 1458 1878 ιθ,
1468 1825 1489 1878 ι,
1500 1824 1529 1868 ιο

95 1898 242 1967 feminam,
264 1903 377 1970 propter
400 1913 544 1954 commune
568 1899 670 1960 crimen
693 1899 773 1954 simul
796 1915 850 1954 non
873 1899 931 1954 iure
953 1914 1005 1954 nee
1027 1915 1044 1954 a
1068 1899 1127 1955 uiro
1147 1900 1279 1970 postulari
1297 1901 1433 1955 conuenit
1465 1916 1527 1956 eum

96 1993 190 2046 mmen
213 1987 321 2044 duobus
343 1987 532 2044 denuntiatum
556 1987 654 2044 fuisset
671 1987 706 2044 ab
725 2003 771 2058 eo,
796 1989 844 2057 qui
861 1993 959 2056 postea
976 1987 1110 2044 desistere
1127 1987 1250 2058 uolebat,
1273 1987 1448 2045 abolitionem
1467 2003 1529 2044 esse
1548 1997 1576 2042 re

62 2083 77 2130 ι
96 2078 281 2134 neeessariam
300 2079 327 2132 in
345 2077 487 2147 utriusque
504 2092 650 2146 personam
668 2077 805 2146 respondi.
831 2077 933 2132 Incesti
950 2092 1094 2132 eommuue
1106 2077 1208 2132 erimen
1221 2077 1356 2134 aduersus
1374 2073 1529 2160 [EQ—2¹]
1545 2083 1562 2130 t.
1573 2080 1626 2131 ues'

62 2167 168 2223 ednas
192 2167 273 2222 simul
295 2166 424 2222 intentari
447 2171 548 2236 potest
580 2164 652 2236 llDe
673 2166 761 2221 seruis
783 2165 971 2236 quaestionem
995 2167 1024 2222 in
1047 2165 1171 2222 dominos
1194 2166 1291 2222 inuenti
1313 2167 1467 2238 postulatos
1489 2167 1529 2222 ita

77 2255 208 2330 demum
226 2254 380 2310 habendam
398 2255 535 2326 respondi,
554 2255 578 2310 si
596 2270 645 2324 per
663 2255 825 2310 adulterium
844 2256 978 2310 incestum
996 2270 1058 2310 esse
1075 2260 1245 2310 oouuaotum
1265 2255 1379 2310 dicatur.

10 2339 76 2420 (to)
150 2345 271 2402 Prosus
287 2343 356 2400 libro
375 2359 447 2400 nono
465 2343 572 2400 deeimo
590 2359 792 2413 responsorum.
819 2344 977 2410 Quaesitum
997 2349 1048 2415 est,
1066 2360 1102 2400 au
1120 2360 1162 2414 eo,
1180 2360 1261 2414 quam
1281 2360 1337 2398 ma-
1356 2339 1529 2427 [edei—E
1546 2349 1573 2404 P

96 2433 167 2490 ritus
190 2433 317 2490 adulterii
339 2433 452 2490 erimine
470 2448 500 2488 se
518 2439 710 2488 aeeusatnrum
729 2433 849 2489 minatus
867 2439 911 2490 est
927 2448 979 2488 nee
996 2434 1142 2504 quiequam
1162 2434 1220 2504 egit
1237 2433 1281 2488 nel
1300 2433 1358 2488 iure
1377 2434 1466 2488 mariti
1483 2435 1529 2489 nel

96 2524 156 2578 iure
174 2521 292 2594 publiea,
311 2521 414 2578 nubere
431 2522 520 2593 possit
536 2523 571 2592 ei,
589 2537 670 2592 quem
689 2523 718 2578 in
735 2537 862 2578 oeream
876 2523 1002 2578 adulterii
1014 2523 1170 2578 destinauit.
1197 2523 1298 2578 Paulus
1310 2521 1452 2592 respoudit
1463 2521 1529 2577 nihil
1548 2533 1576 2574 as

96 2611 238 2682 impedire,
256 2625 311 2682 qno
329 2611 419 2668 miuus
437 2611 471 2682 ei,
489 2627 570 2682 quens
589 2615 749 2682 suspectum
768 2611 878 2668 maritas
896 2610 999 2682 babuit,
1018 2627 1052 2668 ea
1069 2611 1104 2666 de
1122 2628 1178 2682 qua
1195 2612 1335 2682 quoeritur
1352 2610 1455 2666 nubere
1465 2626 1528 2682 pos-

64 2702 143 2758 tsit.
179 2701 248 2756 ltem
273 2700 426 2770 quaeritur,
447 2717 483 2754 en
505 2700 578 2756 idem
601 2701 714 2756 maritus
732 2699 872 2756 destitisse
889 2701 1016 2756 uideatur
1033 2702 1078 2756 uel
1094 2701 1257 2756 lenooininm
1275 2701 1458 2771 commisisse,
1482 2699 1528 2770 qni

97 2788 213 2846 undem
232 2789 342 2845 reduxit
358 2805 480 2846 uxorem.
510 2789 612 2844 Paulus
629 2789 771 2860 respondit
787 2804 864 2858 eum,
882 2791 929 2860 qui
947 2795 1011 2861 post
1028 2791 1130 2846 erimen
1149 2790 1266 2846 adulteri
1283 2791 1447 2846 intentatum
1465 2805 1528 2844 ean·

97 2879 161 2936 dem
179 2893 293 2934 uxorem
312 2878 434 2948 reduxit,
453 2878 593 2934 destitisse
611 2877 698 2934 uideri
716 2885 745 2934 et
762 2879 825 2934 ideo
843 2894 878 2935 ex
896 2879 992 2936 eadem
1011 2880 1072 2950 lege
1089 2884 1187 2950 postea
1204 2879 1351 2936 morundi
1369 2879 1395 2935 ei
1413 2887 1456 2934 tus
1474 2894 1529 2934 non

96 2983 251 3040 superesse.
1401 2997 1402 3000 =
1547 2979 1576 3019 eo

9 3049 79 3132 (41)
152 3057 230 3114 lours
251 3057 321 3112 libro
343 3056 432 3128 primo
455 3057 661 3112 sententiarum.
696 3057 728 3112 In
752 3057 863 3112 erimine
886 3057 1012 3114 adulterii
1034 3057 1109 3112 nulla
1132 3057 1224 3112 danda
1243 3057 1338 3113 dilatio
1356 3049 1529 3140 [Q
1548 3063 1574 3116 P

97 3151 150 3217 est,
168 3147 221 3202 nisi
238 3152 270 3202 ut
286 3161 421 3217 personae
438 3144 626 3216 exhibeantur,
647 3152 696 3202 aut
713 3146 796 3202 iudex
814 3161 849 3202 er
867 3147 999 3218 qualitate
1017 3146 1120 3216 negotii
1138 3151 1229 3203 motus
1247 3146 1299 3203 hoe
1317 3161 1402 3202 eausa
1419 3147 1530 3216 cognita

96 3235 259 3308 permiserit.

7 3316 79 3399 (42)
151 3325 366 3380 uarruounrus
382 3323 452 3380 libro
470 3321 591 3378 seeundo
609 3322 834 3394 disputationum.
867 3322 896 3379 Si
915 3323 947 3392 is,
966 3323 1013 3394 qui
1030 3324 1074 3380 ius
1091 3325 1233 3382 anulorum
1252 3325 1335 3395 impe·
1354 3317 1528 3406 [Q
1547 3330 1573 3384 P

97 3413 196 3482 trunit,
221 3411 384 3468 adulterium
403 3412 539 3468 commisit
556 3412 583 3466 in
601 3413 709 3481 patroni
728 3427 840 3468 uxorem
859 3418 907 3468 aut
925 3413 952 3468 iu
970 3419 1114 3482 patronam
1132 3429 1226 3484 suam,
1250 3421 1299 3468 aut
1316 3413 1345 3468 in
1362 3413 1422 3468 eins
1440 3411 1528 3482 eluet,
1548 3425 1575 3466 ss

98 3503 177 3557 ouius
194 3501 308 3557 libertus
326 3502 412 3572 patris
430 3507 479 3556 aut
496 3501 605 3570 matris,
630 3499 678 3556 filii
696 3499 804 3558 filiasue
823 3501 887 3558 luit:
912 3517 946 3556 an
965 3508 996 3558 ut
1013 3501 1127 3558 libertus
1144 3503 1235 3574 puniri
1252 3501 1371 3558 debeat?
1398 3506 1427 3556 et
1444 3501 1467 3555 si
1481 3500 1528 3556 de-

97 3590 248 3662 prehensus
267 3591 303 3646 sit
320 3591 349 3645 in
367 3589 508 3658 adulterio,
526 3605 561 3644 an
579 3590 691 3660 impune
709 3591 869 3648 oeuidatur?
895 3594 923 3646 et
935 3592 1024 3661 magis
1035 3591 1123 3662 probo
1134 3591 1323 3647 subiciendum
1335 3588 1527 3660 poenaeliber·

97 3680 229 3748 tinorum,
253 3679 381 3748 quonium
404 3679 466 3748 lege
488 3679 558 3734 lulla
578 3679 613 3734 de
631 3679 771 3736 adulteriis
789 3680 946 3736 eoeroendis
964 3681 1001 3735 ad
1018 3680 1121 3735 tuenda
1138 3681 1311 3736 matrimonia
1328 3695 1377 3750 pro
1395 3678 1528 3734 libertinis

97 3783 147 3824 eos
164 3767 260 3823 habers·
275 3768 379 3838 placuit
390 3771 418 3822 et
430 3767 591 3823 deteriorem
605 3783 716 3824 oausam
729 3784 779 3838 per
790 3769 864 3824 istud
876 3767 1037 3825 beneficium
1050 3775 1225 3840 patronorum
1239 3767 1332 3825 haberi
1345 3783 1399 3824 non
1412 3771 1528 3838 oportet.
1547 3780 1575 3822 ss

7 3849 79 3936 (43)
151 3855 245 3912 Gerus
262 3855 331 3912 libro
348 3857 429 3913 tertio
448 3857 484 3911 ad
502 3858 590 3928 legem
606 3857 749 3914 duodecim
762 3857 926 3913 tabularum.
954 3857 983 3914 Si
996 3873 1030 3914 ex
1042 3859 1103 3930 lege
1115 3859 1258 3928 repudium
1271 3859 1334 3913 mis·
1353 3852 1528 3941 {Q}
1546 3865 1573 3918 P

97 3961 159 4002 sum
178 3961 233 4002 non
251 3945 287 4000 sit
303 3951 332 4001 et
349 3945 451 4001 ideireo
463 3947 560 4002 mulier
572 3946 661 4002 adhue
672 3953 758 4017 nupta
770 3963 831 4002 esse
844 3947 978 4018 uideatur,
996 3951 1089 4003 tamen
1102 3949 1125 4002 si
1138 3949 1199 4018 quis
1211 3963 1271 4003 eam
1285 3962 1397 4002 uxorem
1410 3946 1528 4017 duxerit,

97 4035 206 4092 adulter
222 4050 277 4090 nou
294 4035 355 4090 erit.
381 4035 464 4106 idque
482 4034 591 4092 Saluius
609 4037 728 4092 lulianus
746 4035 894 4107 respondit,
913 4037 978 4106 quia
995 4036 1166 4106 adulterium,
1185 4036 1280 4106 iuquit,
1299 4037 1358 4092 sine
1376 4036 1439 4092 dolo
1457 4036 1528 4092 molo

96 4139 153 4182 nou
176 4124 366 4180 summittitur:
389 4139 554 4195 quamquam
577 4124 750 4196 dieeudum⁸,
772 4141 807 4182 ne
830 4126 867 4198 is,
890 4127 938 4196 qui
961 4127 1045 4182 eoiret
1068 4141 1128 4181 eam
1152 4127 1266 4196 exlege
1284 4125 1454 4196 repudiatam
1473 4139 1528 4180 non

97 4228 169 4284 esse,
187 4213 251 4270 dolo
269 4213 341 4270 malo
359 4215 521 4271 committet.

97 4329 291 4400 rattrud)

98 4490 174 4546 ¹uel
192 4489 228 4546 ad
245 4489 364 4546 iudioem
381 4493 509 4546 emiliana
528 4499 574 4546 tna.
593 4493 628 4559 (a.
641 4493 669 4558 ι’.)
740 4489 841 4560 ’θίιιθ1
859 4503 956 4545 samue
975 4489 1074 4557 (edd.)?
1143 4487 1321 4544 ⁸uidendum
1340 4489 1464 4558 (frabodi

97 4660 301 4732 dpromittitur
317 4661 344 4715 F
396 4661 493 4731 blege
510 4661 618 4716 iuliaF
672 4661 706 4716 10
723 4659 787 4716 lieet
839 4659 874 4716 29
891 4657 1050 4716 reduxerit
1061 4659 1098 4711 F²
1113 4659 1118 4725 1
1133 4658 1158 4714 ei
1171 4659 1223 4728 ius]
1243 4659 1339 4716 eiusF
1388 4657 1423 4713 35
1441 4657 1529 4712 autin

97 4733 138 4789 die
156 4734 193 4786 f·
247 4733 281 4787 te
298 4733 459 4788 intereosF
509 4733 543 4788 14
560 4731 731 4788 denuntiatio
839 4730 991 4800 eiuseiue]
1018 4728 1288 4785 belesmitanus
1342 4731 1376 4784 37
1401 4745 1491 4800 poene
1507 4731 1533 4782 F

97 4801 193 4873 missa]
211 4804 277 4858 urire
295 4805 494 4876 uaparrettsica
513 4804 578 4859 urire
596 4805 644 4858 rdc
662 4809 785 4875 usparr'e·
839 4803 874 4858 39
892 4815 940 4858 eos
958 4801 1059 4856 habere
1078 4802 1103 4854 F
1149 4801 1185 4856 43
1208 4799 1528 4869 dicenduml'diueudum

97 4877 154 4930 uiae
172 4875 211 4930 sic
228 4875 276 4929 rdu
289 4875 362 4930 uiuos
375 4874 456 4938 uirile
467 4875 628 4940 nsuoeetcsc
641 4875 666 4930 B
679 4875 787 4940 (Aaou.)
839 4879 883 4929 est
901 4875 927 4927 F
927 4875 939 4908 ²
945 4891 952 4928 ι
976 4873 999 4927 ei
1022 4873 1060 4927 sai
1084 4871 1116 4925 ri
1139 4873 1245 4927 nituere
1268 4873 1373 4934 diuersa
1398 4871 1528 4944 textulum,

97 4945 322 5002 eoncessum
358 4949 391 5002 21
405 4947 576 5002 dominnsF¹
613 4945 787 5031 22si1suF¹
840 4943 878 5000 bu
898 4945 947 5000 BS
964 4945 1055 5012 (Dor.)

97 5019 348 5090 assumpturum
364 5021 369 5088 1
385 5019 508 5074 maritiF
539 5017 788 5088 alquauntan’
879 5055 880 5058 ι
