3504 5452
65 277 268 342 suranensis
292 277 487 326 unounums
719 250 803 330 149
879 315 881 322 s
1170 251 1317 322 XXXIlll
1339 253 1359 320 2
1378 259 1475 314 o-1o

76 428 111 484 eni
124 419 210 479 muller
225 417 264 472 ita
280 418 429 489 legauerit:
447 416 622 485 ornamenta,
641 429 712 485 quae
729 427 792 468 msa
810 427 894 468 eausa
910 415 1008 484 parata
1025 417 1089 468 sunt
1100 411 1237 468 eruntue’:
1255 425 1308 468 nou
1327 411 1398 468 enim
1417 410 1476 467 eius

81 529 146 571 ansa
160 507 236 562 uideri
254 513 351 578 parata
369 521 439 577 esso,
457 521 528 576 quae
546 507 600 561 iam
619 507 727 560 medua
744 518 778 558 ea
795 507 888 572 empta
905 501 1013 558 fuerint,

58 609 72 665 5
123 601 279 656 namneus
296 594 365 650 libro
383 595 514 664 singulari
531 609 732 665 responsorum.
769 591 833 648 Seia
854 589 890 646 ab
907 590 1007 646 herede
1025 589 1121 648 Publio
1138 589 1246 646 Maeuio
1263 589 1303 646 lta
1334 600 1476 674 efflue-o
1496 599 1536 670 ss

58 745 62 750 ,
88 688 176 760 legeuit:
191 685 326 739 'Antoniae
340 685 478 739 Tertullae
496 684 559 754 lego
577 684 635 738 anri
653 682 744 753 pondo
761 685 804 737 tot
822 683 850 736 et
867 679 995 736 unionem
1014 694 1076 735 oum
1094 677 1268 750 hyaointlris':
1286 685 1383 749 postea
1400 669 1476 736 uuio-

91 793 135 834 ιιιι
148 775 213 831 soluit
228 788 316 843 neque
335 773 419 828 ullum
436 774 532 828 mortis
549 777 672 843 ternpore
690 771 761 826 inter
778 773 938 825 ornamenta
955 783 1006 824 sna
1023 769 1150 824 unionem
1168 767 1284 840 reliquit
1312 781 1422 838 quwro,
1441 783 1476 823 an
1496 779 1510 820 u

92 867 149 922 lsrss
161 879 189 918 er
202 877 280 918 eausa
296 861 501 918 fideicommissi
519 861 737 918 aestimationem
756 859 809 930 rei,
828 873 899 928 quae
916 858 945 912 in
963 857 1114 914 hereditate
1131 871 1186 912 non
1204 861 1255 926 eat,
1273 861 1412 927 praestare
1429 855 1477 912 de-

72 955 145 1010 tonat
164 952 288 1007 llareellus
307 951 448 1022 respoudit
466 966 520 1007 non
538 949 647 1006 debers.
683 949 753 1004 item
771 963 886 1019 quaero,
911 947 935 1002 si
958 946 1067 1018 probari
1091 946 1180 1016 possit
1196 945 1287 1002 Seiam
1311 946 1425 1002 uniones
1448 949 1478 1001 et

95 1041 213 1113 lyssinllros
228 1040 361 1110 quosdam
378 1041 407 1096 in
425 1041 506 1096 aliam
526 1041 645 1111 speeiem
664 1037 829 1107 ornamenti,
847 1035 922 1106 quod
939 1041 1036 1107 postea
1053 1035 1199 1106 pretiosius
1216 1033 1282 1092 feeit
1298 1035 1399 1092 additis
1417 1035 1477 1092 allis

96 1132 177 1201 gennis
190 1133 213 1184 et
228 1129 393 1199 margaritis,
418 1130 599 1200 conuertisse,
624 1145 658 1183 an
682 1126 732 1184 hos
754 1126 870 1182 uniones
891 1127 937 1181 uel
954 1124 1117 1196 hyaointhus
1135 1129 1229 1195 petere
1247 1126 1335 1196 possit
1352 1131 1381 1180 et
1398 1123 1477 1182 heros

96 1219 228 1290 eoupelatur
248 1225 407 1274 omamonto
430 1217 573 1290 posteriori
597 1217 771 1274 eximereet
796 1221 945 1286 praestare.
978 1214 1121 1270 liaroellus
1144 1215 1285 1286 respondit
1307 1219 1400 1286 petere
1423 1229 1477 1272 nou
1498 1223 1526 1265 ιι

95 1323 227 1378 porsenam
243 1307 324 1379 quid¹
342 1307 400 1362 deri
419 1312 519 1379 potest,
539 1313 569 1363 ut
586 1306 707 1376 legatum
725 1305 771 1361 uel
787 1303 1029 1361 fideicommissum
1047 1303 1146 1360 durare
1164 1304 1342 1374 existimetur,
1360 1319 1422 1360 eum
1439 1302 1476 1375 id,

95 1397 148 1466 quod
159 1401 302 1452 esamento
320 1395 449 1467 dabatur,
472 1397 500 1451 in
523 1411 574 1452 sua
597 1395 689 1466 speeie
713 1409 768 1450 non
790 1393 983 1466 permanserit,
1008 1393 1088 1448 ιιιιιι1
1105 1393 1306 1464 quodammodo
1328 1393 1476 1450 ertinotum

95 1485 135 1539 u'tl
148 1491 171 1540 nt
183 1485 274 1542 interim
293 1487 426 1557 omittam,
444 1485 518 1556 quod
536 1486 621 1540 etiam
638 1483 817 1540 dissolutione
834 1499 867 1539 ae
884 1483 1084 1554 permutatione
1101 1483 1149 1538 tali
1167 1484 1293 1540 uoluntas
1311 1498 1420 1554 quoqne
1438 1483 1477 1538 ui·

72 1571 166 1629 tdsatur
179 1573 187 1646 l
202 1581 306 1631 nnmts.
344 1576 446 1631 Lunins
468 1575 558 1630 Titius
582 1577 747 1630 testamento
770 1573 891 1644 scripsit:
917 1571 1051 1628 lueredem
1075 1587 1165 1630 meum
1189 1573 1252 1630 uolo
1278 1571 1396 1642 fideique
1419 1571 1477 1628 eius
1494 1577 1510 1625 t.
1523 1577 1552 1625 to

94 1663 210 1736 'annito
224 1671 253 1722 nt
268 1666 297 1720 in
314 1666 431 1734 patriam
451 1679 540 1720 meam
558 1661 643 1719 iaolat
659 1663 793 1734 portiourn
812 1661 959 1732 publieam,
977 1662 1005 1718 in
1016 1677 1072 1732 qua
1083 1661 1149 1732 poni
1161 1661 1223 1718 uolo
1235 1661 1369 1732 imagines
1380 1677 1476 1732 argen-
1497 1671 1525 1713 rs

93 1751 152 1822 'ess
168 1756 218 1810 item
239 1754 423 1810 marmoreas:
446 1767 560 1824 quaero,
586 1767 621 1808 an
638 1753 759 1823 legatum
778 1752 877 1807 ualeat
903 1751 1046 1807 llarosllus
1069 1751 1211 1822 respondit
1232 1750 1323 1808 uslere
1342 1751 1477 1822 stuporis

92 1847 260 1914 merumque,
279 1859 351 1914 quae
368 1843 407 1900 ibi
424 1847 540 1898 testator
556 1843 621 1913 poni
637 1837 762 1911 uoluerit,
779 1840 900 1911 legatum
913 1840 949 1896 ad
960 1839 1076 1912 patriam
1089 1840 1224 1911 pertinere
1235 1839 1369 1910 intellegi:
1387 1839 1476 1895 ⁸euim

90 1931 159 2000 potuit
171 1934 260 2003 sliquod
278 1933 386 1988 einitati
403 1932 534 1988 aeoeders
552 1935 750 1988 ornamentum.

61 2009 76 2066 7
132 2019 222 2076 Pronus
241 2022 308 2078 libro
332 2027 432 2077 ootauo
457 2021 492 2075 ad
516 2019 660 2076 Plautium.
701 2019 730 2076 Si
754 2020 792 2074 its
809 2023 883 2074 esset
905 2020 1039 2090 legatum:
1062 2019 1174 2074 'uestem
1196 2017 1301 2090 msum',
1321 2013 1476 2104 Q
1494 2021 1522 2076 ll

91 2105 204 2175 'usuum
219 2127 305 2166 meum
324 2111 440 2165 damnas
458 2116 518 2166 esto
538 2109 620 2180 dare',
638 2109 667 2165 id
684 2111 805 2179 legatum
824 2107 945 2177 uidetur,
964 2107 1038 2178 quod
1055 2108 1213 2164 testamenti
1229 2111 1353 2179 tempore
1371 2107 1476 2180 fnisset,
1496 2119 1525 2160 so

90 2195 141 2263 itit
156 2213 261 2265 poeseos
279 2207 389 2272 tempus
408 2214 516 2270 semper
533 2199 750 2269 intellegeretur,
774 2199 798 2252 si
816 2197 889 2253 aliud
908 2197 1133 2268 comprehensum
1151 2213 1205 2253 non
1223 2203 1310 2254 esset:
1333 2187 1396 2254 nam
1414 2213 1477 2254 eum

90 2281 143 2336 diuit
155 2283 242 2344 'neem
259 2289 366 2359 meam',
386 2289 536 2358 'argeutum
555 2287 663 2359 menm',
682 2287 734 2344 hae
751 2285 984 2344 demonstratione
1003 2285 1108 2342 'meum'
1127 2301 1265 2358 praesens,
1284 2301 1339 2344 nou
1355 2285 1476 2344 futurum

90 2377 172 2439 Mitt
184 2380 298 2435 nonme.
326 2379 399 2434 idem
418 2383 462 2433 est
479 2379 548 2433 etsi
567 2378 628 2448 quis
646 2377 686 2432 ita
701 2377 836 2447 legauerit
853 2375 955 2432 'seruos
973 2375 1066 2432 meos'.

60 2452 76 2510 8
131 2459 187 2519 hur
200 2467 260 2524 libro
278 2483 351 2524 nono
370 2466 405 2522 ad
423 2467 569 2522 Plautium.
605 2467 763 2523 Pnsnnms.
787 2465 883 2520 llulier
900 2465 939 2520 ita
954 2466 1070 2536 legauit:
1089 2466 1218 2536 ‘quisquis
1237 2465 1301 2521 mihi
1333 2477 1404 2532 itis,
1415 2477 1476 2534 ιω
1493 2471 1522 2526 E

92 2545 155 2603 letes
171 2555 221 2627 snt,
243 2557 333 2612 Titiae
356 2561 463 2611 uestem
487 2557 595 2612 meam⁴
618 2553 749 2610 mundum
772 2559 985 2624 ornamentaque
1008 2553 1149 2610 muliebria
1172 2554 1286 2611 damnas
1310 2541 1475 2611 esffl
1494 2566 1523 2610 se

91 2633 172 2695 cauus
186 2645 228 2716 sit,
248 2646 272 2702 si
290 2661 345 2701 non
364 2653 509 2716 appareret
526 2645 592 2715 quid
611 2644 755 2713 sensisset,
779 2657 887 2699 omnem
909 2647 1015 2700 uestem
1038 2643 1188 2700 seeundum
1212 2643 1297 2701 uerba
1318 2643 1476 2700 testamenti

90 2723 175 2792 eun
192 2735 279 2790 noan.
306 2735 434 2790 erutus.
462 2734 538 2790 ruem
554 2734 700 2789 ranoronus
724 2731 829 2803 menn,
852 2733 917 2803 qun
939 2732 1085 2788 eunomus
1103 2738 1158 2804 ost,
1182 2733 1283 2804 inqut,
1305 2733 1474 2790 erassum

91 2815 389 2879 monumentorum
408 2823 580 2878 uniuersitati
597 2822 755 2892 derogasse,
773 2820 873 2892 qulbus
890 2820 1116 2892 signidoationem
1135 2822 1305 2879 muliebrium
1323 2838 1474 2880 eooommo·

90 2897 165 2960 ΜΞ
179 2913 300 2968 sooedere
317 2928 360 2982 eo,
378 2911 452 2982 quod
471 2913 518 2967 illa
535 2912 731 2967 demonstratio
750 2909 905 2968 'muliebria'
923 2925 1012 2981 neque
1029 2912 1100 2966 nesti
1119 2925 1207 2982 neque
1225 2911 1326 2968 mundo
1344 2913 1475 2982 applicari

89 2987 143 3046 ”lli
155 3001 243 3056 odone
260 3003 329 3057 renti
347 3003 480 3058 sermonis
497 3006 597 3072 potest
1492 3011 1520 3052 ao

63 3069 76 3126 9
124 3079 289 3146 tonesrutus
312 3089 382 3147 libro
404 3105 476 3146 nouo
499 3091 664 3160 regulorum.
701 3089 770 3146 cnm
794 3093 898 3144 eertum
922 3089 980 3144 auri
1002 3089 1047 3144 uel
1069 3089 1175 3159 argenti
1193 3089 1300 3161 pondus
1317 3083 1472 3174 Q
1490 3095 1517 3149 E

88 3159 171 3233 hitto!
185 3185 236 3249 est,
259 3179 356 3236 sinon
374 3179 481 3250 speeies
500 3179 645 3249 designata
663 3179 711 3249 sit,
735 3193 789 3234 non
813 3178 941 3249 materia,
965 3177 1015 3234 sed
1038 3179 1155 3249 pretium
1173 3179 1325 3249 praesentis
1341 3167 1473 3250 tempori]

86 3263 180 3321 Μιι·
193 3269 283 3326 debet

48 3329 76 3388 to
120 3345 266 3414 Possumus
283 3357 353 3414 libro
371 3359 466 3428 quinto
484 3357 520 3413 ad
536 3357 665 3424 Quintum
678 3357 805 3412 lluoium.
837 3357 953 3422 Quintus
970 3357 1076 3412 lluoius
1093 3357 1144 3412 ait:
1163 3357 1187 3412 si
1204 3363 1282 3428 pater
1299 3353 1470 3441 [ῙιῙιΠο
1488 3361 1516 3418 Ε

83 3423 166 3520 Μία
179 3449 253 3503 uxori
270 3463 324 3504 uas
342 3451 392 3502 ant
409 3448 602 3502 uestimentum
621 3450 670 3502 aut
687 3447 825 3517 quippiam
840 3446 914 3502 uliud
926 3447 965 3501 ita
977 3447 1080 3516 legauit
1092 3445 1172 3516 ‘quod
1184 3447 1242 3502 eins
1253 3435 1470 3517 eamus-effitiunt
1490 3457 1518 3499 aa

85 3529 211 3592 Munus
229 3537 321 3606 ssset',
339 3536 368 3592 id
385 3536 495 3592 uidetur
512 3537 633 3606 legasse,
652 3535 726 3606 quod
744 3535 833 3605 magis
849 3535 921 3590 illius
939 3549 1020 3604 quam
1040 3535 1191 3591 eommunis
1209 3551 1275 3591 usus
1293 3551 1377 3593 eausa
1393 3553 1471 3608 para·

79 3605 120 3668 ¹⁸⁰¹
133 3633 200 3681 esset
227 3627 413 3681 Porsronrus:
433 3625 499 3680 aed⁵
517 3624 571 3680 hoe
588 3639 683 3680 uerum
701 3629 816 3680 estnon
834 3623 931 3693 solum,
950 3625 973 3678 si
992 3624 1077 3694 ipsius
1095 3624 1147 3679 uiri
1165 3629 1193 3679 et
1210 3625 1302 3680 uxoris
1320 3628 1472 3684 eommunis

74 3703 135 3774 n⁸⁸.
148 3715 189 3769 sed
206 3717 289 3770 etiam
308 3715 333 3770 si
350 3715 496 3770 liberorum
514 3713 574 3768 eius
592 3717 641 3768 aut
659 3713 770 3768 alterius
788 3713 902 3768 alieuius
920 3714 1071 3769 eommunis
1089 3729 1155 3769 usus
1178 3711 1272 3769 luerit:
1295 3713 1325 3768 id
1342 3716 1413 3770 enim
1432 3717 1472 3772 ui·

70 3777 134 3851 “Uir
146 3801 356 3872 demonstrasse,
381 3803 455 3874 quod
477 3801 588 3874 proprio
606 3803 668 3857 usui
691 3802 782 3857 uxoris
801 3807 986 3872 eomparatnm
1006 3803 1049 3858 sit
1076 3802 1125 3857 sed
1143 3802 1216 3873 quod
1234 3803 1349 3870 Quintus
1366 3805 1472 3862 diunius

65 3866 210 3948 dem<lustrat
228 3894 287 3948 'nas
304 3897 354 3948 ant
373 3893 565 3947 uestimentum
589 3895 637 3945 aut
660 3890 725 3960 quid
744 3890 833 3958 aliud',
857 3888 953 3961 eideit,
978 3897 1009 3946 ut
1031 3890 1100 3946 islsa
1123 3892 1178 3947 sint
1199 3908 1270 3962 quse
1293 3893 1470 3950 subiecimus:
1489 3902 1517 3946 to

61 3969 160 4054 Filium
174 3982 245 4038 enim
263 3983 392 4051 interest,
415 3979 577 4050 generaliter
595 3997 630 4035 an
648 3979 803 4050 specialiter
819 3980 945 4050 legentur
961 3979 1038 4036 haee.
1064 3996 1127 4036 nam
1146 3982 1170 4036 si
1187 3981 1361 4052 generaliter,
1385 3983 1472 4040 ueluti

56 4051 102 4140 ,ἦ
114 4061 174 4134 'luae
191 4071 285 4126 uxoris
302 4085 388 4126 eausa
406 4075 564 4139 comparata
582 4067 661 4137 sunt',
681 4083 747 4124 nera
764 4073 808 4124 est
818 4069 889 4124 illius
904 4067 1040 4126 definitio:
1056 4055 1083 4126 'si
1101 4085 1166 4126 uero
1184 4071 1224 4126 ita
1241 4071 1372 4142 seriptum
1389 4069 1472 4129 inerit

55 4147 158 4232 ,steten
172 4159 244 4216 silam
262 4157 429 4230 purpuram',
448 4163 479 4214 nt
496 4163 571 4214 serta
588 4157 813 4226 demonstraret⁶,
832 4159 896 4214 lieet
914 4157 1050 4215 adtentum
1069 4159 1105 4214 sit
1123 4158 1200 4229 'quae
1212 4161 1270 4216 eius
1283 4176 1367 4218 eausa
1378 4167 1472 4232 empta

63 4239 180 4303 Maus
197 4248 324 4319 essent'i,
347 4249 412 4303 ticet
429 4261 518 4318 neque
535 4251 629 4318 erupta
646 4261 735 4316 neque
752 4250 849 4316 parata
871 4263 960 4318 neque
977 4249 1006 4303 in
1023 4263 1102 4304 usum
1121 4249 1147 4303 ei
1164 4248 1230 4305 data
1247 4251 1327 4320 sint⁸,
1349 4251 1471 4321 legatum

55 4325 197 4393 o'trimodo
213 4338 296 4406 natet,
316 4337 382 4406 quia
399 4341 474 4392 oerto
492 4351 605 4406 torpore
623 4337 716 4406 legato
727 4335 923 4392 demonstratio
936 4335 1005 4394 salsa
1017 4337 1123 4408 posits⁹
1136 4351 1191 4394 non
1208 4340 1324 4409 peremit
1339 4341 1469 4410 legatum.
1489 4345 1518 4390 tt

58 4413 139 4474 u*luti
152 4425 170 4479 si
185 4427 224 4482 ita
240 4427 278 4482 sit
295 4427 443 4496 seriptum:
463 4423 602 4496 'Stichum
621 4439 702 4495 quam
721 4441 755 4481 ex
772 4425 931 4482 uenditions
942 4426 1009 4482 uitii
1020 4425 1095 4482 emi':
1114 4442 1177 4483 nam
1195 4429 1219 4484 si
1233 4443 1321 4499 neque
1339 4430 1471 4486 amitant

63 4509 281 4602 Flwnrorou)

72 4663 82 4694 Ι

115 4675 150 4730 li?
204 4683 429 4756 ¹namlimmo?
493 4683 652 4740 ⁸iudetna
718 4684 1261 4760 ‘moamdel.(Hal.:cs.l.l.l.25§6)
1326 4687 1468 4748 ‘seddet

226 4757 322 4812 retur?
391 4755 515 4812 'esset'l
585 4754 671 4810 ‘siti
739 4755 914 4826 ⁹apposita?

78 4833 464 4866 ''Qu—-ffl

79 4883 206 4972 *etrus
221 4907 288 4975 ιιι
343 4908 351 4978 1
372 4907 407 4962 uo
425 4907 487 4978 ugo
506 4907 543 4960 rs
563 4909 568 4972 ι
589 4910 649 4964 eos
667 4904 730 5014 F’l
785 4907 1033 4962 memmaeors
1055 4897 1258 4996 1eurqurs'r·
1278 4911 1312 4966 ιι
1321 4887 1469 4980 induem

81 4965 283 5106 masan
364 4975 401 5034 r*
463 4975 717 5049 esymrnenoer
784 4978 820 5034 so
837 4979 897 5049 un]
915 4977 966 5034 ιιι
983 4979 1019 5032 ιι
1064 4981 1099 5036 41
1113 4979 1218 5038 ‘sonim
1232 4981 1266 5036 rs
1310 4983 1346 5038 ss
1359 4981 1469 5037 aanor·

239 5051 263 5106 F
313 5049 679 5120 rememorationem
693 5049 731 5103 Ε*
784 5053 901 5106 straret*
919 5050 957 5104 Fi
