3584 5454
149 261 198 310 ns
220 260 524 310 armenamomnus
546 260 667 310 runnu
821 236 908 318 725
988 217 990 222 ,
1275 243 1438 312 XXXXVI
1460 245 1580 310 51-s

150 399 275 472 publieo,
300 400 451 470 repromitti
475 403 596 470 oportet:
619 399 668 455 aed
693 398 720 454 hi
743 399 880 470 quideml,
904 399 951 470 qui
975 416 1024 456 suo
1042 402 1152 458 nomine
1170 408 1284 473 essent,
1308 403 1514 474 repromittunt,
1533 404 1580 474 qui

116 491 256 560 taliano,
280 489 423 546 sadsdunt
460 489 529 544 ltem
548 503 583 544 ex
607 504 691 546 eausa
714 488 807 546 damni
830 487 925 546 iuieoti
948 489 1084 546 interdum
1108 493 1318 563 repromittitur,
1341 493 1477 548 interdum
1501 494 1580 549 satis·

151 579 246 635 datur:
271 595 334 636 nam
352 579 376 634 si
394 578 461 649 quid
478 579 507 634 in
530 577 640 634 flumine
661 576 770 648 publioo
794 577 856 648 fiat,
880 578 1043 650 satisdatur,
1066 579 1103 637 de
1125 581 1238 640 aedibus
1261 585 1352 636 autem
1375 582 1579 652 repromittitur.

78 678 96 724 8
116 677 132 723 a
151 667 299 739 Stipulatio
317 668 417 738 duplae
435 668 610 738 repromissio
628 672 679 738 est,
698 667 750 722 nisi
768 668 792 722 si
810 668 977 738 oonueuerit,
995 672 1026 724 ut
1043 670 1200 726 satisdetur.
1229 669 1306 737 Quod
1319 671 1342 726 si
1354 671 1391 726 sit
1408 671 1499 740 aliqua
1516 685 1579 726 eon·
1639 731 1640 734 Ἴ

151 758 300 828 ιιοιιιιιίι,
322 761 354 814 ut
371 763 440 827 puta
456 758 481 812 si
504 755 611 812 dinatus
633 771 682 826 per
707 756 870 812 calumniam
893 756 1061 828 desiderari,
1079 763 1112 815 ιιι
1133 759 1273 830 stipulatio
1296 759 1496 830 interponatur,
1520 761 1612 830 ipseo

97 854 133 901 ro
151 851 263 920 praetor
280 845 364 904 debet
381 862 464 918 super
481 862 515 902 ea
532 861 562 902 re
580 845 736 902 summatim
755 855 921 916 tognoaoere
939 851 968 901 et
986 851 1097 904 oautum
1115 847 1209 904 iubere
1232 853 1281 904 aut
1298 847 1442 917 denegare.
1479 847 1534 902 Sed
1552 853 1581 904 et

152 937 178 992 si
195 936 260 1006 quid
279 937 323 992 uel
340 936 406 992 addi
423 936 468 992 uel
485 935 591 992 detrahi
614 935 658 992 uel
681 935 818 990 immutari
841 935 870 990 in
892 935 1067 1006 stipulatione
1092 943 1230 1008 oporteat,
1252 937 1405 1008 praetoriae
1428 937 1481 992 erit
1503 937 1580 994 iuris·
1678 941 1682 948 '

152 1025 289 1082 diationis.

111 1112 133 1170 2
206 1115 324 1171 Patruus
341 1111 411 1169 libro
428 1113 652 1184 septuagensimo
670 1097 751 1169 tuitio
769 1111 805 1168 ad
822 1111 951 1168 edietum.
987 1113 1144 1170 Praetoriae
1167 1115 1358 1186 stipulationes
1380 1118 1429 1170 aut
1445 1114 1486 1170 rei
1503 1115 1580 1171 resti·
1598 1111 1626 1166 Ε

119 1213 131 1256 1
151 1205 286 1261 tutionem
304 1203 445 1260 enudueut
462 1207 510 1258 aut
528 1207 657 1258 squamam
676 1202 865 1274 quantitatem.
896 1199 1000 1258 ²Siouti
1018 1203 1158 1274 stipulatio
1177 1219 1211 1259 ex
1224 1204 1313 1274 operis
1325 1204 1390 1260 noui
1401 1204 1580 1274 nuntiatione,
1599 1215 1628 1256 so

152 1309 208 1364 qua
226 1297 347 1361 cauetur,
365 1297 397 1348 ut
413 1307 482 1362 opus
500 1292 673 1347 restituatur:
698 1290 815 1360 ideoque
837 1291 896 1346 siue
921 1294 997 1346 autor
1021 1292 1080 1348 siue
1102 1307 1166 1348 reus
1188 1293 1337 1349 decesserit
1359 1292 1483 1364 pluribus
1505 1292 1581 1348 here·

152 1380 235 1438 dibus
251 1381 365 1451 rollolis,
390 1397 445 1437 uno
463 1380 590 1437 uinoeute
608 1380 651 1436 uel
670 1380 744 1436 uioto
762 1384 849 1436 totum
874 1395 943 1450 opus
965 1381 1072 1438 restitui
1090 1381 1215 1438 debebit:
1240 1381 1370 1453 quamdiu
1388 1382 1460 1438 enim
1479 1381 1581 1451 aliquid
1657 1379 1659 1384 ’

117 1479 135 1524 a
152 1474 287 1542 superest,
304 1469 410 1525 tamdiu
427 1485 483 1524 non
499 1473 591 1540 potest
608 1468 696 1524 uideri
714 1484 785 1540 opus
802 1469 968 1526 restitutum.
1003 1471 1139 1526 Insertum
1157 1473 1338 1541 quantitatem
1356 1471 1478 1528 eontinet
1495 1471 1581 1542 stipu-

152 1559 219 1616 latio
236 1559 385 1616 iudioatnm
403 1559 474 1615 solui
491 1563 520 1614 et
537 1573 595 1614 rem
612 1560 700 1613 raum
719 1556 858 1614 domiuum
876 1557 1032 1616 habiturum
1051 1565 1080 1616 et
1097 1559 1190 1616 damni
1208 1559 1302 1618 inieoti
1320 1561 1407 1616 ethis
1425 1561 1535 1631 similes,
1553 1560 1582 1616 in

153 1647 253 1720 quihus
271 1647 451 1719 respondetur
469 1646 556 1704 soindi
573 1661 621 1702 eas
639 1646 667 1702 in
684 1661 816 1716 personas
834 1647 979 1720 heredum,
997 1651 1123 1719 quamuis
1141 1650 1230 1721 possit
1247 1650 1301 1706 diei
1318 1665 1353 1706 ex
1371 1665 1488 1721 persona
1505 1649 1581 1706 bere·
1600 1657 1628 1700 re

153 1737 220 1794 dum
237 1737 409 1809 promissorie
427 1752 482 1794 non
500 1751 582 1807 possa
600 1736 811 1793 deseendsutem
830 1751 847 1791 a
864 1735 993 1794 defuneto
1017 1739 1220 1810 stipulationem
1239 1739 1375 1796 diuersam
1394 1739 1581 1796 conditionem

153 1827 286 1897 oniasque
309 1825 408 1883 faeere.
436 1831 466 1881 at
490 1826 519 1880 in
541 1825 706 1881 eontrarium
730 1840 837 1880 summa
860 1827 965 1882 ratione
982 1825 1028 1898 tit,
1052 1833 1084 1884 ut
1106 1843 1162 1885 uuo
1185 1843 1220 1883 ex
1245 1826 1391 1884 heredibus
1413 1827 1582 1900 stipulatorIs

153 1917 281 1974 uineente
298 1915 327 1971 in
344 1919 451 1987 partam
469 1915 529 1972 eius
547 1915 733 1972 summittatur
751 1914 904 1984 stipulatio:
922 1915 974 1972 hoo
992 1916 1064 1972 euim
1083 1915 1173 1973 faeere
1185 1917 1270 1973 uerba
1283 1916 1466 1987 stipulationis
1479 1916 1582 1986 ‘quanti

152 2021 189 2062 ea
205 2021 249 2062 res
267 2003 325 2062 est'.
353 2004 404 2060 sed
422 2005 446 2059 si
463 2015 534 2059 unus
552 2019 587 2060 ex
605 2002 751 2059 heredibus
768 2004 940 2073 promissoris
948 2009 1039 2066 ¹toturn
1054 2019 1111 2060 rem
1124 2005 1272 2078 possideat,
1290 2007 1318 2061 in
1330 2021 1373 2062 so·
1406 2017 1511 2073 Inlue
1522 2017 1581 2073 ute

151 2094 237 2152 lidum
255 2109 318 2150 eum
336 2091 521 2150 damnandum
539 2093 661 2149 lulianus
678 2092 785 2149 soribit:
809 2093 837 2148 in
855 2097 987 2164 quantum
1012 2099 1103 2150 autem
1125 2094 1184 2164 ipse
1207 2110 1241 2150 ea
1258 2095 1434 2168 stipulatione
1452 2096 1498 2151 uel
1515 2093 1580 2152 fide·
1599 2107 1628 2148 ao

152 2184 289 2241 iussores⁸
307 2199 343 2240 au
365 2183 475 2239 omuino
498 2185 666 2252 teneantur,¹
679 2181 798 2238 dubitari
821 2187 926 2252 potest:
950 2187 979 2238 et
1001 2182 1150 2238 uidendum
1170 2184 1226 2253 ait,
1250 2199 1284 2238 na
1307 2199 1362 2240 nou
1386 2184 1580 2242 summittatur.

152 2272 203 2330 aed
220 2272 244 2329 si
261 2273 310 2328 lite
328 2275 482 2328 oouwstata
498 2286 641 2342 possessor
653 2271 809 2340 danesserit,
827 2286 912 2327 unum
925 2286 959 2327 ex
971 2270 1119 2328 heredibus
1132 2287 1186 2329 non
1198 2273 1300 2330 maiore
1313 2278 1438 2344 exparte
1450 2273 1579 2330 damnan-

152 2362 228 2433 dum,
245 2362 310 2418 lieet
327 2365 415 2418 totum
433 2357 547 2416 fundum
566 2359 713 2432 possideat,
731 2376 814 2431 quam
832 2375 866 2416 ex
884 2375 939 2430 qus
957 2359 1035 2416 heres
1053 2365 1105 2416 est.

114 2451 135 2510 3
205 2450 356 2508 Ururarrns
380 2447 449 2506 libro
472 2450 694 2520 septuagensimo
717 2465 789 2506 nono
813 2449 849 2506 ad
873 2449 1001 2506 edietum.
1042 2448 1211 2506 Generaliter
1236 2449 1264 2506 in
1287 2450 1413 2508 omuibus
1435 2450 1579 2523 praetoriis
1597 2448 1625 2504 Ε

152 2539 374 2612 stipulationibus
392 2543 421 2596 et
437 2537 658 2610 proouratoribus
676 2538 834 2595 satisdator.
1598 2551 1626 2592 ae

114 2629 136 2688 4
204 2631 325 2687 Passus
341 2628 410 2686 libro
427 2629 649 2700 septuagensimo
666 2629 762 2699 quinto
780 2628 816 2684 ad
834 2627 961 2684 edietum.
987 2627 1143 2684 Praetoriae
1160 2628 1351 2700 stipulationes
1368 2631 1478 2702 saepius
1496 2631 1577 2687 inter·
1595 2626 1623 2682 E

152 2725 299 2792 ponuntur,
317 2735 380 2776 oum
398 2720 458 2776 siue
475 2719 556 2790 eulpa
573 2717 740 2790 stipulatoris
758 2723 868 2774 uantum
886 2733 948 2774 esse
965 2717 1054 2774 desiit.

114 2808 136 2869 5
205 2811 284 2866 Ιιιιιι
301 2808 370 2865 libro
386 2808 615 2880 quadragensimo
633 2811 732 2864 ostano
749 2807 785 2864 ad
803 2807 930 2863 edietum.
951 2806 961 2878 ΙΙ
980 2807 1012 2862 In
1030 2805 1156 2864 omnibus
1177 2807 1321 2878 praetoriis
1337 2807 1422 2879 stipu-
1441 2804 1579 2894 [Q
1596 2814 1624 2869 E
1647 2817 1664 2864 i.
1676 2817 1720 2866 eeu

153 2898 301 2957 Ιιιιοιιιιιιιι
317 2898 369 2956 hoe
386 2898 552 2955 seruandum
569 2901 620 2967 est,
638 2902 677 2967 ut,
696 2897 720 2954 si
737 2899 897 2967 procurator
915 2911 991 2952 meus
1009 2897 1161 2967 stipuletur,
1180 2896 1246 2952 mihi
1263 2911 1348 2953 eausa
1365 2899 1475 2968 eognita
1492 2915 1527 2955 ex
1545 2915 1579 2956 ea

153 2989 330 3060 stipulatione
348 2989 420 3044 aetio
437 2991 584 3059 eomputat.
611 2986 684 3042 idem
703 2989 746 3042 est
763 2991 793 3042 et
809 2999 872 3041 eum
890 2985 998 3042 institor
1015 2987 1043 3042 in
1066 3001 1101 3042 ea
1122 3001 1207 3042 eausa
1228 3000 1290 3042 osse
1314 2988 1418 3058 eoepit,
1442 2991 1474 3044 ut
1495 2989 1577 3044 inter·
1597 2997 1625 3040 ao

153 3080 244 3151 posita
260 3093 379 3150 persona
396 3077 454 3133 eiua
473 3075 600 3133 dominus
618 3075 716 3132 merois
733 3088 791 3132 rem
809 3075 960 3132 amissurus
977 3075 1022 3146 sit,
1041 3075 1127 3132 ueluti
1144 3074 1224 3132 bonis
1242 3075 1302 3132 eiua
1319 3075 1452 3134 uenditis:
1470 3091 1577 3134 suoour-

153 3183 213 3224 rars
231 3167 303 3222 enim
322 3165 432 3222 domino
449 3170 559 3236 praetor
576 3162 667 3220 debet

113 3255 134 3314 6
206 3257 284 3312 lusu
300 3255 370 3312 libro
387 3259 485 3326 quarto
503 3255 610 3310 deoimo
629 3253 821 3310 adPlautium.
850 3237 1022 3310 Iu'omnibus
1033 3252 1176 3323 praetoriis
1185 3251 1414 3324 stipulationibus,
1433 3254 1461 3310 iu
1478 3253 1577 3324 qulbus
1594 3251 1622 3308 Ε

153 3345 241 3417 primo
258 3343 318 3400 fleri
335 3344 446 3416 aliquid,
464 3343 571 3415 deinde,
590 3340 734 3400 sitantum
752 3357 807 3398 non
825 3341 869 3414 sit,
886 3357 1003 3414 poenam
1021 3339 1172 3414 interimus,
1188 3357 1294 3413 poenae
1312 3342 1421 3399 nomine
1438 3344 1577 3416 stipulatio

152 3434 339 3492 summittitur.
1189 3453 1192 3460 ·
1596 3443 1625 3486 as

112 3524 133 3584 7
206 3523 357 3580 Unemsus
379 3520 447 3578 libro
465 3524 563 3591 quarto
581 3519 688 3576 deoimo
706 3519 742 3576 ad
760 3519 888 3576 edietum.
923 3520 1080 3576 Praetoriae
1103 3519 1296 3578 ιιιιιᾱιιίοιιιι
1318 3535 1449 3592 personas
1472 3521 1576 3578 deside·
1594 3518 1653 3592 Es·

153 3620 216 3671 rant
232 3629 282 3685 pro
300 3629 331 3670 se
347 3610 587 3668 interuenientinm
605 3615 635 3666 et
652 3623 741 3680 nequa
758 3608 918 3680 pignoribus
935 3610 996 3680 quia
1014 3624 1104 3681 neque
1121 3611 1254 3680 paeoniae
1266 3598 1315 3666 'uel
1334 3611 1392 3666 auri
1410 3611 1453 3666 uel
1472 3612 1577 3683 argenti

152 3703 324 3775 depositione
342 3703 370 3756 in
387 3701 476 3756 uieem
493 3699 679 3756 satisdationia
697 3697 826 3769 fungitur.

108 3794 132 3852 8
205 3793 386 3848 Pmmmrns
407 3788 476 3846 libro
499 3790 593 3860 quinto
617 3789 816 3858 quaestionum.
851 3787 970 3844 Patruus
994 3790 1084 3844 notat:
1108 3787 1155 3856 qui
1179 3785 1231 3842 sub
1256 3787 1415 3844 conditione
1437 3787 1577 3847 institutus
1594 3785 1622 3840 P

153 3886 211 3952 est,
233 3880 347 3952 adgnita
368 3879 501 3936 bonorum
524 3878 698 3948 possessione
719 3878 827 3948 sugitur
849 3875 998 3932 substituto
1021 3877 1049 3932 in
1072 3875 1144 3931 diem
1168 3891 1266 3932 tauers
1284 3877 1447 3946 longiorem:
1468 3884 1578 3949 praetor
1595 3890 1624 3932 ao

152 3971 226 4028 enim
244 3968 406 4026 benefitium
425 3985 504 4025 sunm
522 3967 623 4023 nemini
640 3967 701 4023 uult
717 3981 779 4024 esse
791 3966 943 4036 captiosum
959 3967 1004 4020 et⁴
1016 3969 1108 4036 potest
1119 3965 1206 4021 uideri
1220 3965 1384 4022 calumniose
1397 3968 1464 4024 satis
1474 3973 1576 4040 petere,

112 4075 125 4119 ι
150 4074 234 4131 quem
258 4059 326 4114 alius
349 4057 495 4116 antecedit.
537 4056 605 4113 Gom
633 4055 685 4112 sub
711 4055 853 4113 sommariis
876 4053 1081 4111 conditionibus
1104 4055 1178 4112 Titio
1201 4059 1230 4110 et
1251 4055 1358 4112 hiaeuio
1384 4055 1504 4128 legatum
1532 4059 1576 4130 sit,

150 4149 261 4219 utrique
278 4153 399 4220 oauetm,
418 4148 482 4220 qnia
498 4151 614 4217 uterque
632 4161 667 4202 ex
685 4147 826 4204 uoluntate
844 4141 965 4200 defuncti
984 4148 1077 4214 sperat
1093 4144 1223 4214 legatum.

103 4243 127 4302 9
206 4237 377 4295 Unuunurus
393 4237 463 4294 libro
481 4237 568 4308 primo
587 4236 800 4307 stipulationum.
832 4235 865 4290 ln
882 4233 1026 4304 praetoriis
1044 4232 1264 4302 stipulationibus
1281 4235 1305 4292 si
1323 4233 1469 4307 ambiguus
1486 4249 1575 4293 sermo
1593 4233 1639 4307 Ps,

148 4326 290 4398 addiderit,
307 4327 440 4399 praetoris
458 4328 510 4385 erit
527 4325 728 4398 interpretatio:
747 4325 806 4382 eius
824 4323 896 4382 euim
914 4337 991 4381 meus
1008 4321 1179 4380 aestimanda
1196 4328 1248 4380 est.
1594 4338 1624 4381 ss

147 4434 344 4522 sarnus)

148 4593 525 4736 :afwssstgfffsmffawd
542 4592 571 4648 hi
588 4591 698 4664 quidem
716 4595 783 4649 det.
836 4591 916 4649 ’Rei
933 4591 1133 4648 restitutionem
1152 4600 1198 4648 tm.
1211 4592 1293 4661 (Hnt)
1362 4593 1421 4650 ⁸et
1440 4595 1576 4664 empus)

239 4682 257 4722 u
344 4707 350 4718 .
418 4685 445 4721 er

146 4827 231 4882 dest
248 4825 287 4880 tia
305 4825 342 4878 F·
359 4821 488 4892 (em.F⁸')
547 4825 581 4880 10
598 4823 738 4893 insertam]
756 4822 838 4879 ΧῬ
890 4837 1035 4880 mansurus
1045 4823 1196 4880 erloo
1239 4823 1274 4879 39
1286 4821 1487 4881 eondioioue'm'
1499 4825 1574 4881 insti-

146 4896 247 4963 MOO,
273 4901 377 4952 sertam
406 4895 505 4952 FX0Y·
596 4895 630 4951 15
657 4893 776 4951 sei‘e'ndi
801 4896 838 4949 Ρ
890 4899 967 4952 totus
989 4891 1039 4950 ΡΙ
1111 4895 1147 4951 40
1168 4894 1384 4966 possessioue‘m'
1408 4897 1514 4966 ungitur
1537 4897 1575 4950 Ρ

146 4971 186 5026 25
205 4967 438 5024 satis'satis'datnr
457 4968 493 5021 Ρ
549 4968 582 5022 31
601 4982 659 5022 rem
677 4967 836 5036 amissurus]
890 4967 926 5024 43
943 4965 1074 5023 defuneto
1091 4967 1129 5022 Ρ
1182 4967 1218 5023 44
1235 4965 1415 5038 ambig'n'uus
1432 4969 1470 5022 Ρ

147 5039 208 5097 FU
225 5049 360 5114 nutantque
379 5049 405 5095 ia
423 5047 538 5112 mnrpine
555 5039 680 5094 Pisonum
697 5036 772 5103 ΧΜ,
795 5053 836 5094 re·
870 5031 883 5052 ⁶
