3428 5460
1109 58 1111 60 ’
1151 70 1226 90 'ms-.-

87 95 206 164 11111111
230 99 245 162 1
265 101 345 157 4-0
751 87 839 168 422
1231 96 1605 200 “Meum-‚Qv

88 259 131 310 est
148 254 238 324 opinio
257 253 405 310 dicentium
423 251 496 308 hunc
514 250 549 306 ad
565 250 719 306 libertatem
738 252 892 322 peruenire,
916 267 978 308 eum
1002 256 1030 307 et
1051 267 1150 307 nomen
1171 251 1317 322 emptionis
1336 249 1576 342 imaginun-,u
1692 224 1714 324 ,’

55 353 69 399 8
87 344 139 398 iste
158 347 264 413 emptor
282 342 470 398 accommodet
487 347 515 397 et
532 347 675 412 praeterea
692 340 757 396 nihil
775 341 801 396 el
819 339 899 396 absit.
929 340 1001 396 Nihil
1020 346 1110 396 autem
1129 342 1250 410 interest,
1269 357 1286 394 a
1304 354 1359 410 quo
1376 340 1435 408 quis
1460 363 1572 429 qui,

87 433 204 488 nummis
222 437 336 500 ematur,
356 448 373 486 a
390 429 457 487 fisco
475 432 519 486 uel
537 431 648 486 ciuitate
666 429 710 485 uel
729 446 747 484 a
764 431 880 500 priuato,
899 431 1030 500 cuiusque
1054 431 1090 486 sit
1107 446 1191 486 sexus
1209 430 1232 484 is
1251 430 1297 499 qui
1316 430 1390 484 emit,
1417 438 1508 498 seq
1544 469 1569 518 e,

88 522 111 576 si
129 522 216 576 minor
239 522 276 576 sit
297 521 394 590 uiginti
419 522 496 576 annis
520 521 567 589 qui
586 519 720 589 uendidit,
747 520 909 574 interueniet
931 521 1098 576 constitutio.
1126 536 1177 576 nee
1201 519 1384 590 comparantis
1402 519 1563 605 quie,³1¹1
1674 530 1714 582 ¹3·

87 616 164 666 aetas
182 615 334 681 spectatur:
353 626 415 664 nam
434 609 503 666 etsi
520 609 639 680 pupillus
657 613 738 678 emat,
757 595 875 678 aequum
894 613 937 663 est
954 625 1016 664 eum
1029 607 1110 664 fidem
1128 610 1248 679 implere,
1267 624 1329 664 eum
1343 607 1581 694 0111011111111106
1667 634 1676 668 :
1693 642 1714 653 -1

54 712 68 756 e
87 699 146 756 eius
164 699 215 756 boo
232 701 269 755 sit
286 697 416 754 futurum.
443 699 516 754 idem
535 705 563 753 et
570 699 605 752 ei
622 712 719 754 seruus
737 703 788 753 ost.
819 698 851 752 ln
868 698 920 752 illis
938 714 1003 752 sane
1022 699 1109 754 seruis
1121 715 1174 755 non
1188 699 1334 754 interuenit
1346 697 1549 779 constitut,-⁰
1663 721 1673 765 1η

87 789 178 860 quiin
196 793 283 844 toturn
301 789 413 859 perduci
432 788 468 843 ad
485 787 638 842 libertatem
657 801 710 842 non
728 791 857 858 possunt,
876 791 907 841 nt
925 791 992 856 puta
1009 789 1032 843 si
1051 787 1237 858 exportandus
1255 787 1300 842 uel
1317 785 1369 840 hac
1386 785 1462 856 lege
1498 770 1554 866 ω’
1656 803 1666 838 ,a
1700 806 1713 820 *⁴

39 889 68 935 1⁰
86 878 166 934 nierit
188 879 243 946 (uel
264 883 430 934 testamento
453 877 523 932 hanc
547 875 734 932 condicionem
757 881 924 946 acceperat),
952 891 986 932 ne
1011 893 1140 948 umquem
1165 877 1408 932 manumitteretur.
1462 885 1546 954 Suis
1648 889 1694 924 n·

86 973 177 1022 autem
195 969 312 1022 nummis
330 966 487 1037 redemptus
505 966 558 1021 etsi
576 971 663 1020 totam
682 965 799 1035 pretium
818 979 872 1020 non
891 967 1056 1034 numerabit,
1081 982 1116 1021 er
1139 967 1229 1037 operis
1252 971 1346 1020 tamen
1364 965 1463 1034 ipsius
1492 999 1540 1039 a,
1642 1003 1646 1009 -

86 1056 201 1111 cesserit
217 1055 332 1126 aliquid,
356 1061 388 1110 ut
405 1055 502 1126 repleri
520 1053 637 1124 pretium
656 1054 757 1124 possit,
782 1054 826 1110 uel
844 1054 867 1108 si
886 1053 951 1124 quid
974 1069 1025 1110 suo
1048 1055 1145 1110 merito
1168 1055 1342 1124 adquisierit,
1367 1055 1534 1126 dicendum
1547 1087 1566 1124 Μ
1641 1045 1679 1090 ³⁹⁷

39 1153 65 1198 11
86 1149 129 1200 est
146 1143 298 1200 libertatem
317 1149 480 1214 competere.
519 1143 638 1210 Quodsi
657 1149 762 1213 partem
781 1144 839 1198 anis
857 1143 975 1199 nummis
993 1144 1151 1214 redimeret,
1170 1160 1232 1199 oum
1251 1148 1356 1214 partem
1375 1148 1452 1203 serui
1476 1153 1529 1210 hs.
1629 1144 1644 1218 ¹,
1682 1127 1686 1136 ’

85 1232 171 1303 beret,
189 1233 224 1288 ad
242 1234 463 1290 constitutionem
481 1247 536 1288 non
554 1231 709 1302 pertinebit,
728 1247 782 1288 non
801 1233 889 1302 magis
907 1248 989 1302 quarn
1006 1233 1062 1302 qui,
1081 1247 1143 1288 cum
1157 1233 1167 1304 l
1180 1233 1373 1303 proprietatem
1390 1232 1523 1310 haberet
1536 1251 1584 1297 ter
1626 1247 1629 1302 j
1662 1232 1704 1251 ““

39 1331 69 1376 la
86 1339 165 1378 usum
183 1320 300 1378 lruetum
318 1321 441 1378 redemit
478 1319 533 1376 Sed
551 1321 606 1390 qui,
625 1337 687 1376 cunr
705 1319 869 1376 fructuarius
889 1325 975 1392 esset,
994 1322 1187 1392 proprietatem
1205 1322 1334 1390 redemit,
1352 1322 1379 1376 iu
1397 1337 1429 1376 ea
1444 1342 1520 1382 con-
1623 1308 1658 1394 ,²¹
1679 1316 1694 1339 ‘³‘

39 1421 67 1465 ta
86 1411 192 1466 dicione
209 1416 260 1481 est,
278 1415 310 1466 ut
327 1411 363 1466 ad
381 1411 602 1467 constitutionem
620 1409 776 1479 pertineret.
807 1408 863 1464 Sed
881 1414 910 1464 et
927 1411 951 1466 si
969 1410 1023 1466 duo
1042 1425 1151 1466 sernum
1169 1410 1347 1479 redemerint,
1366 1410 1430 1466 alter
1441 1427 1517 1482 pro
1597 1395 1653 1476 Ψ

85 1501 152 1570 priis
169 1501 299 1570 nummis,
318 1501 387 1556 alter
404 1500 522 1556 nummis
540 1501 626 1570 serui,
645 1499 790 1556 dicendum
809 1499 861 1554 erit
879 1499 1099 1554 comtitutionern
1118 1514 1241 1554 cessare:
1267 1500 1319 1554 nisi
1337 1497 1438 1556 lortais
1457 1499 1545 1568 qnia
1598 1477 1639 1572 ,³²

38 1599 68 1646 14
85 1590 201 1660 propriis
219 1589 337 1644 nummis
356 1587 471 1644 redemit
488 1590 679 1644 manumittere
698 1587 779 1642 inerit
795 1593 916 1658 paratus.
948 1589 1003 1644 Sed
1021 1593 1050 1644 et
1067 1589 1091 1644 si
1108 1593 1214 1658 partem
1229 1590 1291 1658 quis
1308 1589 1423 1660 redemit,
1437 1601 1515 1659 pars
1610 1557 1668 1644 Ε.
1693 1576 1714 1595 ''

85 1679 171 1734 altera
188 1693 223 1733 ex
241 1693 325 1734 causa
343 1679 476 1734 lueratiua
494 1679 648 1748 accesserit,
667 1677 812 1732 dicendum
831 1679 884 1734 erit
901 1678 1123 1733 constitutionem
1142 1679 1231 1732 locum
1250 1677 1359 1732 babere.
1627 1744 1678 1763 W

48 1767 67 1825 5
138 1767 311 1824 llsacrsrrus
341 1765 409 1822 libro
439 1768 560 1824 seeundo
587 1768 796 1822 institutionum.
844 1766 873 1822 Si
900 1768 962 1838 quis
989 1767 1064 1822 dieat
1089 1782 1119 1822 se
1146 1767 1203 1822 suis
1230 1767 1347 1822 nummis
1373 1757 1547 1850 [HIeJJJtS'
1609 1757 1648 1860 'fl
1669 1754 1707 1763 ”

85 1863 220 1927 emptum,
244 1861 336 1926 potest
354 1857 503 1912 consistere
521 1873 582 1912 cum
602 1855 712 1912 domino
730 1871 794 1926 suo,
818 1856 896 1910 ouius
914 1857 942 1911 in
960 1853 1041 1910 fidem
1060 1855 1196 1926 confugit,
1221 1861 1250 1910 et
1272 1855 1360 1926 queri,
1382 1845 1445 1926 quod
1476 1849 1514 1904 ab

85 1961 118 2001 eo
137 1961 191 2001 non
209 1945 424 2015 manumittatur,
442 1947 546 2002 Rornae
563 1945 674 2016 quidem
692 1943 765 2015 apud
783 1943 951 2015 praelectum
969 1945 1052 2014 urbis,
1070 1946 1098 2000 in
1111 1945 1258 2016 prouinciis
1271 1960 1336 2001 uero
1349 1945 1415 2016 apud
1425 1952 1516 2015 prat·
1528 1943 1547 1982 ¹⁰

85 2035 159 2090 sides
177 2049 212 2090 ex
229 2035 314 2090 sacris
333 2035 572 2091 constitutionibus
591 2035 715 2090 diuorum
734 2032 856 2100 fratrum,
876 2033 927 2088 sub
946 2050 979 2090 ea
990 2040 1082 2090 tamen
1094 2035 1308 2104 denuntiatione,
1327 2039 1356 2088 ut
1370 2035 1517 2092 issetque
1614 2098 1636 2117 ..

86 2123 133 2194 qui
150 2122 202 2180 boe
221 2123 367 2178 intenderit
385 2139 435 2179 nee
454 2125 606 2196 inplenerit,
624 2125 652 2178 in
670 2139 739 2194 opus
758 2121 858 2176 metalli
876 2123 963 2194 detur,
982 2125 1034 2178 nisi
1052 2123 1122 2178 torte
1140 2123 1267 2180 dominus
1285 2123 1360 2178 reddi
1377 2138 1432 2178 eum
1447 2113 1519 2178 sibi
1615 2133 1617 2136 ·
1709 2182 1714 2191 Ι

52 2213 224 2282 lmaluerlt,
250 2213 345 2282 utique
368 2228 422 2268 non
447 2213 574 2268 maiorem
598 2227 633 2268 ex
655 2227 690 2266 ea
712 2227 797 2266 causa
819 2225 935 2282 poenam
957 2213 1163 2270 constituturus.
1200 2211 1256 2268 Sed
1274 2218 1302 2267 et
1320 2213 1343 2268 si
1360 2211 1522 2268 melonum*
1619 2249 1648 2283 ·.
1706 2278 1714 2289 .

85 2301 198 2358 redditis
217 2301 285 2358 liber
303 2317 364 2358 esse
382 2304 474 2358 iussus
492 2301 587 2372 buerit,
611 2300 712 2358 arbiter
729 2303 796 2357 iuter
813 2317 922 2358 seruum
941 2309 970 2358 et
987 2303 1140 2372 dominum,
1165 2301 1194 2356 id
1211 2307 1255 2356 est
1272 2301 1408 2373 heredem,
1425 2301 1523 2356 latur
1620 2368 1622 2375 Α

85 2391 120 2446 de
138 2391 288 2446 rationibus
306 2391 484 2448 excutiendis.
1541 2385 1559 2424 ¹⁵
1626 2462 1628 2465 v
1652 2450 1668 2469 ,¹
1682 2425 1714 2463 ·„

48 2479 66 2538 6
139 2480 278 2536 hermus
300 2481 402 2536 Uanus
425 2481 494 2536 libro
517 2485 614 2552 quarto
637 2481 814 2551 digestorum.
851 2479 953 2536 Seruus
977 2481 1120 2550 pecuniam
1143 2479 1179 2536 eb
1201 2479 1353 2536 libertatern
1373 2463 1555 2564 QS

84 2575 182 2640 pactus
200 2574 260 2626 erat
277 2577 306 2624 et
323 2585 384 2625 earu
402 2569 512 2626 domino
531 2569 657 2625 dederat:
676 2569 802 2625 domiuus
820 2569 895 2640 prius
907 2585 988 2640 quam
1006 2585 1069 2625 eum
1082 2571 1295 2640 manumitteret,
1314 2575 1430 2626 mortuns
1446 2564 1531 2626 erat
1625 2609 1644 2640 ,-

85 2663 304 2728 testamentoque
321 2659 435 2714 liberum
454 2673 515 2714 esse
533 2659 651 2714 iusserat
668 2663 696 2713 et
713 2659 739 2714 ei
757 2660 892 2729 peculium
911 2675 991 2714 suurn
1009 2660 1158 2728 legauerat.
1185 2660 1352 2730 consulebat,
1371 2677 1445 2730 quam
1459 2665 1531 2728 pe·
1663 2707 1713 2748 a

85 2749 193 2803 cuniam
217 2748 327 2804 domiuo
350 2747 472 2804 dedisset
495 2747 531 2803 ob
553 2747 721 2818 libertatem,
749 2763 783 2802 an
807 2763 867 2802 eam
895 2747 947 2803 sibi
975 2748 1088 2804 heredes
1111 2750 1220 2820 patroni
1244 2749 1358 2805 reddere
1381 2743 1534 2804 damnent

86 2851 181 2893 necne.
209 2836 357 2908 respondit,
376 2838 399 2892 si
417 2853 477 2892 eam
495 2837 638 2906 pecuniam
657 2835 791 2906 domiuus,
808 2843 989 2908 posteaquam
1008 2839 1172 2908 accepisset,
1190 2840 1219 2894 in
1237 2854 1305 2894 suae
1321 2841 1447 2910 pecuniae
1474 2833 1566 2889 tlt-⁸⁰
1622 2902 1624 2919 ᾖ
1653 2879 1682 2911 ..Η

86 2927 204 2982 tionem¹
217 2925 366 2996 habuisset,
384 2927 476 2981 statim
495 2925 600 2981 desisse
618 2927 677 2982 eius
695 2927 793 2997 peculii
811 2941 885 2981 esse:
904 2927 953 2982 sed
972 2927 995 2982 si
1013 2928 1125 2996 interea,
1143 2927 1208 2982 dum
1227 2943 1289 2982 euru
1302 2921 1537 2984 manumitteret,

87 3020 230 3085 acceptum
249 3029 329 3072 seruo
347 3015 504 3086 rettulisset,
523 3015 609 3070 uideri
626 3016 725 3086 peculii
737 3014 821 3072 luisse
838 3021 867 3071 et
877 3015 977 3072 debere
989 3015 1103 3072 heredes
1115 3031 1175 3072 earn
1188 3018 1333 3086 pecuniam
1346 3018 1538 3074 manumisso
1625 3080 1632 3099 ,

85 3103 207 3160 reddere.

48 3192 66 3250 'l
137 3193 214 3248 lueet
231 3193 300 3248 libro
318 3193 436 3263 septimo
454 3193 631 3264 digestorum.
658 3193 720 3248 Duo
733 3193 780 3250 lilii
792 3191 909 3249 familias
926 3193 1078 3264 peculiares
1096 3209 1191 3250 seruos
1210 3196 1356 3265 separatim
1376 3176 1544 3278 [isse‘s]
1555 3183 1567 3236 S

84 3287 198 3351 uterque
221 3282 371 3338 habebant:
395 3297 430 3338 ex
453 3281 494 3337 his
513 3284 581 3338 alter
602 3284 740 3338 seruolum
764 3299 843 3338 suum
867 3283 1031 3353 peculiarem
1055 3283 1120 3338 uiuo
1142 3287 1221 3354 patre
1243 3265 1576 3356 mmumisrff'pifeti
1631 3284 1672 3431 Ε

84 3371 192 3442 utrique
210 3377 374 3428 testamento
391 3373 526 3442 peculium
545 3373 760 3442 praelegauerat.
786 3371 979 3442 quaerebatur,
1003 3388 1099 3428 seruus
1117 3373 1170 3428 iste
1187 3377 1279 3428 utrum
1298 3374 1448 3444 amborum,
1497 3377 1549 3420 ²¹¹

84 3461 250 3532 elusaque
269 3461 452 3518 manumissus
470 3467 529 3517 erat
547 3461 660 3518 libertus
678 3469 760 3516 esset.
787 3461 936 3532 respondit,
955 3463 978 3517 sl
996 3463 1071 3532 prius
1088 3467 1283 3518 testamentum
1298 3467 1377 3534 pater
1394 3455 1552 3519 fecisset
1637 3442 1662 3545 il

84 3565 166 3621 quarn
183 3549 255 3606 filius
274 3567 335 3606 eum
354 3550 467 3606 liberum
486 3566 548 3606 esse
566 3551 705 3621 iussisset,
728 3552 809 3606 unius
835 3565 897 3608 esse
921 3551 1060 3620 libertum,
1084 3551 1146 3607 ideo
1170 3552 1244 3622 quod
1267 3568 1330 3608 eum
1353 3568 1469 3624 qnoque-
1514 3542 1555 3596 ἱ]
1641 3552 1652 3601 l

83 3641 190 3712 peculio
208 3641 316 3710 legasse
335 3639 485 3696 uideretur:
504 3641 554 3695 sed
572 3641 596 3695 si
608 3647 706 3710 postea
718 3645 912 3696 testamentum
924 3645 1004 3712 pater
1015 3638 1133 3711 lecisset,
1153 3657 1208 3698 non
1220 3641 1307 3699 uideri
1321 3659 1380 3698 eam
1394 3641 1558 3698 nenton

84 3747 302 3817 mrrzmoo)

84 3833 1564 3861 mmm—d!

85 3891 94 3926 ¹
113 3891 218 3946 ratione
236 3890 338 3958 (Helii

85 4033 180 4086 lcum
204 4037 233 4086 et
255 4046 353 4088 nomeu
376 4033 437 4104 rep]
459 4031 548 4087 &uertit
573 4033 611 4086 sal
636 4031 772 4087 cluserado
825 4037 932 4104 septum
953 4033 987 4086 F⁵
1046 4016 1564 4104 24111101]01000088·0οεἸίθῦῨ
1613 4030 1614 4037 ’

84 4103 123 4170 τῷ
143 4101 249 4158 daouarr
269 4105 391 4174 rrpouqqph¹
410 4103 656 4174 [immoduoxpr'rrer]
678 4103 770 4168 odro—
825 4103 1267 4176 ahofselrofstspoubuordnss'
1291 4107 1500 4178 2h'alphecus
1521 4091 1559 4150 Ῑῖ

86 4176 181 4246 perric
194 4175 241 4229 BS
254 4175 344 4240 (Dor.)
391 4175 627 4232 2ac*c⁴ommodet
640 4173 675 4228 F‘
691 4179 696 4241 1
712 4191 771 4246 pre·
825 4175 860 4231 ob
878 4175 1031 4231 libertatem
1050 4177 1193 4246 'acceptus'
1210 4183 1309 4248 paetus
1332 4185 1391 4234 erat
1408 4179 1472 4238 Ρ,
1526 4161 1559 4219 ⁰¹³

85 4253 161 4302 terea
180 4248 217 4308 F,
253 4248 318 4300 lut
336 4253 403 4316 puta
423 4249 447 4302 si
465 4247 650 4317 exportandus
668 4247 729 4318 seq]
748 4248 770 4300 ri
823 4247 976 4302 libertatem
995 4253 1140 4318 acceperat
1155 4249 1328 4314 XYZMOO,
1347 4251 1554 4310 'slaccapt

86 4318 131 4388 stip
159 4319 182 4372 εἰ
213 4317 398 4386 exportandus
424 4318 520 4390 tupa'tlu
550 4320 564 4372 ἢ
592 4319 630 4374 'sul
659 4319 770 4386 rororrtp
824 4325 879 4388 rat,
899 4320 933 4374 al.
946 4325 1042 4390 pactus
1061 4319 1127 4376 erat’
1144 4321 1300 4376 Accurriua:
1324 4323 1549 4394 crasoduucfl

86 4389 222 4454 equodstp
241 4387 346 4460 ἐπράθη,
366 4390 771 4458 ὢετεκκλὲποτεὲλεγθερωθὴ·
825 4391 927 4446 ols'errrc
945 4391 1060 4462 χρήματα
1078 4392 1168 4453 boisel
1187 4393 1226 4460 τῷ
1248 4393 1303 4458 lbiqr
1323 4393 1438 4462 tecuorrp
1463 4389 1543 4451 W?
1587 4453 1588 4458 ,

87 4479 134 4522 aar,
156 4461 170 4512 ir
189 4459 218 4513 ὲκ
232 4461 339 4530 trabeae
354 4469 398 4515 ret.
412 4463 460 4515 RS
473 4463 563 4528 (Dor.)
610 4461 771 4516 Sne'e’um·
825 4463 873 4517 rtlc
896 4461 1044 4534 ἐλεγθερίιε
1067 4462 1148 4524 Α’γτοῆ
1171 4464 1219 4518 BS
1279 4465 1313 4518 28
1336 4461 1536 4540 eramento

85 4547 167 4600 quam
188 4533 225 4583 F’
270 4533 304 4586 10
322 4531 380 4600 suo]
397 4549 447 4586 sua
459 4535 494 4586 F·
540 4536 573 4588 12
590 4532 772 4604 propri'a'eta·
825 4533 911 4604 qu‘a'e
925 4535 961 4588 Ρ
976 4539 981 4600 1
997 4533 1207 4590 consulebatur⁴
1220 4532 1283 4590 Pl:
1302 4537 1339 4589 sal
1358 4535 1529 4606 apertione

86 4609 141 4658 tem
154 4603 190 4656 F*
240 4605 273 4656 13
292 4603 463 4672 quilF²rum
476 4603 771 4660 BS:hls...babs0a
825 4605 937 4660 Seruius
951 4607 998 4660 Rs
1009 4607 1108 4674 (Dea).
1127 4610 1289 4680 rfuolip.
1301 4609 1353 4662 566
1369 4609 1402 4661 nd
1425 4627 1457 4658 u.
1475 4601 1522 4654 20:

86 4674 155 4744 ἒχωκ
220 4673 267 4727 rba
286 4673 499 4745 oicotoporxroa
516 4675 627 4746 isopa'eq
646 4677 772 4738 soluaore
824 4681 942 4732 similiter
953 4679 1101 4732 Dorotheus
1119 4681 1201 4732 relata
1214 4681 1285 4749 apud
1295 4681 1458 4803 Africanum
1469 4679 1511 4727 tri·

86 4747 133 4806 τοῩ
148 4745 520 4818 olsrrolrr'rsnpuuprerapieu
534 4747 620 4812 ιῨτοῨ,
636 4747 700 4818 quid
714 4749 770 4816 1¹¹1
825 4749 1080 4803 buereroletlulinao
1110 4749 1302 4818 3ldum]dem
1334 4749 1344 4784 ¹
1370 4747 1503 4802 32'here·

85 4815 310 4886 propri'a'etatem
330 4816 366 4872 F‘
421 4821 453 4872 14
472 4835 551 4874 seruo
570 4821 604 4872 Ρ
660 4821 772 4888 liquis
824 4817 939 4874 heredes
957 4819 994 4872 Γ*
1052 4821 1087 4874 35
1106 4829 1238 4892 uterque*
1256 4823 1292 4875 F’
1312 4825 1316 4888 l
1334 4817 1425 4874 al'i'ter
1442 4813 1496 4880 Pl

80 4888 268 4948 redemiret
313 4889 547 4950 180011οι001ι
593 4892 627 4948 19
639 4892 769 4962 emptum]
824 4891 911 4961 pater]
929 4897 1007 4961 patre
1027 4891 1060 4944 F¹

38 5009 92 5025 -Ἷ
104 5024 107 5027 η

153 5039 218 5057 ’'quq-
255 5043 258 5050 1

267 5069 324 5084 -q
336 5084 340 5089 .
355 5085 358 5092 Ι

382 5099 439 5115 Ἣ,

497 5129 574 5149 -aql
