3608 5460
254 243 417 312 XXXXIII
437 245 481 309 30
499 249 515 304 3
536 279 567 290 -
587 207 664 308 521
904 203 907 212 ‹
927 234 1015 316 618
1211 245 1212 248 ’
1260 261 1398 326 ursum.
1433 263 1479 310 nn
1502 262 1675 311 mansino

253 407 329 458 tutor
346 401 390 456 uel
407 404 572 456 testamento
590 401 634 454 uel
653 415 670 454 a
687 403 813 470 praetore
831 399 913 455 datus
930 399 1077 471 pupillum,
1101 415 1183 470 quem
1205 401 1235 457 in
1256 400 1329 457 diem
1352 401 1408 456 litis
1432 401 1508 472 apud
1533 415 1564 457 se
1581 400 1677 469 babuit,

254 497 360 560 tuetur,
379 490 402 545 ia
420 503 500 558 uero,
519 489 566 558 qui
584 493 689 558 patrem
709 503 739 543 se
758 487 838 558 diolt,
861 493 1005 558 suspectus
1024 495 1067 544 est
1084 491 1163 559 quasi
1181 491 1373 561 calumniator,
1397 490 1501 546 differri
1519 491 1596 546 litem
1614 494 1677 547 norsl

254 578 399 650 oportebit.
427 578 450 633 si
467 592 534 633 uero
548 579 558 646 fl
572 582 687 647 utraque
705 583 822 647 persona
839 583 969 648 suspecta
986 583 1029 634 est
1046 583 1095 634 aut
1105 583 1245 649 tamqnam
1257 577 1365 634 infirma
1376 585 1425 634 aut
1436 585 1579 650 tamquam
1590 580 1679 650 turpis,
1694 585 1709 633 t.
1799 586 1800 589 ’

254 683 309 724 non
327 668 379 722 erit
397 668 523 736 alienum,
541 665 637 735 inquit,
656 665 772 736 disponi,
791 667 865 737 apnd
883 657 965 736 que'rn
983 667 1091 722 interim
1109 683 1179 738 puer
1196 668 1376 724 odueeretnr¹
1387 673 1416 724 et
1430 670 1644 725 oontronersiam
1655 669 1681 723 in

245 763 363 828 ‚tempus
380 756 532 826 pubertatis
551 755 662 824 differri,
681 769 715 809 ne
733 770 783 825 per
801 755 975 810 collusionem
996 755 1041 810 nol
1059 756 1220 826 imperitiam
1234 757 1389 812 alterutrius
1402 758 1626 814 eontandantinm
1638 763 1710 812 ants

255 847 359 902 alienae
377 846 507 916 potestati
526 849 604 915 pater
621 841 738 898 familias
757 843 901 900 addicatur
918 849 966 898 aut
983 841 1055 898 filius
1073 845 1178 900 alienus
1191 847 1278 915 patris
1290 844 1408 902 familiae
1419 848 1480 903 loeo
1494 848 1682 904 eonstituatur.

221 943 235 990 t
254 935 371 992 Etiamsi
394 935 511 992 maxime
535 938 626 988 autem
650 931 748 1003 probet
770 931 854 988 liliam
878 937 958 1002 pater
981 933 1008 988 ln
1027 948 1078 988 sua
1094 938 1233 1004 potestate
1251 949 1325 1005 esse,
1350 941 1442 992 umen
1466 951 1552 992 eausa
1576 937 1683 1006 eognits

255 1029 342 1080 mater
360 1023 388 1079 in
405 1021 548 1078 retinendo
567 1037 599 1076 eo
618 1023 708 1092 potior
726 1021 789 1092 erit,
812 1019 894 1092 idque
913 1021 1031 1077 decretis
1049 1021 1106 1077 diui
1125 1023 1165 1078 Pii
1189 1022 1352 1093 quibusdam
1376 1026 1545 1082 continetur:
1568 1026 1683 1096 optinuit

254 1113 343 1169 enim⁸
361 1115 449 1168 mater
465 1109 501 1166 ob
519 1109 669 1180 nequitiam
688 1111 786 1180 patris,
811 1114 842 1165 ut
864 1111 923 1166 sine
947 1111 1132 1167 deminutione
1156 1113 1261 1183 patriae
1278 1115 1424 1184 potestatis
1443 1114 1517 1185 apud
1534 1129 1597 1169 eam
1615 1113 1683 1170 tilius

221 1207 382 1258 omoretur.
424 1201 455 1256 in
478 1199 530 1254 hoo
552 1197 711 1269 interdieta,
736 1198 824 1254 donae
847 1213 891 1255 res
915 1199 1064 1270 iudicetur,
1091 1199 1234 1272 laminam,
1257 1207 1459 1273 praetextatum
1483 1217 1616 1274 eumque,
1639 1203 1683 1273 qui
1701 1219 1723 1256 r·

253 1292 377 1362 proxim
395 1289 558 1360 praetextati
577 1291 696 1343 aetatem
714 1287 841 1358 aooedet,
864 1289 972 1344 interim
991 1289 1065 1360 apud
1082 1296 1197 1346 matrem
1220 1290 1337 1347 familias
1355 1292 1456 1364 deponi
1473 1297 1585 1364 praetor
1601 1291 1683 1348 iubet

254 1380 377 1451 proxime
395 1383 512 1434 aetatem
530 1377 696 1448 praetextati
713 1377 844 1432 aooedere
862 1393 925 1432 eum
944 1377 1075 1448 dioimus,
1098 1380 1145 1449 qui
1163 1379 1293 1449 puberem
1312 1385 1430 1438 aetatem
1454 1397 1528 1437 nune
1545 1382 1684 1452 ingressus

254 1473 305 1525 est.
333 1483 395 1524 oum
413 1467 492 1522 audie
510 1473 624 1522 matrem
643 1465 769 1536 familias,
788 1467 882 1538 aoeipe
900 1473 982 1522 notae
1000 1467 1172 1522 auetoritatis
1189 1467 1328 1525 seminam.

215 1555 236 1614 4
306 1557 478 1613 Areioarrns
495 1556 564 1612 libro
582 1562 680 1626 quarto
697 1555 896 1626 quaestionum.
927 1555 957 1611 si
975 1571 1046 1626 eum,
1065 1557 1111 1627 qni
1127 1571 1158 1612 se
1169 1563 1275 1628 patrem
1293 1557 1410 1614 familias
1428 1557 1511 1628 diost,
1529 1554 1684 1644 Q
1700 1555 1791 1622 ab*

254 1661 307 1718 ego
325 1647 353 1701 in
370 1661 434 1702 mea
449 1649 589 1715 potestate
602 1659 668 1706 esse
687 1648 716 1700 et
733 1646 809 1700 iussu
828 1659 889 1700 meo
908 1645 998 1700 adisse
1017 1644 1195 1702 hereditatem
1214 1647 1318 1718 dicam,
1340 1653 1397 1704 tam
1415 1647 1451 1704 de
1469 1647 1623 1704 hereditate
1640 1650 1684 1720 agi
1702 1647 1783 1702 15

254 1741 380 1808 oportere
398 1749 479 1806 quam
498 1735 534 1791 ad
551 1735 726 1792 interdictum
744 1734 779 1790 de
797 1731 852 1790 tilio
870 1733 996 1790 dueendo
1014 1735 1047 1790 iri
1064 1734 1165 1791 debere
1183 1737 1230 1792 alt.

217 1823 236 1882 5
307 1824 479 1880 Unuunnrne
495 1823 563 1880 libro
581 1828 678 1894 quarto
696 1823 911 1879 interdiotorum.
948 1821 977 1879 Si
995 1822 1067 1879 lilius
1090 1839 1142 1880 sua
1164 1829 1262 1895 sponte
1280 1825 1354 1895 apud
1372 1827 1490 1897 aliquem
1509 1831 1565 1896 est,
1591 1827 1685 1882 innule
1703 1821 1744 1881 Δ

254 1913 306 1970 boe
323 1913 497 1970 interdictum
515 1915 575 1984 erit,
593 1914 658 1982 qnia
675 1911 747 1968 filius
765 1913 853 1982 magia
871 1911 945 1982 apud
964 1927 994 1968 se
1012 1929 1094 1984 quam
1113 1914 1187 1984 apud
1205 1929 1268 1970 eum
1286 1919 1337 1984 est,
1355 1915 1385 1971 in
1398 1929 1480 1986 quem
1498 1915 1684 1986 interdicetur,

255 2017 316 2058 oum
334 2002 447 2058 liberam
466 2001 624 2060 fatuitatem
643 2001 755 2058 abeundi
773 2002 817 2056 nel
835 2001 993 2058 remanendi
1011 2001 1136 2058 baberet:
1161 2003 1213 2059 nisi
1237 2004 1261 2059 si
1283 2004 1354 2060 inter
1371 2005 1453 2076 duos,
1477 2005 1527 2075 qni
1544 2019 1576 2060 se
1593 2011 1686 2076 patres

255 2091 384 2164 diaereut,
403 2092 589 2149 eontronersia
606 2095 680 2147 esset
698 2096 726 2146 et
744 2091 813 2146 alter
830 2089 865 2146 ab
883 2091 970 2147 altero
988 2089 1110 2147 exhiberi
1128 2105 1190 2149 enm
1209 2091 1387 2149 desideraret.
1705 2105 1731 2147 ao

902 2245 1041 2330 XXXl.

771 2381 844 2460 ‚it
861 2403 863 2408 ·
883 2379 1059 2460 UTRUBI
1098 2382 1135 2461 e

219 2541 234 2597 1
307 2539 457 2596 omasus
480 2537 549 2595 libro
572 2537 794 2608 septuagensimo
818 2537 940 2595 seeundo
963 2539 998 2594 ad
1020 2539 1148 2596 edietum.
1184 2540 1297 2596 Praetor
1315 2540 1366 2596 ait:
1385 2537 1492 2595 'Utrnbi
1509 2535 1691 2624 [ῧῖῖὸῖιῖῇ
1709 2543 1736 2599 lt

254 2629 306 2684 ‘hie
324 2629 418 2700 homo,
442 2641 496 2698 quo
515 2627 550 2683 de
568 2627 667 2697 agitur,
685 2627 787 2682 maiore
805 2631 883 2696 parte
901 2627 1015 2684 huinsoe
1032 2630 1097 2685 anni
1114 2627 1178 2699 init,
1202 2643 1257 2699 qno
1276 2629 1366 2684 minus
1383 2629 1408 2685 ie
1425 2644 1488 2685 eum
1507 2628 1609 2700 duest,
1632 2630 1691 2686 nim

222 2717 321 2774 alieri
338 2716 419 2776 neto'.
456 2717 516 2774 iioo
533 2715 708 2772 interdiotum
731 2715 766 2771 de
788 2717 962 2786 possessione
985 2732 1076 2774 rerum
1098 2717 1238 2774 mobilium
1261 2718 1352 2774 loonm
1373 2717 1470 2774 babet:
1483 2717 1545 2798 ¹sed
1569 2719 1695 2789 optinuit
1713 2731 1742 2772 aa

255 2807 311 2863 uim
330 2808 388 2863 eius
407 2809 586 2876 exaequatam
605 2803 690 2861 inisse
709 2806 748 2861 uti
765 2805 912 2876 possidetis
930 2807 1084 2878 interdieta,
1102 2807 1177 2879 qnod
1192 2807 1228 2863 de
1245 2808 1322 2863 rebus
1333 2807 1385 2864 soli
1402 2822 1475 2864 oom-
1508 2805 1694 2878 eulasia—ss

255 2897 332 2968 petit,
350 2903 382 2951 ut
399 2896 423 2952 is
441 2899 470 2952 ot
487 2897 515 2951 in
533 2895 585 2952 hoo
603 2895 747 2951 interdieta
765 2895 872 2965 ninnat,
890 2895 938 2964 qni
956 2910 1007 2952 nee
1025 2897 1053 2952 ni
1073 2911 1124 2952 nee
1141 2897 1211 2952 elam
1229 2911 1281 2953 nea
1298 2897 1429 2968 preoariq
1449 2896 1514 2952 dum
1533 2898 1696 2968 superbos

255 2984 291 3041 ab
309 2985 466 3042 aduomario
483 2985 657 3056 inquietatur,
674 2985 876 3054 possessionem
895 2983 986 3040 habet.

893 3139 1049 3223 XXXll.
1451 3223 1454 3228 .

722 3275 760 3354 it
799 3273 863 3352 DE
890 3273 1138 3354 MIGRANDO
1178 3275 1215 3354 it
1717 3305 1746 3346 a

218 3439 234 3497 1
309 3433 459 3491 Unrmuus
476 3433 545 3491 libro
563 3432 786 3506 septuagensimo
804 3433 885 3488 tertio
903 3433 938 3488 ad
956 3432 1086 3488 edietum
1121 3431 1234 3488 Praetor
1252 3429 1303 3486 ait:
1322 3429 1358 3487 ‘Si
1376 3431 1400 3488 is
1418 3430 1509 3502 homo,
1528 3427 1696 3516 [tejam]
1715 3441 1743 3497 Β

255 3525 317 3596 ‘quo
335 3523 370 3580 do
388 3525 492 3596 agitur,
516 3539 571 3580 non
589 3527 632 3580 est
649 3537 685 3578 ex
702 3521 745 3577 bis
762 3521 858 3592 rebus,
881 3521 916 3577 de
934 3521 1033 3592 quibua
1051 3521 1167 3576 intorte
1190 3523 1220 3575 et
1236 3525 1356 3576 autorem
1381 3521 1523 3592 conuenit,
1548 3530 1597 3593 nt,
1621 3540 1697 3595 quas

256 3615 291 3670 'ln
309 3629 370 3670 eam
388 3613 584 3669 habitationem
602 3611 710 3683 quade
728 3611 819 3682 agitur
836 3611 992 3668 introducta
1003 3611 1151 3681 importata
1163 3609 1202 3680 ibi
1216 3615 1282 3666 nata
1293 3608 1401 3666 laetam
1414 3616 1516 3682 essent,
1534 3625 1572 3667 ea
1582 3614 1698 3684 pignori

255 3703 313 3760 'tibi
330 3719 381 3774 pro
399 3703 525 3758 mereede
543 3701 602 3758 eius
620 3701 796 3757 habitationis
814 3706 920 3772 essent,
944 3702 1003 3756 sine
1025 3717 1061 3756 ex
1079 3699 1121 3756 his
1139 3699 1221 3756 rebus
1239 3707 1282 3755 est
1302 3704 1332 3756 et
1354 3713 1388 3754 ea
1405 3713 1511 3755 meroes
1528 3700 1582 3758 tibi
1601 3703 1698 3760 solnta

257 3794 332 3850 'eoue
350 3794 460 3850 nomino
478 3790 648 3848 aadslaotnm
667 3794 711 3847 est
728 3797 776 3845 ant
793 3805 842 3860 per
860 3795 888 3844 te
907 3795 970 3859 stat,
989 3805 1044 3860 quo
1062 3790 1151 3845 minus
1170 3790 1306 3846 soluatur:
1330 3789 1383 3858 ita,
1401 3804 1456 3858 quo
1474 3789 1566 3846 minus
1586 3792 1627 3863 ei,
1646 3794 1696 3863 qai
1714 3805 1744 3847 aa

223 3894 235 3938 1
256 3882 326 3938 'eum
344 3883 467 3953 pignoris
484 3882 594 3937 nomine
611 3880 727 3949 induxit,
746 3879 809 3935 inde
827 3879 964 3934 abducere
980 3879 1069 3948 liceat,
1088 3879 1145 3934 uim
1162 3877 1222 3934 lieri
1239 3877 1320 3935 ueto'.
1354 3877 1414 3934 Hoo
1431 3878 1612 3936 interdietnm
1630 3897 1696 3952 pro·

223 3973 365 4043 eponitur
382 3971 526 4041 inquilino,
550 3971 596 4041 qui
619 3971 709 4026 solute
731 3970 863 4040 pensione
886 3969 947 4024 unt
964 3967 1094 4038 migrare:
1118 3983 1181 4023 narn
1205 3969 1301 4024 eolouo
1324 3981 1378 4024 non
1401 3969 1542 4038 oompetit
1581 3969 1636 4026 (ini
1653 3971 1697 4027 rei

223 4063 338 4118 uetiam
363 4067 440 4117 extra
464 4061 585 4116 ordinem
609 4058 749 4116 subueniri
771 4063 875 4129 potest:
904 4072 970 4128 ergo
992 4055 1149 4128 infrequens
1178 4061 1221 4113 est
1241 4056 1294 4114 boo
1315 4055 1500 4114 interdiotnm.
1540 4055 1573 4114 Si
1597 4065 1695 4116 tamen

254 4167 446 4238 F(XYMOO)

256 4324 265 4358 ¹
284 4333 339 4376 non
357 4322 404 4374 del.
475 4319 486 4354 ²
504 4317 636 4374 edueetur
653 4317 750 4385 (odd.)?
820 4314 920 4371 'sorte
938 4325 984 4371 iar.

256 4475 289 4528 11
308 4469 533 4542 praetor‘i'iubet
555 4471 592 4524 1³²
649 4471 682 4525 12
705 4469 786 4540 nuno]
810 4468 883 4524 buno
907 4469 943 4522 F²
996 4467 1352 4531 iadsoirocbolsiruc...
1366 4465 1398 4522 ia
1412 4467 1460 4523 BS
1505 4469 1693 4525 utineam

256 4545 289 4600 13
309 4542 445 4612 aoeip‘is'e
459 4543 496 4596 pa
541 4543 574 4598 19
593 4541 712 4598 abeundi
730 4541 783 4610 uel]
796 4539 944 4604 XYMOO,
997 4542 1032 4608 26
1050 4541 1224 4610 exsequitum
1243 4540 1279 4594 Fi
1299 4542 1303 4606 Ι
1324 4538 1417 4610 rebus]
1434 4547 1472 4595 ate
1491 4541 1546 4595 edat
1566 4561 1625 4596 eam
1642 4541 1694 4597 ΒΕ

254 4614 374 4671 habendi
382 4613 497 4669 ‘neo'uel
507 4615 543 4668 Fi
572 4612 764 4669 toas‘t'eew
797 4611 942 4682 22utrubiJ
997 4612 1100 4680 (Dor.):
1119 4611 1183 4682 ὅπερ
1202 4611 1241 4667 ἐπὶ
1260 4612 1316 4666 roic
1334 4609 1464 4666 irruiroic
1482 4631 1501 4666 rr
1517 4611 1628 4677 irascar
1644 4613 1692 4682 ip·

256 4688 348 4751 tndF,
367 4685 402 4742 de
415 4685 506 4740 utrubi
519 4687 545 4738 F
586 4685 621 4740 23
639 4684 740 4756 utrubi]
758 4685 817 4739 itae
847 4691 945 4738 enasse
997 4683 1082 4748 roze,
1106 4699 1196 4739 rerum
1222 4685 1248 4737 F
1299 4684 1333 4738 at
1356 4688 1388 4738 nt
1402 4681 1460 4738 b'is
1582 4685 1618 4740 33
1641 4685 1692 4740 im·

253 4759 345 4831 pendet
357 4759 509 4829 Theophilus
520 4757 546 4822 4,
558 4757 600 4822 15,
612 4757 638 4822 7,
648 4776 721 4883 dm
733 4775 764 4812 ae
775 4775 818 4811 ore
837 4763 943 4824 samip·
996 4754 1137 4826 por'a'tats
1156 4755 1192 4808 F⁸
1245 4755 1280 4810 34
1301 4759 1345 4810 est
1367 4753 1404 4824 et]
1428 4764 1466 4810 sio
1485 4755 1546 4810 Hal
1564 4777 1624 4813 curn
1642 4757 1692 4812 BS

254 4838 318 4885 sisse
344 4827 438 4884 utrubi
465 4833 600 4884 uestrum:
630 4849 647 4883 α
664 4836 701 4883 est
730 4836 795 4882 enim
821 4829 944 4882 uestrum
996 4827 1101 4893 (Dor.):
1121 4825 1176 4882 tta
1190 4825 1300 4882 basianus
1319 4825 1367 4880 u'su
1386 4827 1438 4882 icus
1457 4827 1514 4880 τῶκ
1530 4829 1689 4898 npasuirms

255 4921 273 4955 o
290 4902 376 4956 codice
388 4901 491 4956 Priona·
508 4901 663 4972 editioaeque
676 4900 781 4954 Fabroti
797 4917 843 4954 neo
860 4905 944 4970 mapis
998 4898 1134 4964 onisirae,
1149 4899 1293 4954 sarabaita
1304 4898 1333 4956 ie
1347 4917 1385 4953 cor
1398 4897 1431 4953 rb
1443 4900 1571 4966 uicdmua,
1585 4899 1697 4958 essetf

255 4971 378 5026 Latinam
391 4970 719 5045 eatquamubiuestrum.
743 4971 815 5026 aliud
828 4969 945 5040 estquod
997 4970 1226 5026 assentarie
1278 4970 1313 5026 38
1330 4967 1487 5029 or'o'dinem
1506 4971 1542 5027 F‘

254 5043 404 5100 Dorotheus
421 5047 566 5122 famulam
591 5045 704 5102 reddidit
732 5051 786 5100 aio:
814 5039 943 5114 bnoripop
