3728 5452
84 291 127 338 os
147 289 277 338 ornare
299 290 524 339 unsauoauu
760 265 843 347 321

443 1055 592 1172 omna
618 1053 915 1129 mensurus
943 1007 1168 1128 omanus.

414 1409 452 1487 a
495 1407 561 1485 nn
598 1405 763 1486 orsus
790 1272 1105 1484 Ι1ιιιιιιιίοιιιιιι
1149 1408 1187 1486 u
1540 1431 1617 1486 sss

132 1543 267 1640 paunus
284 1581 356 1639 labro
373 1581 506 1652 singulari
524 1581 559 1637 de
577 1581 661 1636 uariis
677 1577 851 1636 lectionibus.
880 1578 986 1650 Operae
1004 1585 1070 1636 sunt
1087 1581 1214 1637 diurnum
1233 1579 1362 1637 officium.
1382 1576 1522 1664 [Ha-As]
1540 1589 1576 1644 s·

132 1669 286 1726 llurrsuus
309 1670 379 1728 libro
402 1671 564 1740 trigessimo
587 1673 687 1726 octauo
709 1669 745 1724 ad
768 1667 897 1724 edictum.
935 1669 994 1724 Hoc
1017 1668 1138 1724 edictum
1161 1675 1272 1740 praetor
1293 1671 1424 1741 proponit
1445 1685 1520 1725 coar-
1541 1670 1576 1724 S*

79 1759 181 1814 tacdae
199 1759 400 1829 persecutionis
416 1758 551 1814 libertatis
569 1773 654 1814 musa
671 1758 876 1829 impositorum:
901 1756 1097 1812 animaduertit
1114 1759 1187 1814 enim
1205 1773 1263 1814 rem
1280 1759 1362 1815 istam
1386 1757 1521 1814 libertatis
1540 1768 1554 1808 s

81 1863 164 1904 causa
182 1849 373 1919 impositorum
392 1848 623 1918 praestationem¹
642 1847 715 1903 ultra
732 1847 904 1916 exercuisse,
930 1851 961 1900 ut
978 1849 1115 1917 premeret
1133 1852 1216 1917 atque
1234 1853 1361 1903 oneraret
1379 1847 1521 1903 libertinas

81 1952 220 2007 personas.
247 1937 329 1992 Initio
348 1938 432 2008 igitur
448 1941 560 2008 praetor
577 1937 721 2007 pollicetur
739 1950 770 1992 ee
787 1933 919 1990 iudicium
937 1949 1081 2005 operarum
1100 1935 1228 1992 daturum
1242 1937 1270 1991 in
1281 1935 1362 1992 liber·
1380 1932 1520 2020 [Q

82 2031 122 2081 tus
139 2031 170 2081 et
186 2025 309 2080 libertas.

130 2115 305 2170 Postremus
323 2112 392 2169 libro
410 2118 491 2169 sexto
509 2113 545 2169 ad
563 2111 704 2168 Sabinum.
741 2110 845 2181 Operas
869 2111 1017 2181 stipulatus
1040 2116 1104 2167 ante
1126 2117 1268 2182 peractum
1289 2111 1362 2168 diem
1382 2107 1520 2194 [tf-affl
1539 2115 1575 2170 S*

82 2218 190 2273 operam
209 2203 270 2258 cius
289 2201 343 2256 diei
361 2207 457 2272 patere
474 2217 530 2257 non
548 2205 649 2272 potest.
685 2201 742 2257 Nec
760 2215 825 2271 pars
843 2215 944 2270 operae
960 2215 1011 2270 per
1028 2199 1110 2257 horas
1128 2201 1199 2256 solui
1216 2206 1317 2271 potest,
1335 2201 1418 2271 quia¹
1429 2200 1458 2255 id
1476 2203 1521 2256 est
1540 2211 1567 2250 ιι

82 2290 160 2348 officii
179 2291 279 2346 diurni.
306 2291 399 2360 itaque
419 2306 470 2346 nec
488 2290 513 2346 ei
530 2289 637 2360 liberto,
656 2289 703 2360 qui
721 2304 771 2344 sex
789 2287 863 2344 horis
881 2288 1026 2344 dumtaxat
1043 2289 1266 2345 antemeridianis
1283 2295 1394 2360 praesto
1411 2287 1519 2359 fuisset,

81 2379 204 2436 liberatio
221 2379 283 2436 eius
300 2378 356 2434 diei
374 2379 516 2449 contingit.

130 2469 209 2524 lnnu
226 2466 296 2523 libro
314 2472 413 2538 quarto
431 2467 468 2522 ad
485 2465 627 2522 Sabinum.
663 2464 816 2521 Aduobus
840 2465 1026 2522 manumissus
1048 2466 1159 2537 utrique
1182 2481 1281 2536 operas
1297 2481 1360 2536 pro·
1379 2459 1560 2548 [QS

82 2558 205 2613 rubeat:
229 2557 317 2612 altero
335 2571 370 2612 ex
388 2555 431 2612 his
448 2560 556 2611 mortuo
580 2555 646 2610 nihil
670 2559 727 2624 est,
750 2568 835 2624 quare
857 2569 912 2609 non
929 2553 986 2611 filio
1004 2555 1077 2626 eius,
1101 2555 1228 2625 quamuis
1251 2555 1399 2624 superstite
1423 2555 1517 2624 altero,
1537 2563 1566 2604 tc

81 2659 223 2716 operarum
242 2645 322 2700 detur
340 2645 446 2714 petitio.
474 2657 526 2700 nec
543 2643 596 2699 hoc
613 2643 759 2714 quicquam
779 2655 924 2698 commune
941 2642 1026 2699 babet
1048 2659 1111 2699 oum
1134 2643 1287 2698 hereditate
1311 2648 1360 2698 aut
1383 2641 1517 2698 bonorum
1576 2659 1579 2662 ·

77 2735 266 2803 possessione:
289 2732 403 2804 perinde
428 2733 500 2788 enim
524 2747 625 2802 operae
649 2747 667 2787 a
689 2730 794 2786 libertis
817 2745 851 2786 ac
874 2733 993 2802 pecunia
1015 2733 1120 2788 credita
1137 2732 1248 2802 petitur.
1276 2730 1345 2786 haec
1364 2731 1404 2786 ita
1421 2730 1516 2786 Aristo

73 2823 198 2892 scripsit,
222 2822 302 2878 cuius
320 2821 484 2876 sententiam
502 2824 570 2891 puto
587 2835 697 2876 ueram:
719 2835 782 2875 uam
807 2819 890 2875 edam
913 2821 1122 2890 praeteritarum
1140 2836 1285 2891 operarum
1304 2821 1439 2876 actionem
1457 2820 1518 2875 dari

73 2907 170 2966 hoedi
188 2914 321 2966 extraneo
339 2909 399 2965 sine
418 2915 493 2964 metu
511 2909 680 2978 exceptionis
698 2909 797 2978 placet.
824 2905 935 2963 dabitur
952 2909 1035 2978 igitur
1053 2915 1081 2964 ct
1098 2911 1163 2965 uiuo
1182 2910 1268 2964 altero
1285 2909 1428 2979 patronoi.
1537 2915 1565 2956 1⁹

131 2999 281 3055 Usamus
299 2995 368 3054 labro
386 2998 482 3068 quinto
501 2997 608 3052 decimo
626 2997 661 3052 ad
674 2995 815 3052 Sabinum.
843 2995 872 3052 Si
891 2997 952 3076 quio
970 3011 1069 3068 operas
1087 2999 1124 3053 sit
1141 2998 1288 3068 stipulatus
1307 2997 1360 3053 sibi
1377 2991 1516 3081 [Q
1535 2999 1557 3053 S

73 3083 222 3158 liberisque
242 3087 308 3158 suis,
326 3087 410 3142 etiam
429 3085 465 3141 ad
482 3091 627 3156 postumus
644 3085 771 3155 peruenit
788 3085 936 3155 stipulatio.

131 3175 206 3232 lum
223 3175 294 3231 libro
312 3173 464 3232 uicensimo
482 3179 562 3230 sexto
585 3174 621 3229 ad
639 3173 779 3229 Sabinum.
815 3173 939 3228 Fabriles
962 3189 1063 3244 operae
1087 3179 1264 3244 ceteraeque,
1288 3187 1360 3245 qnae
1378 3167 1517 3256 Q
1534 3175 1557 3230 S

73 3265 153 3328 :orsi
179 3265 208 3320 in
235 3265 370 3335 pecunias
395 3263 583 3334 praestatione
610 3263 777 3334 consistunt,
804 3261 840 3318 ad
867 3261 995 3319 heredem
1022 3267 1180 3334 transeunt,
1209 3261 1340 3318 oiiieiales
1366 3277 1434 3317 uero
1460 3277 1516 3317 non

73 3353 226 3409 mnsam
1535 3357 1566 3398 aa

126 3439 206 3497 locu
228 3439 299 3496 libro
321 3439 472 3496 uicensimo
497 3443 597 3496 octauo
621 3439 657 3495 ad
676 3437 817 3495 Sabinum.
854 3438 892 3495 Ut
908 3438 1082 3494 iurisiurandi
1100 3437 1232 3508 obligatio
1250 3442 1356 3494 conua-
1376 3431 1556 3521 [r'assa—ass—US

73 3527 169 3599 illut,
186 3529 317 3585 libertum
335 3543 397 3584 esse
415 3532 525 3598 oportet
542 3529 589 3598 qui
607 3529 679 3583 iuret
696 3531 725 3583 et
741 3526 876 3583 libertatis
895 3543 980 3584 causa
996 3528 1095 3584 iurare.
1132 3527 1215 3582 Plane
1233 3527 1387 3597 quaeritur,
1411 3527 1435 3580 si
1453 3526 1515 3596 quis

73 3603 171 3674 berto
189 3634 241 3674 suo
260 3619 408 3690 legauerit,
433 3618 456 3672 ai
474 3615 531 3672 filio
549 3632 600 3672 suu
617 3617 750 3672 iurauerit
768 3631 798 3672 se
816 3617 911 3672 decem
930 3617 1090 3686 ‘operarum
1110 3615 1220 3671 nomino
1238 3619 1455 3686 praestaturum,
1479 3630 1515 3670 an

73 3697 237 3777 obligetur
253 3706 379 3762 iurando.
407 3711 437 3761 ct
454 3705 551 3761 Celsus
569 3705 712 3761 quentius
730 3703 845 3775 obligari
864 3719 927 3760 aum
945 3705 985 3760 ait
1002 3704 1135 3775 paruique
1154 3702 1270 3772 referre,
1294 3717 1376 3772 quam
1395 3701 1432 3758 ob
1451 3718 1514 3757 cau·
1530 3705 1605 3753 ilos

73 3799 118 3842 ΕΙ
153 3795 187 3851 de
205 3797 298 3866 operis
314 3794 430 3850 libertus
448 3793 594 3850 iurauerit:
616 3798 644 3848 et
661 3807 715 3864 ego
733 3793 988 3863 Gelsoadquiesco.
1014 3793 1109 3848 iurare
1127 3797 1219 3848 aarum
1238 3791 1321 3848 debet
1338 3797 1403 3862 post
1420 3806 1515 3846 mann·

73 3884 242 3954 ³aionem,
260 3887 293 3940 ut
310 3883 461 3954 obligetur:
480 3886 509 3938 et
526 3883 585 3937 siue
604 3883 696 3937 statim
709 3883 769 3938 siue
780 3887 845 3953 post
856 3888 965 3953 tempus
977 3882 1118 3951 iurauerit,
1137 3881 1282 3950 obligatur.
1311 3880 1404 3936 Iurare
1422 3885 1515 3935 autem
1534 3887 1562 3927 ³⁰

73 3959 159 4026 ³⁴³1
176 3989 274 4044 operas
292 3971 397 4028 dunum
416 3987 516 4027 munus
533 3987 564 4026 se
581 3975 793 4042 praestaturum,
812 3985 910 4041 operas
929 3971 1150 4041 qualescumque,
1170 3985 1241 4039 quae
1255 3969 1341 4030 ¹modo
1353 3967 1438 4039 probe
1457 3969 1516 4024 iure

73 4053 147 4110 ΕΟ
168 4062 359 4133 inponunturi.
386 4061 561 4131 Rescriptum
578 4065 623 4115 est
637 4059 731 4114 adiuo
744 4058 884 4115 Hadriano
902 4063 931 4114 et
948 4059 1079 4128 deinceps
1097 4075 1207 4114 cessare
1225 4074 1369 4128 operarum
1388 4071 1515 4127 persecu·

73 4151 178 4206 1(Ξιιι
190 4151 325 4208 aduersm
337 4165 410 4221 eum,
427 4150 475 4220 qui
487 4165 522 4206 ex
534 4165 618 4205 causa
630 4147 835 4204 fideicommissi
846 4148 882 4204 ad
894 4147 1048 4204 libertatem
1061 4147 1211 4218 perductus
1223 4153 1275 4203 est.
1303 4147 1358 4202 Da·
1376 4139 1515 4232 Q

73 4238 279 4325 Duorum)

74 4375 238 4452 berum
256 4411 343 4452 causa
352 4395 542 4466 impositorum
554 4396 769 4465 praestationem
781 4397 828 4450 del.
840 4395 907 4464 (Ad.
920 4395 1039 4450 Schmidt
1052 4395 1290 4469 Pflumhsbrmbt
1299 4415 1326 4466 p.
1338 4396 1366 4460 9)
1420 4394 1433 4430 ¹
1451 4407 1514 4448 con·

73 4459 152 4517 ¹³
170 4473 212 4523 est
231 4477 278 4523 ias.
356 4467 495 4537 ⁸patroni
512 4465 569 4523 illio
588 4475 635 4522 iae.
716 4468 728 4503 ⁴
746 4483 845 4538 operas
869 4470 918 4521 aut
941 4465 1044 4536 aliquid
1068 4475 1114 4522 iar.
1139 4470 1174 4531 (a.
1187 4475 1204 4520 t.
1226 4474 1250 4522 et
1272 4465 1311 4519 D.
1329 4465 1373 4530 37,
1390 4465 1432 4529 14,
1448 4466 1515 4530 6,1)

73 4520 180 4593 “fl-o
197 4559 243 4593 uec
262 4538 361 4594 Graeci
378 4541 505 4610 tepeant:
524 4539 706 4594 interciderant
723 4539 945 4594 determinationes
963 4539 1025 4592 dorsi
1044 4545 1068 4591 et
1083 4546 1197 4592 muueris
1214 4539 1258 4608 (cs.
1270 4537 1308 4590 D.
1321 4537 1365 4601 50,
1380 4535 1420 4600 16,
1434 4536 1496 4602 194)

73 4611 501 4648 W

73 4649 146 4770 ΡΘ
174 4693 257 4734 uarus
282 4679 319 4732 Ρ
341 4682 469 4749 loperue
497 4680 560 4746 ΡΙ
581 4676 706 4734 officiunt
729 4680 766 4731 Ρ
820 4680 856 4734 26
873 4677 1035 4734 causa‘s'F‘
1079 4679 1114 4734 27
1127 4693 1158 4733 se
1166 4676 1297 4748 ‘q'decem
1310 4691 1454 4747 operarum
1465 4691 1514 4731 no·

80 4721 305 4804 ihertatisom.
318 4749 354 4802 Ρ
400 4749 588 4819 iexpreuisse
602 4751 638 4802 Ρ
653 4753 658 4817 Ι
673 4748 767 4819 pr'a'e·
820 4749 893 4804 mine
920 4749 972 4804 Ρι
1000 4758 1075 4820 puori
1103 4757 1167 4803 esset
1188 4749 1284 4804 dacem
1312 4763 1410 4818 operas
1436 4747 1513 4814 (aias

73 4801 163 4912 ῗῑθῑ
180 4819 214 4872 Ρ
270 4822 305 4876 10
329 4824 411 4876 ande*
430 4821 468 4873 Ρ
524 4822 556 4876 11
578 4819 712 4876 ho'no'ras
731 4819 767 4873 Fi
820 4820 971 4892 Ῡιιιιρεοίιε)
989 4827 1090 4874 uertant
1109 4819 1133 4872 B
1150 4819 1257 4884 (Aaou.)
1274 4827 1381 4890 propter
1398 4821 1413 4872 l.
1426 4817 1513 4889 supr.

73 4891 406 4981 Rintemmidian'ac’is
429 4891 465 4945 Ρ
529 4892 564 4946 14
589 4897 707 4961 utroque
730 4892 766 4944 Ρ
820 4892 845 4944 i.
858 4899 875 4946 t.
892 4892 941 4956 40,
956 4893 986 4955 9,
998 4891 1046 4954 32,
1062 4891 1116 4944 1.2
1134 4899 1179 4945 cet.
1253 4891 1289 4944 28
1311 4889 1451 4944 lubentius
1475 4889 1514 4941 Ρ

73 4940 219 5058 ᾓῆξιῑιθτ]
236 4962 340 5018 habeat
358 4963 396 5016 Ρ
443 4964 474 5018 li
493 4963 602 5032 operae]
621 4967 716 5034 operte
732 4964 767 5015 Ρ
820 4963 855 5016 19
874 4959 1050 5031 adquies't'co
1070 4959 1104 5013 Ρ
1153 4962 1189 5016 30
1208 4961 1245 5030 et]
1263 4965 1296 5016 ut
1313 4959 1349 5014 Ρ
1397 4960 1431 5014 31
1451 4973 1513 5028 pro·

121 5029 198 5088 *lbi*
214 5033 362 5105 liberisque
385 5033 423 5087 Ρ
498 5036 533 5090 21
560 5039 704 5105 postumus
730 5034 765 5086 Ρ
820 5047 856 5088 ue
875 5033 911 5087 Ρ

1265 5119 1300 5173 21
