3464 5460
208 109 387 178 XXXXIIII
409 111 430 176 2
452 117 567 173 18-25
879 101 967 184 626
1264 195 1269 210 .
1359 125 1405 174 nn
1428 125 1636 174 sxorrrroar

152 267 190 325 18
262 267 413 322 Uurrsuus
437 265 505 321 libro
529 264 717 335 octogensimo
741 263 777 318 ed
800 263 930 320 edictum.
967 263 996 319 Si
1020 264 1081 334 quis
1105 263 1142 320 ed
1165 261 1349 320 exhibendum
1374 261 1471 333 egerit,
1490 256 1678 344 [BT—eTs—‘ibd

208 355 308 410 deinde
331 354 473 410 absolutus
492 353 573 409 fuerit
590 353 777 422 aduersarius,
798 353 864 422 quia
882 367 936 408 uon
954 351 1129 422 possidebat,
1152 359 1181 408 et
1199 352 1326 408 domiuus
1343 351 1443 408 iterum
1462 355 1532 420 agat
1548 355 1642 406 nancto

209 458 242 498 eo
260 444 478 513 possessionem:
496 443 535 496 rei
554 441 691 498 iudicatae
710 441 835 511 exceptio
853 441 943 496 locum
963 457 1017 497 non
1035 439 1156 511 habehit,
1175 441 1241 510 qnia
1258 441 1312 495 alie
1329 455 1374 496 res
1392 444 1445 496 est.

152 533 189 590 19
262 532 443 586 Menoeceus
470 530 539 586 libro
567 547 639 588 nouo
666 529 773 586 decimo
801 530 980 600 digestorum.
1016 528 1132 586 Duobus
1156 529 1273 584 diuerds
1295 527 1467 598 temporibus
1492 519 1644 609 Q

209 619 324 676 eandem
342 633 399 674 rem
418 619 525 688 pignori
544 619 632 674 dedit:
651 619 709 688 egit
725 619 861 687 posterior
872 633 934 674 cnm
947 619 1037 688 priore
1049 617 1230 688 pignoraticia
1241 621 1270 674 et
1281 617 1413 688 optinuit:
1433 631 1499 671 mex
1511 615 1556 670 ilie
1568 629 1645 683 agere
1662 628 1674 668 s

208 709 289 764 simili
312 707 420 762 untione
443 708 573 762 instituit:
598 707 753 776 qusesitum
777 712 833 776 est,
857 723 893 762 an
917 707 1042 776 exceptio
1060 707 1100 762 rei
1118 705 1256 762 iudicatae
1274 705 1407 760 obstaret
1440 705 1646 773 siopposuerat

209 797 397 866 exceptionem
416 795 455 849 rei
474 794 525 850 sibi
545 801 609 850 ante
627 795 788 866 pigneratae
806 800 834 850 et
852 794 918 850 nihil
937 795 1011 850 aliud
1030 810 1131 850 nouum
1150 799 1179 850 et
1197 793 1318 850 undidem
1332 793 1475 862 adiecerit,
1495 793 1556 848 siue
1568 789 1646 846 dubio

209 883 343 940 obstabit:
366 883 481 938 eundem
500 883 572 938 enim
591 885 779 954 quaestionem
798 890 911 940 reuocet
928 885 956 938 in
975 883 1114 940 indicium.

152 975 192 1033 20
262 973 433 1028 Ponrortrus
450 971 520 1028 libro
538 977 617 1028 sexto
636 971 743 1028 decimo
762 972 797 1028 ed
815 971 956 1028 Sabinum.
984 971 1014 1028 Si
1031 987 1066 1028 ex
1078 977 1244 1028 testamento
1257 975 1348 1026 ectum
1361 969 1398 1024 uit
1410 985 1473 1024 cnm
1493 961 1645 1051 [Q

209 1060 309 1116 herede
332 1060 367 1114 nb
389 1075 436 1129 eo,
460 1061 520 1130 qui,
546 1076 608 1116 cum
627 1065 714 1116 totum
734 1066 877 1130 argeutum
897 1061 922 1115 ei
941 1061 1061 1129 legatum
1081 1065 1153 1129 eret,
1179 1075 1289 1115 menses
1307 1059 1454 1114 dumtaxat
1472 1056 1527 1113 sibi
1545 1058 1645 1126 legatus

209 1155 319 1219 putaret
337 1163 486 1218 earumque
504 1149 649 1204 dumtaxat
666 1149 884 1205 aestimationem
903 1149 930 1204 in
948 1148 1050 1204 indicio
1069 1146 1193 1206 iecisset:
1212 1154 1309 1218 postea
1321 1147 1440 1204 eundem
1453 1147 1601 1216 petiturum
1613 1145 1645 1199 de

210 1242 325 1307 urgento
342 1253 452 1307 qnoque
470 1239 562 1307 iegato
580 1237 727 1294 Trebatius
745 1238 784 1292 ait
801 1253 852 1293 nec
870 1237 1040 1294 obstaturam
1058 1237 1084 1292 ei
1102 1236 1301 1306 exceptionem,
1320 1236 1395 1306 quod
1408 1251 1465 1291 non
1477 1236 1515 1290 sit
1526 1235 1681 1318 petitumz

210 1326 283 1395 quod
302 1341 353 1380 nec
371 1331 448 1380 actor
464 1331 560 1396 petere
578 1331 704 1398 putasset
722 1341 773 1382 neo
791 1326 874 1382 index
891 1327 919 1381 in
938 1325 1040 1382 iudicio
1058 1326 1197 1381 sensisset.
1591 1325 1597 1342 ¹

152 1418 190 1474 21
262 1414 341 1470 ioum
359 1414 427 1470 libro
446 1415 586 1484 trigesimo
605 1415 693 1485 primo
712 1414 747 1469 ad
766 1413 906 1470 Sabinum.
935 1413 973 1484 Si,
992 1429 1055 1470 oum
1070 1419 1214 1483 argeutum
1227 1412 1293 1468 mibi
1305 1417 1475 1468 testamento
1494 1409 1534 1494 o.
1542 1424 1697 1500 thing

210 1503 332 1572 legatum
351 1507 433 1573 esset,
452 1503 554 1573 egerim
574 1519 637 1558 cum
655 1502 756 1560 herede
774 1509 803 1559 et
820 1508 919 1574 postea
935 1503 1067 1560 codicillis
1084 1502 1198 1573 prolatis
1209 1506 1315 1558 uestem
1328 1517 1439 1570 quoque
1452 1488 1694 1589 ιιιὶΙιΠῖέιὶῖιῖ1

211 1605 272 1646 esse
296 1596 440 1661 appareat,
465 1607 519 1647 non
542 1597 586 1646 est
603 1591 723 1647 deductu
740 1593 769 1646 in
787 1592 912 1662 superins
930 1591 1061 1648 iudicium
1079 1591 1166 1647 uestis
1184 1605 1281 1660 mnan,
1305 1591 1373 1660 qnia
1389 1605 1481 1660 noque
1497 1589 1689 1677 litigato&fl
1718 1570 1731 1608 ¹

178 1689 190 1732 1
211 1695 300 1749 neque
324 1680 408 1734 index
426 1679 461 1734 de
480 1681 533 1736 alio
552 1695 635 1750 quam
654 1679 689 1734 de
708 1685 822 1750 argento
841 1685 932 1736 actum
952 1681 1120 1749 intellegent.
1156 1677 1186 1734 Si
1203 1679 1309 1749 petiero
1327 1693 1441 1748 gregem
1460 1683 1489 1732 et
1505 1679 1549 1734 usi
1565 1693 1681 1762 anet⁰

210 1769 254 1823 nel
273 1769 377 1833 minuto
396 1783 509 1845 numero
528 1769 621 1838 gregia
639 1769 737 1824 iterum
757 1769 873 1824 eundem
892 1784 1005 1840 gregem
1024 1773 1125 1838 petan,
1144 1767 1267 1823 obstabit
1283 1767 1349 1822 mihi
1361 1768 1497 1836 exceptio.
1523 1766 1571 1822 sed
1582 1770 1624 1828 ee.
1642 1797 1676 1851 ⁸,-

178 1865 192 1910 a
210 1857 329 1926 speciale
348 1872 447 1926 corpus
466 1872 500 1912 ex
518 1872 604 1926 grege
622 1863 728 1927 petam,
750 1858 774 1914 si
792 1856 881 1913 adsuit
898 1859 926 1912 in
944 1873 977 1913 eo
995 1873 1089 1928 grege,
1107 1861 1175 1927 poto
1193 1856 1364 1912 obstaturam
1382 1857 1579 1926 exceptionem.
1627 1873 1666 1935 g,-

211 1943 333 2000 Stichum
353 1949 382 1999 et
399 1945 570 2015 Pamphilum
591 1952 655 2000 tuos
674 1961 735 2001 esse
753 1947 864 2016 petieris
883 1951 911 2001 et
930 1945 1055 2002 absoluto
1073 1945 1231 2001 aduersario
1249 1944 1373 2000 Stichum
1391 1949 1471 2000 tunm
1489 1960 1550 2000 esse
1566 1957 1659 2020 pet„
1682 1993 1719 2034 ,ο

178 2043 192 2087 o
211 2032 246 2088 cb
265 2033 371 2102 eodem,
390 2034 579 2103 exceptionem
598 2033 709 2090 obstare
728 2034 777 2090 tihi
796 2039 912 2090 conatum.
941 2034 971 2090 Si
989 2033 1104 2094 fundum
1124 2049 1215 2090 meum
1233 2049 1295 2090 esse
1308 2035 1422 2104 petiero,
1441 2033 1538 2088 deinde
1549 2046 1653 2103 posta.

211 2137 291 2178 usum
309 2119 428 2176 fructum
447 2120 569 2176 eiusdem
590 2120 667 2178 fundi
684 2129 785 2192 petum,
804 2124 866 2194 qui¹
881 2139 916 2178 ex
928 2123 974 2178 illo
986 2139 1079 2193 ceusu,
1098 2139 1134 2178 ex
1148 2138 1204 2192 qun
1215 2121 1318 2178 fundus
1330 2138 1409 2178 meus
1422 2129 1489 2191 erat,
1508 2137 1580 2176 meus
1593 2131 1646 2188 xit:

212 2210 338 2280 exceptio
357 2210 422 2264 mihi
440 2209 572 2279 obstabit,
592 2211 657 2279 qnia
674 2213 721 2281 qni
739 2211 853 2267 fundum
873 2211 964 2281 habet,
984 2227 1063 2267 usum
1083 2209 1201 2266 fructum
1220 2227 1301 2266 suum
1316 2211 1458 2266 uindicare
1476 2225 1528 2266 non
1544 2217 1642 2278 petest„

212 2299 261 2353 sed
281 2299 304 2354 si
322 2313 403 2354 usum
422 2297 554 2368 fructum,
579 2315 640 2354 eum
660 2315 738 2356 mens
756 2307 843 2371 esset,
862 2300 1013 2368 uindicaui,
1031 2299 1132 2354 deinde
1148 2299 1343 2368 proprietntem
1363 2304 1481 2356 nanctus
1497 2299 1584 2354 iterum
1597 2304 1640 2359 de
1666 2325 1699 2362 24

212 2403 264 2442 usn
282 2385 373 2442 fructu
391 2388 524 2456 experiar,
542 2391 635 2457 potest
652 2387 706 2444 dici
725 2389 778 2444 alin
791 2405 836 2444 res
848 2403 918 2459 esse,
936 2387 1064 2458 qnoniam
1077 2387 1237 2458 postssquam
1250 2393 1368 2444 nanctus
1380 2404 1441 2444 sum
1454 2388 1637 2460 proprietatem
1663 2405 1719 2450 utor

212 2473 299 2545 fundi,
317 2475 418 2530 desinit
436 2491 514 2530 meus
533 2490 595 2531 esse
612 2477 685 2546 prior
704 2493 770 2534 usus
788 2477 893 2534 fructus
912 2483 941 2532 et
957 2477 1017 2532 iure
1033 2476 1210 2546 proprietatis
1227 2477 1307 2546 quusi
1325 2492 1360 2532 ex
1374 2493 1450 2534 noua
1461 2492 1539 2532 causa
1549 2491 1638 2532 misus

180 2569 291 2618 smeus
309 2579 370 2618 esse
390 2565 487 2634 eoepit.
517 2562 546 2620 Si
564 2579 614 2634 pro
632 2581 713 2622 seruo
732 2581 793 2622 meo
811 2565 979 2622 fideiusseris
997 2570 1026 2620 et
1043 2579 1150 2620 mecum
1169 2563 1205 2620 de
1222 2567 1331 2635 peculio
1348 2572 1443 2622 notum
1456 2567 1499 2634 ait,
1515 2565 1640 2634 nipedes

213 2656 303 2706 tecum
323 2667 356 2706 eo
374 2653 484 2708 nomine
503 2657 609 2722 egetur,
629 2653 819 2724 excipiendum
837 2659 881 2710 est
898 2654 934 2710 de
952 2669 982 2710 re
1000 2653 1130 2708 iudicata.

157 2735 196 2793 22
266 2741 385 2796 Paucos
408 2739 476 2794 libro
502 2741 662 2811 trigensimo
685 2744 773 2814 primo
796 2743 832 2798 ed
856 2742 985 2799 edictum.
1023 2741 1052 2798 Si
1075 2758 1137 2798 eum
1163 2757 1218 2798 nno
1235 2741 1336 2798 herede
1355 2742 1474 2812 depositi
1491 2734 1684 2825 [ᾗριῖπῖοέ

214 2834 304 2884 actum
329 2829 379 2896 sit,
403 2833 496 2884 tamen
520 2835 549 2884 et
573 2845 634 2886 cum
658 2832 757 2886 ceteris
779 2831 926 2888 heredibus
949 2837 1023 2888 reete
1046 2835 1144 2901 agetur
1168 2845 1218 2886 nec
1241 2831 1369 2902 exceptio
1393 2833 1433 2887 rei
1455 2830 1574 2886 iudicatas
1585 2829 1640 2883 eis
1663 2836 1687 2874 ³⁸

212 2917 347 2987 proderit:
366 2933 429 2972 nom
448 2918 500 2972 etsi
518 2917 615 2974 eadem
634 2921 759 2988 quaestio
777 2921 805 2976 in
823 2919 950 2978 omnibus
968 2921 1075 2976 indiciis
1088 2919 1211 2989 uertitur,
1229 2923 1322 2976 tamen
1334 2935 1510 2990 personarum
1522 2919 1641 2980 mundo,

213 3021 275 3060 cnm
295 3004 394 3075 quihus
413 3005 527 3075 singulis
546 3021 596 3063 sno
614 3009 725 3064 nomine
743 3009 842 3078 agitur,
860 3011 941 3066 etism
960 3013 1043 3080 etque
1061 3009 1143 3064 aliern
1161 3023 1219 3064 rem
1237 3007 1313 3066 facit
1340 3009 1411 3064 etsi
1430 3013 1517 3065 actum
1534 3009 1642 3064 situum
1726 3004 1727 3007 ’

214 3092 315 3147 herede
334 3093 368 3147 de
387 3093 450 3148 dolo
468 3092 604 3164 defuncti,
628 3095 727 3152 deinde
745 3097 780 3152 de
798 3097 861 3153 doio
880 3098 988 3154 heredis
1007 3103 1149 3170 ageretur,
1173 3099 1298 3168 exceptio
1316 3100 1357 3154 rei
1374 3082 1509 3154 iudicatae
1525 3111 1567 3152 non
1580 3105 1643 3150 no·
1721 3101 1724 3152 ζ

215 3181 296 3248 cehit,
315 3181 432 3251 quiade
450 3183 552 3236 aliare
570 3184 668 3252 egitur.
1665 3183 1688 3220 ³⁴

158 3265 197 3326 23
267 3269 419 3326 Unrrnrrus
437 3269 506 3326 libro
524 3272 606 3344 tertio
624 3273 849 3343 disputationum.
876 3273 906 3330 Si
925 3275 952 3330 in
964 3273 1066 3330 iudicio
1078 3279 1170 3330 ectum
1183 3275 1220 3330 sit
1231 3291 1387 3346 usurasque
1400 3276 1474 3332 solae
1491 3258 1647 3358 Q
1668 3266 1684 3317 S

214 3359 318 3429 petitae
341 3359 409 3427 sint,
434 3373 489 3414 uon
510 3363 553 3416 est
571 3361 737 3430 uerendum,
761 3377 796 3417 ne
814 3367 913 3418 noceat
930 3364 970 3420 rei
988 3363 1125 3420 indicatae
1143 3364 1270 3434 exceptio
1287 3365 1362 3420 circe
1377 3365 1460 3420 sortis
1477 3364 1647 3434 prunonem:
1722 3363 1723 3372 ’

214 3447 280 3516 quia
297 3447 370 3502 enim
388 3461 443 3503 non
461 3449 600 3520 competit,
619 3465 670 3506 nee
688 3451 815 3520 opposite
832 3456 921 3508 nocet
950 3451 1048 3508 eadem
1066 3455 1148 3508 eruut
1164 3458 1193 3508 et
1210 3453 1234 3508 si
1250 3453 1312 3523 quis
1324 3469 1359 3510 ex
1372 3452 1461 3510 honac
1472 3451 1532 3508 fidei
1540 3443 1649 3506 reneio

215 3535 282 3590 uelit
304 3551 402 3591 usuras
425 3541 531 3592 tantum
552 3539 693 3608 persequi:
719 3555 782 3594 uam
801 3538 885 3596 nihilo
903 3539 993 3596 minna
1011 3539 1096 3598 futuri
1113 3541 1245 3611 temporis
1263 3541 1366 3598 cedunt
1383 3556 1494 3598 usurae:
1515 3531 1650 3610 (punirem¹

215 3623 287 3679 enim
306 3629 399 3680 munet
416 3629 574 3680 contractus
592 3625 682 3682 bonae
699 3625 772 3697 tidei,
791 3633 902 3684 current
919 3643 1029 3684 namne.
1324 3609 1337 3636 ⁸
1672 3617 1689 3658 ³⁹

159 3710 198 3768 24
268 3713 409 3768 inuramus
431 3713 500 3770 libro
524 3729 596 3770 nono
620 3715 798 3785 digestorum.
834 3715 864 3772 Si
888 3717 949 3786 quis
967 3733 1025 3774 rem
1044 3735 1061 3773 a
1079 3733 1133 3774 nou
1151 3717 1263 3775 domino
1281 3719 1392 3788 emerit,
1411 3733 1474 3774 mox
1491 3697 1684 3801 ωδ

215 3803 326 3870 petente
344 3800 454 3857 domino
473 3801 616 3859 absolutus
634 3805 678 3872 sit,
697 3803 797 3860 deinde
814 3805 1016 3873 possessionem
1036 3807 1157 3862 amiserit
1174 3812 1204 3864 et
1221 3823 1238 3864 a
1255 3807 1366 3864 domino
1381 3807 1497 3878 petierit,
1513 3805 1653 3860 sonemus
1721 3851 1722 3854 ,

215 3889 403 3959 exceptionem
423 3890 453 3945 'si
472 3905 526 3946 non
545 3892 604 3946 eius
622 3893 659 3946 sit
676 3891 728 3946 res'
746 3893 923 3962 replicatione
940 3891 992 3948 hae
1010 3893 1186 3950 adiuuabitur
1204 3895 1242 3952 ‘at
1260 3897 1284 3952 si
1301 3911 1346 3952 res
1363 3895 1485 3951 iudicata
1501 3887 1615 3950 nenait'-

158 3975 197 4034 25
268 3977 346 4032 ioan
368 3977 437 4034 libro
458 3979 705 4049 quinquagensimo
728 3980 817 4049 primo
841 3980 1019 4051 digestorum.
1056 3982 1086 4038 Si
1108 3984 1147 4052 is,
1170 3984 1218 4054 qni
1235 3984 1315 4040 heres
1333 3999 1389 4040 non
1407 3989 1474 4053 erat,
1491 3960 1685 4066 fiij-[52⁵5

215 4063 396 4121 hereditatem
414 4067 525 4136 petierit
542 4072 571 4122 et
588 4073 686 4138 postea
703 4067 783 4124 beros
801 4067 892 4126 sactus
909 4070 1024 4126 eandem
1044 4071 1224 4128 hereditatem
1242 4077 1329 4143 petet,
1347 4073 1506 4143 exceptione
1521 4070 1553 4126 rei
1564 4059 1655 4124 iudi·

183 4159 197 4204 t
216 4159 295 4208 eatae
318 4169 374 4210 non
391 4155 616 4212 commonebitur.
653 4158 704 4212 Est
721 4159 749 4214 iu
767 4163 905 4230 potestate
923 4161 1054 4230 emptoris
1071 4161 1143 4216 intre
1160 4176 1210 4217 aex
1228 4177 1350 4232 menses,
1375 4161 1542 4218 redhibitoria
1553 4144 1688 4226 βω

216 4243 309 4297 mntlet
333 4259 368 4296 nn
392 4257 426 4298 ea
448 4259 519 4312 qnae
543 4244 637 4316 datur,
660 4247 755 4316 quanti
778 4247 890 4304 minoris
912 4247 994 4304 bomo
1017 4263 1079 4304 oum
1102 4250 1208 4305 ueniret
1225 4248 1317 4306 inerit
1345 4267 1410 4306 narn
1427 4249 1548 4321 posterior
1561 4233 1655 4300 &5⁰

215 4331 298 4385 etinm
316 4329 525 4388 redhibitionem
545 4333 680 4405 eontinet,
704 4335 728 4390 si
746 4335 801 4392 tcie
818 4337 916 4393 uitium
933 4337 963 4392 in
980 4335 1091 4394 homine
1108 4341 1165 4408 est,
1184 4342 1216 4393 nt
1233 4353 1297 4394 eum
1315 4337 1352 4396 ob
1369 4339 1399 4394 id
1417 4345 1491 4396 actor
1505 4331 1654 4406 euptffl’

214 4435 409 4504 mineo)

217 4578 226 4613 ²
245 4591 301 4632 uon
318 4585 367 4632 ina.

216 4718 477 4786 lootngensimoF’
506 4719 648 4778 2nn‘u'eto
658 4723 696 4775 Ρ
725 4723 904 4780 8eaudenF¹
958 4726 994 4782 29
1011 4725 1100 4796 primo
1118 4745 1166 4782 om.
1182 4727 1217 4778 F¹
1276 4728 1312 4783 31
1330 4727 1470 4784 iudicis?
1511 4711 1640 4782 diffl'
1701 4684 1732 4709 ξ’

111 4821 125 4846 ·
215 4789 250 4842 13
268 4789 419 4872 sensisset*
437 4791 475 4844 Ρ
529 4793 563 4846 15
580 4793 708 4862 legatum}
729 4795 849 4864 iegatm
868 4797 904 4850 ΡΙ
958 4795 1120 4864 babiturFt
1136 4797 1174 4866 at]
1194 4799 1238 4863 Ρ,
1256 4804 1307 4854 ant
1325 4801 1363 4854 Ρ*
1380 4801 1457 4856 mdc:
1472 4801 1566 4854 m&
1589 4781 1638 4836 ὅ*

211 4859 250 4914 22
267 4859 312 4929 sit]
331 4865 374 4916 est
391 4862 430 4914 Ρ
470 4863 505 4916 24
517 4861 701 4918 uu'u'ctusF²
736 4867 911 4940 bbnmtuss
958 4867 1416 4928 tuneneemtsireeiudicatasit
1449 4843 1638 4938 ssmp
1686 4893 1691 4927 5
1727 4924 1732 4933 ,,
