3616 5468
263 233 383 302 XXXV
405 237 422 300 1
446 241 559 297 72-77
940 232 1027 313 194
1358 253 1405 300 nn
1427 249 1717 302 conuroronrsus

229 389 353 448 eruent
370 395 534 454 tetamento
552 391 675 462 remissa,
692 393 854 464 rescriptum
873 396 925 450 est.
953 392 990 450 ‘Si
1008 393 1141 450 arbitratu
1159 392 1226 448 Titii
1243 390 1308 448 Seia
1325 389 1457 460 nubserit,
1475 390 1556 445 beros
1574 402 1654 444 meus
1671 388 1705 441 ei

264 479 384 538 'fundum
403 481 484 538 dsto'.
511 482 577 540 uiuo
588 481 661 538 Titio
680 483 763 540 etiam
781 483 841 540 sine
859 482 971 540 arbitrio
984 483 1050 538 Titii
1067 497 1127 538 earu
1146 480 1294 538 nubentem
1311 481 1434 550 legatum
1447 479 1574 548 accipere
1585 492 1707 546 respon-

263 569 383 628 dendnm
406 577 449 626 est
472 586 588 642 eamque
609 571 679 641 legis
703 572 868 628 sententiam
889 571 990 640 uideri,
1013 585 1048 628 ne
1072 570 1146 641 quod
1162 571 1273 626 omniuo
1292 571 1394 639 nuptiis
1412 568 1641 642 impedimentum
1658 566 1699 620 in·

263 657 374 716 teratur.
404 659 455 714 sed
478 661 503 716 si
520 661 610 716 Titius
630 661 696 718 uiuo
713 666 845 718 usuum
863 661 991 730 decedat,
1014 661 1079 716 licet
1097 659 1221 716 condicio
1239 657 1346 730 deficit,
1368 659 1433 730 quia
1450 663 1544 714 muron
1563 671 1699 726 suspensa

230 753 245 800 ⁶
264 762 372 818 quoque
389 763 439 818 pro
457 748 541 805 nihilo
558 747 642 819 soret,
662 750 767 804 mulieri
785 755 966 805 succurretur.
998 750 1141 820 'Maeuiae
1160 751 1185 804 si
1202 766 1256 805 non
1275 748 1406 817 nubserit,
1424 745 1539 800 fundum
1559 761 1623 800 cum
1641 751 1719 800 mot

264 836 356 892 ‘rietur
372 836 452 907 lego'.
479 842 571 908 potest
588 838 643 894 dici
660 844 689 894 et
707 839 730 894 si
748 838 880 909 nubserit,
898 854 958 894 earn
978 838 1123 896 confestim
1141 839 1177 894 ad
1195 839 1315 908 legatum
1335 836 1451 892 admitti.
1477 850 1532 890 non
1550 834 1625 890 idem
1637 848 1692 904 pro-

230 932 244 977 u
262 925 352 996 batur,
374 926 398 982 si
416 930 507 982 certus
525 927 584 982 dies
602 927 758 986 incertnsue
776 928 845 982 alius
863 929 955 997 legato
972 925 1055 984 inerit
1072 927 1236 999 adscriptus.
1272 928 1381 984 Falsum
1400 941 1511 982 causam
1530 925 1626 994 legato
1644 937 1691 977 non

263 1014 361 1072 obesse
384 1016 477 1072 uerius
500 1022 557 1086 est,
581 1016 647 1086 quia
668 1017 738 1072 ratio
760 1017 871 1094 legendi
892 1018 984 1088 legato
1008 1033 1063 1074 non
1086 1017 1228 1074 cohaeret:
1251 1017 1301 1072 sed
1318 1017 1478 1086 plerumque
1497 1013 1553 1069 doli
1572 1012 1691 1081 exceptio

231 1107 352 1162 llocum
376 1104 501 1174 habebit,
525 1105 550 1160 si
572 1105 703 1175 probetur
727 1105 794 1162 alias
815 1107 824 1178 ll
843 1107 984 1177 leuaturas
1001 1121 1056 1162 non
1073 1105 1166 1162 fuisse.
1203 1107 1311 1162 Falsum
1331 1105 1519 1162 condicionem
1539 1102 1653 1158 Cassius
1669 1105 1692 1156 et
1704 1102 1715 1148 l.
1740 1085 1807 1131 ‘⁶³

263 1193 372 1250 (laelius
389 1193 508 1250 Sabinus
530 1193 726 1264 impossibilem
744 1209 806 1252 esse
824 1195 965 1265 dixerunt,
988 1196 1089 1252 ueluti:
1108 1195 1285 1266 Pamphilus,
1311 1196 1334 1250 si
1352 1194 1426 1264 quud
1443 1193 1517 1248 Titio
1537 1191 1627 1246 debeo
1645 1183 1804 1245 sol-1⁰⁶¹

264 1283 350 1352 'nent
368 1281 437 1338 liber
454 1281 530 1352 esto',
549 1284 573 1338 si
584 1283 666 1339 modo
678 1283 745 1338 nihil
756 1284 829 1340 Titio
843 1283 895 1340 luit
905 1285 1041 1340 debitum:
1060 1285 1135 1354 quod
1148 1285 1170 1339 ei
1182 1291 1246 1356 post
1257 1287 1452 1340 testamentum
1465 1280 1568 1336 factum
1582 1285 1692 1336 testator

231 1373 405 1442 epocuniam
429 1371 558 1442 exsoluit,
583 1371 717 1428 deiecisse
741 1373 929 1430 condicionem
953 1375 1082 1444 intellegi.
1118 1374 1226 1428 Falsum
1250 1374 1334 1444 legati
1358 1371 1622 1428 demonstrationem
1643 1383 1692 1424 nou

262 1460 352 1518 facere
370 1461 491 1531 legatum
510 1459 628 1518 Sabinus
645 1461 787 1532 respondit
804 1463 901 1530 (ueluti
918 1463 941 1518 si
959 1464 1030 1534 quis,
1048 1479 1109 1518 cnm
1126 1464 1200 1518 Titio
1218 1463 1283 1518 nibil
1301 1465 1429 1532 legasset,
1448 1461 1487 1516 ita
1505 1461 1638 1530 scriptum
1656 1472 1691 1512 re-

262 1549 384 1620 liquerit:
403 1548 446 1606 'ex
463 1555 586 1620 eentum,
609 1566 680 1620 quse
699 1552 772 1607 Titio
790 1552 895 1622 lugani,
919 1553 1118 1623 quinquaginta
1139 1552 1218 1608 heres
1237 1552 1300 1608 Seio
1319 1549 1403 1618 dato')
1424 1549 1507 1618 idque
1526 1549 1645 1618 sumpsit
1662 1561 1692 1602 er

262 1637 385 1694 defuncti
407 1639 561 1710 uoluntate,
585 1641 650 1710 quia
670 1656 725 1696 non
744 1641 834 1698 animo
852 1642 975 1712 legundi,
998 1641 1048 1698 sed
1066 1641 1241 1698 deminuendi
1259 1641 1396 1710 legatum,
1420 1639 1493 1708 quod
1512 1636 1583 1694 falso
1602 1637 1691 1692 datum
1708 1651 1729 1689 u
1782 1664 1808 1671 ψ

262 1727 444 1796 snsnmmst,
467 1728 507 1782 ita
530 1727 669 1786 scriberet
701 1735 814 1801 propter
836 1729 934 1786 susam
959 1737 1050 1787 tumen
1074 1731 1333 1788 demonstrationem
1357 1729 1441 1799 legati
1461 1743 1517 1784 non
1535 1727 1597 1798 plus
1617 1725 1692 1782 Seius

263 1815 438 1886 adsequetur,
457 1831 539 1886 quam
558 1819 581 1874 si
600 1835 664 1876 uere
681 1820 897 1878 demonstratum
916 1819 1022 1876 inisset

207 1901 245 1962 73
315 1906 393 1962 buu
410 1905 478 1964 libro
493 1907 683 1964 nonodecimo
696 1910 896 1980 quaestionum.
922 1910 996 1964 Titio
1008 1907 1117 1978 fundus,
1136 1909 1199 1964 siin
1212 1907 1307 1964 Asiam
1319 1923 1374 1964 non
1387 1907 1501 1978 uenerit,
1520 1897 1728 1989 [ΜΡ
1781 1912 1808 1927 ““

263 1994 350 2065 idem,
373 1996 397 2050 si
421 1997 589 2067 peruenerit,
614 1997 775 2069 Sempronio
797 2000 905 2069 legatus
923 2003 974 2054 est.
1005 2013 1067 2054 cum
1086 1999 1115 2056 in,
1131 1997 1258 2056 omnibus
1276 1995 1494 2066 condicionibus,
1518 2011 1591 2065 quae
1610 1999 1692 2050 morte

262 2084 455 2155 legatariorum
477 2084 620 2158 liniuntur,
643 2093 784 2158 receptum
803 2092 860 2157 est,
883 2092 914 2144 ut
931 2088 1057 2142 liuciana
1075 2088 1166 2142 cautio
1184 2087 1383 2157 interponatur,
1407 2085 1487 2140 berea
1505 2085 1660 2140 cautionem
1678 2091 1805 2136 aro

263 2173 336 2230 'litio
355 2176 462 2243 accepit
479 2181 508 2230 et
525 2173 639 2232 fundum
659 2178 684 2232 ei
702 2177 788 2232 dedit.
818 2179 842 2232 sl
859 2181 958 2248 postca
974 2177 1003 2232 in
1022 2176 1116 2232 Asiam
1134 2177 1303 2246 peruenerit,
1327 2174 1487 2244 Sempronio
1505 2173 1599 2244 heres,
1623 2169 1692 2242 quod

262 2277 298 2319 ex
321 2263 453 2333 stipulatu
471 2265 605 2320 cautionis
623 2265 800 2336 interpositae
818 2267 949 2336 consequi
966 2271 1072 2336 potest,
1096 2266 1155 2320 utili
1173 2266 1280 2322 actione
1298 2269 1438 2333 praestare
1456 2263 1573 2332 cogitur.
1606 2261 1655 2317 sod
1671 2260 1692 2316 si

263 2353 355 2408 cautio
373 2352 464 2408 medic
482 2357 604 2424 tempore
623 2353 767 2424 deiecerit,
785 2371 857 2425 quae
875 2356 989 2412 sollicite
1007 2353 1097 2410 iuerat
1114 2358 1226 2423 eruum,
1245 2369 1299 2408 non
1317 2352 1352 2408 de
1370 2368 1421 2408 suo
1438 2351 1592 2422 praestabit
1609 2340 1691 2418 heres',

262 2441 313 2498 sed
330 2442 395 2512 quis
412 2441 479 2498 nihil
497 2443 523 2498 ei
539 2447 632 2512 potest
649 2443 728 2514 obici,
747 2445 815 2500 satis
833 2446 884 2500 erit
901 2445 1024 2500 actiones
1041 2444 1184 2515 praestari.
1211 2444 1234 2498 si
1253 2449 1353 2512 minen,
1371 2442 1460 2496 Titius
1479 2457 1542 2496 cum
1562 2450 1587 2494 ur
1600 2439 1691 2494 Asiam

263 2530 398 2601 uenisset,
417 2529 603 2602 Sempronius,
623 2533 782 2603 priusquam
801 2535 922 2604 legatum
940 2533 1065 2604 accipiat,
1084 2533 1241 2602 decesserit,
1259 2531 1353 2588 heredi
1371 2531 1430 2586 eius
1449 2529 1604 2599 deberetur,
1623 2525 1691 2600 quod
1706 2537 1767 2580 ει

263 2617 408 2676 defunctus
427 2623 521 2690 petere
539 2621 636 2691 potnit.

208 2707 246 2766 74
315 2709 394 2764 lona
416 2706 485 2765 libro
502 2710 643 2780 trigesimo
661 2712 782 2768 secundo
801 2713 1000 2783 quaestionum.
1037 2711 1141 2766 llnlieri
1160 2711 1278 2766 otTitio
1297 2705 1494 2777 ususfructus,
1513 2707 1537 2762 si
1556 2703 1691 2762 nonnub
1717 2706 1775 2725 ¹*

263 2797 330 2853 serit
352 2798 461 2869 mulier,
484 2799 595 2856 relictus
617 2805 668 2856 est
700 2802 724 2855 si
747 2803 845 2858 mulier
865 2801 1001 2872 nubserit,
1025 2800 1156 2870 quamdiu
1174 2799 1263 2854 Titius
1282 2805 1311 2854 et
1327 2798 1397 2854 uiuit
1414 2802 1443 2854 et
1460 2797 1488 2852 in
1506 2797 1605 2852 eodem
1623 2801 1691 2851 stabi

264 2886 328 2955 erit,
352 2891 457 2956 partem
481 2903 549 2944 usus
570 2886 675 2946 fructus
692 2889 817 2946 babebit:
841 2895 947 2946 tantum
966 2891 1039 2946 enim
1056 2887 1189 2946 beneficio
1207 2888 1276 2958 legis
1294 2903 1329 2942 ex
1347 2887 1438 2957 legato
1456 2902 1617 2942 concessum
1636 2898 1691 2940 osse

264 2975 370 3032 mulieri
388 2976 600 3045 intellegendum
620 2983 670 3048 est,
688 2984 819 3049 quantum
839 2979 961 3050 haberet,
979 2981 1006 3036 si
1020 2979 1174 3036 condicioni
1186 2978 1330 3048 paruisset.
1358 2991 1409 3032 nec
1421 2976 1444 3030 si
1456 2976 1555 3044 'litiuq
1574 2975 1622 3044 qui
1634 2989 1691 3029 con·
1707 2987 1717 3026 r
1735 2995 1797 3012 ⁴-

263 3063 370 3120 diciune
389 3062 513 3120 deiectus
531 3070 581 3136 est,
600 3067 722 3136 legatum
740 3069 866 3140 repudiet
875 3073 892 3138 ¹,
912 3085 946 3124 ca
963 3083 1007 3124 res
1026 3068 1131 3124 mulieri
1149 3067 1279 3138 proderit.

209 3153 246 3212 75
317 3153 395 3210 Iunas
417 3153 486 3210 libro
507 3155 648 3225 trigesimo
671 3162 768 3227 quarto
791 3159 991 3230 quaestionum.
1027 3158 1094 3214 Dies
1117 3157 1236 3212 incertus
1260 3155 1446 3212 condicionem
1470 3154 1498 3208 in
1523 3145 1692 3238 [Q
1708 3137 1802 3204 Ξ

264 3247 429 3298 testamento
447 3241 521 3299 facit.

209 3331 247 3390 ‘le
318 3333 395 3388 lnnu
417 3331 486 3388 h'bro
509 3338 587 3389 sexto
610 3349 811 3404 responsorum.
847 3335 1100 3392 Fideicommissum
1124 3352 1142 3390 a
1166 3333 1228 3390 filiis
1251 3335 1375 3391 relictum
1394 3332 1424 3388 'si
1443 3333 1504 3404 quis
1522 3325 1692 3417 [Q
1707 3313 1798 3384 Ρ

267 3421 309 3476 'ex
326 3420 369 3476 his
386 3422 446 3478 sine
463 3420 556 3478 liberis
574 3422 646 3477 diem
665 3439 745 3480 suurn
763 3425 868 3480 obierit'
886 3424 1040 3494 adoptionis
1059 3428 1214 3480 commento
1232 3439 1287 3480 non
1305 3423 1466 3478 excluditur.
1708 3425 1744 3464 ἓν
1774 3406 1798 3445 ‘⁵

1234 3502 1692 3516 -m———m-——ffl

210 3510 248 3568 ‘1⁷
318 3511 396 3566 loun
412 3510 482 3568 libro
500 3511 617 3581 septimo
634 3528 836 3582 responsorum.
868 3514 953 3584 Auia,
971 3529 1042 3584 quae
1060 3519 1186 3584 nepotem
1206 3511 1333 3596 [ΜΨ
1335 3525 1518 3594 u—aeffl
1537 3523 1563 3570 Β.
1571 3525 1611 3580 44,
1623 3524 1658 3578 19,
1666 3522 1693 3568 ll
1707 3488 1797 3562 ρ

266 3598 318 3656 sub
336 3599 495 3656 condicione
513 3601 737 3672 emancipationis
759 3619 809 3674 pro
826 3609 905 3674 parte
922 3602 1050 3658 herodem
1068 3602 1236 3672 instituerat,
1255 3603 1295 3656 ita
1311 3606 1409 3673 postca
1426 3601 1557 3658 codicillis
1576 3601 1693 3658 scribsit:

267 3689 326 3746 'hoc
338 3689 454 3759 amphus
472 3691 566 3760 nepoti
584 3706 653 3758 meo,
672 3706 754 3760 quarn
772 3693 846 3762 quod
864 3708 926 3748 eum
944 3689 1073 3746 heredem
1090 3693 1204 3760 institui,
1223 3692 1285 3760 lego
1298 3692 1410 3762 praedia
1422 3691 1482 3747 illa'.
1510 3691 1693 3748 condicionem

267 3779 491 3849 emancipationis
514 3781 658 3848 repetitam
681 3780 769 3836 uideri
788 3783 891 3850 placet,
915 3779 1041 3850 quamuis
1060 3781 1123 3836 uuio
1140 3781 1241 3836 nullam
1260 3781 1289 3836 in
1306 3781 1417 3851 legatis,
1444 3782 1519 3836 utin
1536 3780 1694 3848 hereditate,

266 3866 488 3924 sumtitutionem
507 3865 625 3924 iecisset.
652 3885 715 3924 nam
734 3875 843 3926 etcum
861 3887 957 3926 seruus
975 3885 1043 3940 pure
1061 3869 1171 3939 quidem
1182 3869 1259 3938 liber,
1277 3869 1357 3924 heres
1370 3877 1460 3926 autem
1474 3870 1526 3925 sub
1539 3871 1696 3926 condicione
1803 3854 1808 3869 '

267 3957 386 4028 scriptus
404 3961 440 4027 et,
460 3957 483 4012 si
500 3955 579 4012 heres
598 3973 653 4014 non
670 3959 814 4030 exstiterit,
832 3961 954 4029 legatum
972 3959 1096 4028 accipere
1114 3959 1205 4014 iussus
1223 3963 1273 4028 est,
1292 3959 1319 4014 in
1338 3959 1429 4030 legato
1448 3959 1595 4029 repetitam
1613 3957 1696 4014 uideri

236 4143 250 4188 a
267 4149 317 4205 per
334 4135 415 4191 aliam
433 4133 621 4190 condicionem
640 4136 712 4192 actio
729 4136 813 4206 legati
831 4135 933 4192 differri
951 4137 1046 4205 possit.
1076 4136 1165 4206 'Tiuq
1183 4137 1206 4192 si
1219 4137 1314 4192 mulier
1326 4153 1380 4192 non
1392 4137 1525 4207 nubserit,
1545 4137 1627 4194 heres
1639 4153 1697 4194 cen·

269 4225 334 4280 'urm
352 4221 439 4280 dato':
457 4239 539 4294 quarn
557 4225 701 4293 pecuniam
719 4225 807 4281 eidem
826 4226 931 4281 mulieri
943 4227 1032 4282 Titius
1050 4226 1193 4282 restituere
1211 4231 1324 4296 rogatus
1336 4231 1387 4282 cst.
1414 4227 1456 4282 si²
1468 4225 1595 4282 nubserit
1606 4227 1698 4284 mulier

269 4321 515 4392 mwonqrcrr)

269 4467 282 4572 ζ
298 4461 487 4605 316ἓὲ8(ἒίἳοίοηί
497 4463 635 4534 paruisset
646 4479 697 4520 nec
709 4465 798 4520 Titius
811 4465 970 4522 mndicicne
982 4463 1105 4521 defectus
1118 4471 1204 4522 esset:
1217 4481 1268 4521 noc
1282 4467 1305 4523 si
1317 4467 1407 4522 Titius
1419 4467 1541 4538 legatum
1554 4465 1697 4540 repudiet?

271 4666 330 4721 bui
347 4667 444 4720 om.F¹
498 4669 533 4723 10
556 4667 643 4724 debeo
661 4671 781 4725 solueret
798 4673 854 4737 (em.
869 4671 957 4726 solue·
1010 4671 1182 4726 trutinentur
1203 4679 1226 4726 rt
1243 4679 1321 4737 recte,
1339 4673 1482 4742 repetitam
1501 4673 1592 4730 uideri
1610 4673 1697 4730 cundi·

270 4737 316 4804 rit)
384 4740 417 4792 11
436 4738 509 4795 Titio
526 4743 608 4812 suppl.
621 4743 658 4794 F²
711 4743 745 4798 13
763 4742 921 4812 relinquerit
938 4744 964 4796 F
1010 4743 1115 4798 cionem
1139 4747 1154 4798 t
1170 4763 1234 4815 pem.
1251 4746 1317 4800 mule
1376 4745 1412 4800 43
1436 4745 1644 4802 condicionem*
1662 4745 1698 4800 Ρ

270 4809 306 4863 24
323 4807 361 4879 ln]
380 4809 499 4875 DE‘ffl,
520 4829 569 4864 om.
582 4813 671 4867 Furi(
719 4814 755 4868 40
773 4811 861 4882 heres]
884 4823 958 4885 queri
1009 4815 1045 4868 44
1063 4815 1086 4868 ei
1099 4813 1230 4883 nubserit]
1250 4835 1306 4869 cunr
1322 4815 1454 4885 prioribus
1469 4825 1577 4888 irrepunt
1591 4819 1698 4873 Graeci:

271 4887 335 4936 earm
346 4879 425 4936 heres
436 4896 486 4950 pro
498 4885 576 4952 parte
589 4891 718 4940 merant
731 4885 840 4940 Graeci:
852 4883 958 4953 ueprrrbc
1011 4886 1048 4940 sal
1062 4884 1165 4942 ᾸΞιὼοω
1179 4905 1208 4942 ce
1220 4887 1300 4948 rairs
1312 4887 1448 4958 napscqeirr
1467 4886 1531 4958 uiri?
1552 4887 1696 4956 rsuorubup

271 4951 560 5042 stuposbuocB(Tip.)
598 4955 872 5024 421ibertaletnluorr
883 4959 958 5012 aliter
1010 4957 1037 5012 B
1054 4957 1144 5029 (Tin),
1161 4978 1212 5014 nou
1228 4965 1295 5014 recte

272 5021 381 5080 Graeci:
399 5023 472 5078 horel
490 5025 505 5078 ἡ
523 5027 657 5098 cherespiu
675 5025 704 5083 ἐκ
723 5027 762 5095 τῷ
779 5026 881 5094 testrep
894 5025 956 5080 dss-
