3638 5460
104 279 294 328 rsmrnrsu
777 257 860 336 221
1244 262 1363 330 xxxv
1384 265 1538 330 usa-ss

104 417 167 474 eiua
184 417 218 473 ad
235 416 399 474 beneficium
418 417 567 488 principale
584 417 721 488 pertinere
739 417 871 473 desierat:
893 418 917 473 si
934 432 1001 474 uero
1018 419 1090 475 intra
1108 435 1208 475 annum
1226 421 1363 478 missionis
1381 421 1538 492 decesserit,

104 507 183 562 solus
199 506 289 562 'fitius
312 505 503 562 deductionem
526 506 613 577 partis
631 511 744 576 quartae
762 507 896 578 patietur,
920 507 985 577 quia
1002 523 1035 564 eo
1053 513 1175 580 tempore
1193 508 1434 566 fideicommissum
1453 511 1478 566 ei
1496 525 1537 566 re·

102 595 200 650 lictum
218 600 269 666 est,
288 611 342 666 qno
360 600 477 652 testator
494 596 552 652 iure
571 595 681 651 militari
699 597 795 652 testari
812 612 867 652 non
884 597 983 667 potuit.

31 686 80 744 93
159 685 339 741 Parnassus
357 683 426 741 libro
443 683 575 740 uicesimo
592 687 793 755 quaestionum.
821 685 951 756 Acceptis
969 702 987 741 a
1005 687 1112 742 Maeuio
1130 693 1240 743 eentum
1258 686 1363 743 heredi·
1381 682 1537 771 Q
1557 691 1597 745 'P

101 777 192 829 tatem
210 773 317 829 bimulo
339 775 485 830 restituere
506 774 707 846 pecuniamque
730 778 794 846 post
816 780 930 832 mortem
955 791 1033 832 suam
1052 775 1125 831 'litio
1148 776 1213 832 dare
1231 782 1344 846 rogatus
1362 782 1413 832 est.
1443 793 1536 847 quam·
1556 787 1569 828 s

100 877 188 934 qnam
214 863 283 918 haee
307 867 416 919 centum
440 870 565 934 quartam
589 864 722 920 bonorum
746 862 879 934 efficiant,
907 870 999 920 tamen
1022 871 1134 935 propter
1156 863 1395 921 fideicommissum
1419 881 1537 936 sequens

100 955 221 1022 quartae
242 953 387 1008 retentioni
404 953 481 1009 locus
498 955 563 1010 erit:
586 959 652 1009 tunc
669 953 741 1009 enim
760 968 794 1008 ex
813 953 1007 1011 constitutione
1024 954 1082 1010 diui
1100 953 1231 1009 Hadriani
1248 954 1386 1009 Falcidiae
1403 953 1538 1010 satisfacit

99 1055 139 1094 ea
155 1041 308 1112 quantitas,
331 1057 394 1098 cum
412 1041 486 1114 apud
503 1043 631 1099 heredem
649 1048 780 1098 remanet.
814 1042 863 1098 sed
881 1043 1029 1099 Falcidiam
1048 1042 1167 1114 patietur
1185 1044 1260 1099 solus
1277 1044 1322 1098 cni
1339 1043 1477 1099 hereditas
1495 1057 1536 1100 re·

100 1129 169 1185 licta
186 1135 243 1186 est:
262 1147 325 1186 uam
343 1133 371 1187 in
388 1137 507 1203 centunq
526 1149 597 1203 quae
615 1133 711 1188 morth
728 1147 813 1188 causa
831 1133 984 1203 capiuntur,
1003 1133 1110 1188 admitti
1128 1132 1250 1188 Falcidia
1262 1147 1316 1188 uon
1328 1137 1429 1204 potest.
1456 1134 1536 1204 plane

100 1220 127 1274 si
151 1219 214 1290 qnia
237 1221 277 1276 ita
298 1221 420 1277 scribsit:
445 1223 573 1293 'acceptis
597 1227 706 1278 centum
729 1227 795 1292 peto
817 1224 946 1278 restituas
970 1219 1156 1278 hereditatem'
1175 1236 1264 1292 neque
1281 1237 1426 1292 personam
1446 1222 1536 1278 dantia
1557 1232 1583 1272 ιο

99 1308 341 1381 demonstrauerit,
359 1313 438 1381 quasi
455 1317 589 1368 retentam
607 1317 636 1368 et
652 1317 826 1382 praeceptam
845 1313 997 1382 pecuniam,
1017 1312 1041 1368 si
1058 1315 1172 1382 quartae
1184 1310 1311 1383 sufficiat,
1329 1311 1458 1367 inducere
1470 1311 1536 1380 Tre7

100 1398 259 1455 belliannm.

42 1491 83 1550 94
155 1487 316 1544 Sounoua
333 1487 403 1545 libro
419 1489 551 1545 uicesimo
568 1489 655 1559 primo
674 1489 851 1560 digestorum.
881 1489 950 1545 Filio
969 1494 998 1544 et
1014 1487 1071 1544 filla
1088 1489 1198 1560 scriptis
1215 1489 1362 1546 heredibus
1380 1483 1536 1574 Q
1555 1496 1581 1550 A

101 1578 217 1648 singulis
235 1584 311 1633 certa
327 1579 511 1648 praelegauit,
530 1577 580 1634 aed
598 1579 679 1648 longe
697 1579 786 1634 minus
804 1577 889 1649 filiae,
909 1579 952 1634 cni
971 1578 1052 1633 mam
1070 1577 1181 1634 domurn
1199 1578 1348 1649 obligatam
1366 1580 1537 1650 praelegauit

101 1683 164 1723 cnm
183 1668 371 1724 instrumentis
389 1673 418 1724 et
435 1667 565 1738 quicquid
581 1667 620 1724 ibi
638 1666 722 1724 fuerit
739 1673 768 1723 et
786 1667 887 1723 adiecit
903 1667 971 1724 haec
988 1666 1087 1723 uerba:
1106 1667 1163 1724 ‘sed
1182 1683 1215 1723 ea
1233 1668 1393 1724 condicione
1410 1669 1488 1738 lego,
1505 1674 1536 1742 nt
1556 1679 1583 1720 rs

99 1756 243 1828 'quidquid
261 1758 333 1812 seris
350 1757 431 1812 allani
448 1759 476 1812 in
494 1771 529 1812 es
546 1757 628 1814 domo
647 1759 707 1828 erit,
725 1757 814 1812 Titius
832 1756 946 1813 libertus
964 1755 1012 1813 biii
1029 1757 1082 1812 mel
1100 1757 1240 1813 exsoluat¹
1260 1763 1290 1812 et
1307 1759 1344 1812 sit
1361 1758 1401 1813 eis
1413 1759 1536 1827 utrisque

100 1847 209 1903 'domus
234 1845 401 1903 communis'.
433 1847 587 1916 quaesitum
610 1852 666 1918 est,
690 1847 714 1902 si
736 1843 793 1902 filia
812 1847 881 1916 legis
899 1845 1036 1901 Falcidiae
1054 1843 1189 1902 beneficio
1207 1847 1247 1902 uti
1265 1847 1340 1902 uolet
1357 1847 1392 1902 sd
1411 1853 1535 1917 quartam

99 1935 283 2006 retinendam,
301 1951 336 1990 an
355 1951 390 1991 ex
408 1934 566 2008 hereditate,
585 1952 657 2006 quae
675 1937 701 1991 ei
718 1935 814 1990 relicta
831 1940 883 2005 est,
901 1934 1021 1991 deducto
1039 1949 1102 1990 acre
1114 1935 1203 1992 aliene
1215 1937 1274 1992 eius
1286 1936 1360 2006 quod
1372 1935 1536 2006 superfuerit

99 2031 228 2096 quartam
246 2025 377 2095 consequi
394 2024 502 2081 debeat.
530 2027 670 2096 respondit
688 2027 747 2082 inre
758 2025 869 2095 quidem
881 2023 910 2079 id
922 2025 1130 2094 postulaturum,
1149 2039 1244 2080 uerum
1258 2041 1312 2081 nen
1324 2026 1392 2081 alias
1404 2041 1446 2096 ea,
1465 2039 1535 2096 quae

99 2116 128 2171 ci
145 2115 213 2170 data
230 2120 304 2185 annt,
322 2119 504 2185 accepturam,
523 2115 646 2172 simodo
664 2131 698 2171 ea
715 2121 840 2185 quartam
858 2114 1029 2185 suppleant¹‚
1047 2129 1128 2184 quam
1147 2115 1281 2170 uoluntati
1293 2113 1416 2170 defuncti
1427 2115 1534 2170 soluen·
1554 2125 1583 2167 so

99 2203 187 2260 dnm⁸
205 2204 370 2276 praestando
387 2209 503 2274 pareret.

39 2296 81 2356 95
155 2295 234 2349 lnnu
249 2293 320 2349 libro
337 2293 468 2349 uicesimo
486 2295 574 2364 primo
592 2292 770 2362 digestorum.
795 2293 910 2348 Maritus
928 2291 1020 2348 uxoris
1038 2305 1082 2348 res
1100 2296 1179 2347 extm
1190 2291 1282 2347 dotem
1296 2307 1358 2349 con·
1378 2287 1535 2376 We
1554 2300 1579 2354 Α

99 2383 215 2439 stitutus
232 2382 434 2438 administrauit
451 2397 538 2453 eaque
556 2381 694 2438 decedens
711 2387 774 2437 ante
792 2382 925 2438 rationem
943 2379 995 2436 sibi
1012 2380 1147 2437 redditam
1166 2381 1408 2438 administrationis
1422 2369 1534 2438 e‘x‘ffise

99 2472 221 2528 eundem
244 2471 371 2527 maritum
394 2471 522 2528 heredem
540 2471 650 2542 reliquit
666 2472 779 2542 eiusque
795 2469 861 2526 fidei
878 2466 1026 2541 commisit,
1049 2476 1081 2526 ut
1097 2470 1193 2527 decem
1211 2472 1306 2527 uncias
1323 2470 1379 2527 flio
1397 2473 1534 2528 communi

99 2579 165 2618 cnm
184 2565 335 2617 moreretur
352 2562 521 2633 restitueret,
540 2561 609 2617 duaa
627 2567 718 2616 autem
738 2561 832 2616 uncias
850 2561 952 2630 nepoti.
982 2561 1137 2630 quaesitum
1155 2565 1206 2632 est,
1225 2577 1260 2616 an
1277 2560 1306 2616 id
1324 2575 1441 2632 quoque,
1460 2561 1534 2632 quod
1554 2575 1581 2615 ss

99 2667 137 2707 cx
160 2650 396 2706 administratione
418 2667 508 2707 rerem
532 2649 606 2721 apud
624 2651 750 2706 maritum
769 2649 905 2706 resedisse
922 2649 1088 2719 constiterit,
1110 2661 1173 2705 eum
1192 2651 1291 2705 ceteris
1309 2649 1388 2706 bonis
1406 2666 1456 2722 pro
1473 2657 1534 2706 reta

98 2739 199 2796 decem
217 2741 358 2797 unciarum
376 2739 432 2796 tilio
450 2741 557 2796 restitui
575 2738 683 2795 debeat.
715 2737 857 2809 respondit
873 2739 914 2810 id,
934 2739 1008 2809 quod
1025 2737 1167 2795 debuisset
1183 2739 1336 2810 hereditati,
1353 2740 1382 2795 in
1399 2741 1533 2796 rationem

63 2831 198 2886 insuite
219 2829 329 2886 debere.
365 2830 464 2900 Filiae,
485 2844 569 2900 quam
592 2834 680 2885 mater
697 2832 857 2899 negauerat,
881 2829 905 2884 ai
923 2827 1049 2899 impubes
1067 2828 1244 2900 decessisset,
1267 2830 1410 2886 restituere
1428 2829 1533 2885 heredi-

98 2923 189 2976 tatem
207 2919 294 2991 Tltio,
312 2923 427 2991 patruus
444 2920 583 2990 leffi'timus
600 2918 680 2974 heres
698 2919 817 2974 exstitit:
840 2919 868 2973 in
886 2919 991 2974 ratione
1008 2919 1078 2988 legis
1095 2919 1233 2975 Falcidiae
1251 2919 1379 2990 ponenda
1396 2919 1535 2976 desiderat

99 3007 203 3065 deduci
225 3015 327 3080 sortes,
349 3025 385 3065 ex
407 3025 522 3080 quarum
546 3008 636 3064 usulis
660 3007 790 3063 alimenta
811 3007 937 3078 impubes
960 3005 1091 3063 defuncta
1112 3024 1148 3064 ex
1164 3024 1283 3080 persona
1299 3009 1448 3065 testatricis
1465 3019 1533 3065 suae
1553 3023 1581 3064 ae

98 3097 226 3172 pinnbna
243 3097 337 3155 debita
353 3099 502 3169 praestitit:
521 3097 675 3169 quaesitum
693 3101 749 3168 est,
769 3113 812 3167 an,
830 3098 855 3154 si
874 3111 921 3152 eas
939 3095 1091 3168 deduxerit,
1109 3113 1208 3154 cauere
1225 3097 1327 3154 debeat
1342 3097 1533 3154 defunctorum

63 3193 81 3240 a
99 3187 333 3244 ahmenmrlomm
350 3189 490 3259 portiones
508 3203 558 3259 pre
577 3187 658 3243 modo
676 3187 794 3242 sortium
804 3203 834 3243 se
846 3187 1045 3244 maritatarum.
1067 3187 1210 3257 respondit
1221 3185 1322 3244 debere
1333 3203 1440 3245 cauere.
1467 3189 1534 3244 Post

99 3277 205 3333 aditam
222 3275 402 3334 hereditatem
421 3277 538 3333 triennio
555 3279 653 3333 exacto
671 3276 810 3346 legatariis
827 3275 906 3332 heres
918 3277 1007 3346 legem
1019 3275 1168 3332 Falcidiam
1183 3277 1193 3349 l
1206 3277 1320 3348 opponit
1331 3277 1440 3348 idcireo,
1459 3276 1533 3348 qued
1550 3283 1566 3332 f.
1580 3278 1632 3332 109'

99 3367 304 3423 administrauit
321 3367 422 3424 tutelas
439 3371 563 3437 testator,
582 3379 698 3437 quarum
717 3366 787 3422 ratio
804 3365 925 3422 nondum
939 3366 1047 3423 reddita
1059 3367 1096 3421 sit
1107 3371 1136 3421 et
1147 3365 1222 3436 quod
1233 3371 1317 3438 neget
1327 3371 1433 3422 tantum
1446 3367 1533 3437 redigi

98 3471 138 3512 en
154 3455 311 3513 nominibus
328 3471 425 3528 posse,
448 3461 581 3527 quantum
599 3456 627 3511 in
646 3455 773 3512 caudeae
791 3455 940 3511 deductum
958 3460 1010 3511 est.
1043 3456 1198 3526 quaesitum
1216 3460 1272 3527 est,
1295 3472 1330 3512 an
1348 3457 1468 3512 rationes
1487 3457 1533 3512 de·
1553 3469 1582 3510 ss

98 3545 190 3602 functi
207 3551 236 3602 et
252 3547 373 3602 omnium
391 3547 631 3602 insnumenterum
648 3545 873 3601 hereditariomm
892 3550 921 3600 ct
937 3545 1110 3616 pupillarium
1127 3546 1263 3602 rationum
1275 3545 1414 3617 legatariis
1426 3545 1533 3602 deside·
1552 3559 1556 3567 ·

98 3631 226 3691 natabus
244 3635 323 3692 heres
340 3634 531 3692 describendl⁴
547 3639 713 3706 potestatem
730 3634 821 3691 faeere
838 3633 947 3704 debeat,
965 3649 1000 3690 nc
1018 3633 1046 3689 in
1057 3638 1196 3705 potestate
1208 3637 1267 3692 eiua
1279 3637 1315 3691 sit
1326 3633 1447 3706 preferre
1458 3635 1534 3706 quod

98 3725 169 3781 uelit
190 3729 219 3780 et
240 3739 290 3796 per
310 3724 364 3781 hoo
386 3725 416 3780 in
438 3722 562 3780 fraudem
584 3725 710 3795 legatarii
727 3723 899 3780 inducantur.
932 3723 1074 3795 respondit
1092 3724 1128 3780 ad
1145 3723 1243 3781 iudicis
1261 3721 1381 3781 officium
1397 3726 1534 3796 pertinere

98 3815 243 3886 explorare
261 3829 302 3884 sa,
320 3829 371 3884 per
388 3829 458 3884 qnae
476 3812 614 3884 probetur,
634 3815 730 3884 quanti
748 3815 785 3870 sit
802 3815 830 3870 in
848 3813 937 3870 bonis.
1552 3825 1581 3866 ss

35 3901 79 3961 96
154 3902 313 3960 Scanuona
329 3903 399 3958 hbro
417 3904 547 3974 singulari
564 3903 755 3974 quaestionum
774 3902 883 3974 publice
895 3906 1082 3958 mactatarum.
1110 3903 1188 3959 Miles
1200 3903 1232 3974 si,
1251 3901 1317 3958 dum
1328 3917 1454 3973 paganus
1466 3908 1533 3974 erat,
1554 3906 1580 3960 A

96 3991 198 4049 fecerit
214 3997 418 4063 testamentum,
436 3993 549 4048 miiitiae
566 3997 690 4064 tempore
708 3993 856 4064 codicillos,
875 3993 919 4049 lex
937 3991 1060 4048 Falcidia
1076 3993 1105 4048 in
1122 3991 1254 4050 codicillis
1271 3993 1362 4050 locum
1376 3991 1533 4064 nonhabet,

96 4083 130 4140 in
146 4086 314 4138 testamento
331 4082 421 4138 locum
439 4080 559 4138 habebit.

98 4161 349 4258 erueremur)

100 4345 109 4378 ¹
129 4339 264 4411 quidquid
286 4341 357 4395 aeris
380 4341 462 4395 alieni
485 4341 513 4396 in
536 4355 571 4396 ea
592 4340 675 4396 domo
697 4339 810 4396 habebit
827 4341 917 4396 Titius
934 4341 1047 4398 libertus
1065 4339 1114 4397 filii
1131 4342 1199 4411 mei,
1222 4340 1368 4397 exsoluat?
1438 4339 1534 4394 'stem

100 4412 200 4468 ermes
216 4413 252 4478 (a
266 4414 310 4474 t.):
335 4417 466 4482 superant
483 4416 527 4485 (cſs
545 4415 560 4466 t.
572 4412 608 4466 22
617 4432 658 4484 pr.
670 4412 696 4465 lc
708 4413 757 4478 tt?
831 4414 843 4448 ⁸
861 4413 978 4470 solidum
997 4417 1032 4482 (a.
1044 4422 1077 4468 t:
1096 4412 1245 4480 Auferret?
1322 4414 1334 4448 ⁴
1351 4428 1395 4482 an,
1414 4412 1534 4468 rationes

98 4483 224 4540 defuncti
241 4483 381 4554 legatariis
398 4481 631 4554 desiderantibus,
654 4484 775 4538 omniurn
795 4483 1036 4540 instrumentorum
1058 4483 1282 4540 bereditariorum
1306 4487 1335 4539 et
1360 4483 1533 4554 pupillarium

97 4556 237 4612 neonem
254 4554 336 4610 heres
353 4555 526 4611 describendi
544 4558 589 4631 (cs.
603 4556 693 4612 Otcsro
705 4555 774 4610 Pttl.
784 4557 810 4620 5,
822 4557 847 4621 3,
860 4557 892 4612 6:
909 4555 1026 4612 facultas
1044 4571 1171 4627 agrorum
1190 4555 1393 4624 condonandi)?

98 4701 345 4761 idestderatt'tl
379 4703 607 4762 efalcidia‘m'r't
643 4705 677 4760 15
688 4705 793 4762 dobba
844 4705 960 4764 utendae
970 4705 1031 4763 lm:
1050 4706 1162 4778 clarinti
1177 4707 1295 4772 hortuloni
1309 4707 1532 4779 uoqussftapxs'scss

99 4777 138 4830 Ρ
152 4779 157 4844 Ι
173 4775 224 4832 oed
241 4775 595 4850 eacoudlclonelegoseq.]
615 4778 653 4831 sal
667 4778 791 4848 astrisque
844 4779 995 4846 Boinoa),
1009 4781 1031 4834 εἰ
1040 4777 1074 4833 susi
1084 4778 1115 4832 ri
1124 4777 1235 4849 xpiatrb
1245 4779 1338 4845 Bsffl
1371 4782 1389 4846 .)
1426 4781 1533 4835 hdebr-

98 4847 190 4912 scinu
214 4845 296 4910 alchu
321 4847 383 4919 ,pta
407 4849 456 4903 Rs
480 4850 577 4921 (Cyn),
602 4849 640 4902 ssi
665 4849 790 4919 κελεγεθῇ
843 4849 1025 4906 stit'u’eritF’
1050 4852 1085 4906 30
1094 4851 1217 4921 quarum]
1225 4849 1323 4907 DFIG
1347 4849 1534 4920 ,quommFQ

96 4919 195 4986 austra
218 4919 310 4982 hoium
334 4921 361 4974 B
378 4921 487 4988 (Aaou.)
541 4919 575 4976 17
597 4918 730 4976 ueneficio
753 4921 790 4975 F¹
844 4922 879 4976 33
897 4921 1101 4991 legatariith‘
1147 4923 1183 4977 34
1201 4921 1322 4977 nundum
1340 4922 1379 4974 F·
1425 4923 1460 4977 38
1472 4935 1532 4992 per·

95 4993 134 5048 20
152 4994 177 5047 si
195 4991 278 5048 modo
295 5006 331 5047 ea
348 4997 473 5061 quartam
486 4991 642 5062 suppleant]
660 4989 706 5046 tiu
720 4991 791 5048 baec
843 4993 949 5049 tinere
962 4995 999 5046 Ρ
1051 4994 1087 5050 40
1104 4993 1240 5064 scaeuola]
1259 4994 1304 5060 ΕΙ,
1322 4993 1395 5049 idem
1413 4994 1451 5048 Ρ

96 5063 214 5136 saepen
232 5063 282 5120 rte
300 5063 440 5120 Φιλκίδιοκ
458 5063 487 5118 Β
498 5063 607 5133 (Aaou.)
659 5063 694 5120 21
712 5079 790 5136 prac-
