4216 5424
1292 201 1379 308 928
1557 197 1564 214 ⁸
1642 251 1690 298 ns
1712 247 2004 307 rouuromsrrounoe

586 395 606 454 8
676 394 827 450 Unrmuus
844 393 913 450 libro
930 393 1012 449 tertio
1030 391 1065 448 de
1083 389 1175 448 officio
1193 389 1322 446 consulis.
1358 389 1407 466 De
1419 387 1660 459 pollicitationibus
1681 390 1709 444 in
1728 389 1867 444 ciuitatem
1883 387 1949 445 laets
1961 395 2035 452 iudi-ll

624 499 685 538 cum
704 484 887 554 coguitionem
906 498 966 538 esse
984 481 1042 538 diui
1059 479 1157 536 iratres
1176 479 1271 534 Flauio
1290 477 1371 533 Celso
1390 479 1417 532 in
1436 477 1504 534 baec
1522 477 1608 532 uerba
1626 479 1838 548 rescripserunt:
1857 479 1939 534 'Probe
1953 480 2009 540 lmict
2103 520 2104 523 =

624 569 736 628 'Statius
753 569 877 642 Rufinus,
896 571 919 626 si
937 587 1006 642 opus
1024 570 1181 642 proscaeni.
1201 567 1274 638 quod
1293 581 1323 622 se
1342 565 1458 622 Gabinis
1475 573 1676 623 exstructurum
1696 568 1835 638 promisit,
1852 567 1918 637 qnod
1933 572 2009 628 endon

624 661 780 731 ‘adgressus
798 659 902 730 luerat,
926 658 1058 730 perficiat.
1085 675 1149 714 uam
1167 659 1220 714 etsi
1239 655 1356 712 aduersa
1373 653 1484 712 fortune
1501 673 1569 712 usus
1586 659 1614 714 iu
1632 657 1768 713 ῐτίοττττὶοι
1788 656 1947 726 spraelecto
1959 661 2010 718 urbis
2104 649 2106 674 ³

624 749 769 820 ‘relegatus
787 755 870 820 esset,
888 755 981 804 tamen
999 748 1115 819 gratiam
1134 747 1263 816 muueris,
1281 745 1356 816 quod
1375 751 1473 815 sponte
1491 747 1598 822 optulit,
1619 747 1741 802 minnere
1760 762 1815 800 non
1833 745 1920 816 debet,
1936 763 1980 803 oon
1993 759 2032 808 ets

624 837 733 895 'absens
750 854 800 909 per
818 839 934 894 amicum
955 837 965 910 fl
984 837 1114 909 perficere
1137 851 1207 907 opus
1230 834 1306 890 istud
1327 835 1424 905 possit.
1452 835 1528 904 quod
1550 836 1574 890 si
1600 836 1750 904 detrectat,
1774 839 1880 890 actores
1901 839 2072 910 constuisti·

626 928 679 998 'qui
697 929 818 998 legitime
836 944 885 998 pro
903 929 1015 984 ciuitate
1033 942 1115 997 agere
1134 925 1252 996 possint,
1271 924 1381 980 nomine
1399 923 1510 994 publico
1528 925 1604 980 edire
1622 925 1757 980 aduersus
1775 939 1838 979 eum
1856 924 1948 980 iudices
1961 935 2014 996 pote

626 1018 709 1072 bunt:
733 1019 859 1087 quicum
878 1017 994 1087 primum
1011 1015 1164 1086 potuerint,
1188 1014 1346 1084 priusquam
1370 1014 1398 1068 iu
1421 1014 1532 1069 exilium
1550 1014 1753 1084 proficiscatur,
1777 1021 1936 1082 cognoscent
1952 1018 2015 1084 etsi

625 1107 702 1176 'opus
719 1105 816 1176 perfici
833 1105 869 1160 ab
887 1121 920 1160 oo
938 1105 1039 1161 debere
1056 1103 1256 1172 constituerint,
1275 1101 1404 1158 oboedire
1422 1117 1486 1157 oum
1505 1102 1688 1173 reipublicae
1706 1101 1743 1158 ob
1761 1102 1832 1158 banc
1849 1117 1948 1157 causan
1962 1104 2016 1160 iube

626 1195 709 1263 bunt,
728 1201 777 1250 aut
795 1193 977 1264 prohibebunt
994 1193 1109 1250 distrahi
1127 1191 1251 1259 lendum,
1269 1206 1350 1262 quem
1369 1191 1398 1246 in
1415 1192 1552 1247 territorio
1570 1191 1767 1248 Gabiniorum¹
1785 1191 1883 1246 babet'.
2029 1213 2047 1252 n

589 1283 607 1341 9
678 1285 870 1340 llonusnnsus
893 1283 962 1339 libro
986 1287 1085 1353 quarto
1108 1281 1331 1338 differentiarum.
1375 1281 1417 1335 Ex
1442 1281 1651 1351 pollicitatione,
1674 1298 1756 1352 quam
1781 1283 1842 1351 quis
1865 1280 1899 1336 ob
1919 1279 2046 1339 bonorenll

625 1373 700 1444 apud
719 1372 930 1444 rempublicam
949 1372 1026 1444 lecit,
1045 1375 1135 1444 ipsum
1154 1371 1264 1442 quidem
1283 1369 1440 1426 omnimodo
1458 1371 1486 1425 iu
1505 1371 1621 1426 solidum
1639 1372 1741 1426 teneri:
1766 1369 1891 1425 heredem
1908 1385 1963 1426 uero
1976 1373 2018 1426 cios

626 1461 661 1518 ob
684 1462 813 1518 honorem
837 1462 947 1532 quidem
970 1461 1045 1518 lacta
1068 1461 1247 1532 promissione
1272 1458 1452 1530 insolidum,
1478 1459 1514 1515 ob
1537 1460 1566 1515 id
1589 1475 1668 1530 uero,
1696 1460 1770 1531 quod
1794 1476 1864 1530 opus
1889 1462 2019 1530 prouisam

625 1557 753 1622 coeptum
772 1555 823 1620 est,
841 1552 865 1606 si
883 1550 956 1606 bona
972 1551 1130 1607 liberalitati
1148 1549 1281 1606 soluendo
1300 1565 1354 1604 uou
1371 1547 1480 1616 luerint,
1498 1553 1658 1604 extraneum
1677 1549 1806 1604 heredem
1819 1551 1847 1604 iu
1858 1551 1966 1618 quintam
1976 1569 2019 1622 pu-

625 1645 681 1696 tem
700 1640 855 1710 patrimonii
873 1639 1004 1711 defuncti,
1022 1640 1123 1696 liberos
1141 1641 1169 1695 in
1187 1639 1322 1694 decimam
1340 1639 1428 1693 teneri
1439 1637 1497 1692 diui
1509 1637 1628 1694 Seuerus
1640 1643 1670 1694 et
1680 1638 1839 1694 Antoninus
1851 1641 2020 1709 rescdpsernut
2033 1657 2051 1698 u

626 1729 675 1785 sed
693 1735 723 1784 et
740 1730 829 1799 ipsum
847 1729 1007 1785 donatorem
1026 1745 1175 1800 pauperem
1192 1727 1296 1783 lactum
1319 1741 1354 1782 ex
1378 1728 1560 1796 promissione
1582 1729 1674 1799 operis
1696 1728 1788 1798 coepti
1810 1729 1926 1798 quintam
1942 1734 2021 1799 purten

625 1819 780 1888 patrimonii
798 1817 841 1873 sui
859 1817 959 1874 debere
977 1817 1058 1874 dium
1077 1819 1141 1874 Pius
1160 1817 1310 1874 constituit.

572 1903 610 1962 10
679 1909 756 1962 Iucu
779 1906 847 1962 libro
870 1907 958 1977 primo
981 1923 1182 1978 responsorum.
1223 1905 1345 1976 Septicia
1366 1911 1504 1962 certamen
1526 1906 1632 1978 patriae
1658 1921 1726 1962 sese
1752 1906 1904 1977 pollicendo
1923 1905 1968 1962 ¹snb
1986 1907 2051 1963 hsei

627 1996 786 2052 condicione
803 1996 924 2066 pollicita
942 2002 992 2066 cst,
1011 1997 1051 2052 uti
1070 2011 1130 2052 sors
1148 1996 1223 2066 apud
1241 2011 1301 2050 eam
1320 2001 1462 2052 remaneat
1479 1999 1508 2050 st
1525 1995 1586 2065 ipse
1604 2011 1702 2052 usuras
1720 1997 1876 2052 semissales
1887 1995 2023 2066 adpraenu

627 2085 789 2141 certantium
813 2085 959 2156 resoluat¹‚
985 2087 1013 2140 in
1036 2085 1105 2141 haec
1128 2084 1226 2141 uerba:
1250 2083 1441 2148 ’Φιλοτιοοοὶκοι
1469 2085 1507 2138 sai
1531 2087 1644 2156 κοθιερὼ
1670 2085 1760 2151 ismae
1783 2085 1969 2156 respaersprsbs
1988 2085 2054 2142 irio

627 2175 760 2246 stupidatos
780 2175 872 2246 τριὼτο,
896 2174 929 2229 τὸ
945 2173 994 2238 soi
1013 2176 1153 2238 sedabatur
1171 2173 1235 2236 airis
1255 2174 1396 2244 κοτὲχογοο
1414 2173 1533 2246 ipriproa
1552 2175 1591 2228 sai
1610 2173 1802 2238 &statuendas
1822 2175 1887 2246 napi
1904 2177 1952 2230 τοῖο
1967 2185 2023 2229 less·

626 2265 742 2336 npdrrotc
760 2262 900 2334 ὶῑιοχρὲωο
918 2263 957 2319 ἐπὶ
977 2266 1016 2332 τῷ
1035 2264 1120 2319 reseis
1138 2285 1170 2318 se
1189 2263 1237 2318 rba
1256 2262 1283 2318 ἐΞ
1301 2263 1381 2326 iocre
1398 2264 1479 2334 τρτώκ
1498 2263 1632 2334 oppilans
1651 2265 1744 2330 risos,
1765 2263 1982 2329 irmenderoisroc
1996 2267 2023 2319 ssi

626 2353 856 2426 uposstsroaiaor
874 2353 922 2415 τοῩ
939 2352 1038 2424 isbpbe
1057 2373 1114 2418 τοογ,
1134 2351 1173 2408 ἐπ’
1188 2351 1279 2416 οῨθιο*
1297 2351 1327 2406 οὲ
1345 2353 1401 2407 roba
1419 2351 1446 2406 ὲῑ
1464 2351 1529 2415 suoi
1548 2355 1787 2418 τεκκττθοτοοκέκωκ
1806 2355 1915 2408 risuros.
1938 2356 2023 2424 poploe

627 2443 657 2499 ti
681 2443 697 2499 b
718 2443 797 2498 rbaoc
821 2443 859 2498 sic
883 2442 914 2496 τὶ
936 2440 1002 2498 ieta
1024 2444 1080 2496 τῶτο
1106 2445 1264 2508 tractoriis.
1290 2441 1378 2497 κοθώο
1403 2441 1435 2496 iro
1458 2439 1502 2505 ἐφ’
1516 2442 1627 2506 isitres
1644 2442 1795 2498 delinaret
1822 2443 1836 2496 is
1862 2444 1937 2506 burlis
1957 2442 2024 2514 ipius.

627 2547 738 2603 quaero,
757 2547 792 2587 an
810 2539 926 2602 possunt
943 2533 1068 2588 iniuriam
1088 2533 1145 2602 pati
1163 2531 1211 2588 blll
1229 2531 1380 2602 Septiciae,
1399 2546 1454 2601 quo
1472 2532 1561 2586 minus
1579 2533 1632 2602 ipsi
1649 2531 1838 2602 praesiderent
1855 2533 1982 2587 certamini
1995 2547 2025 2586 se·
2036 2545 2055 2585 rs

627 2621 746 2678 cundum
765 2619 851 2676 uerba
867 2620 1109 2691 condicionemque
1131 2621 1343 2692 pollicitationis
1371 2621 1524 2676 Herennius
1541 2621 1711 2676 Modestinus
1732 2621 1888 2691 respoudit,
1911 2637 1958 2692 que
1977 2636 2025 2676 eam

627 2711 785 2768 certaminis
803 2709 887 2766 editio
905 2710 981 2766 licita
998 2716 1049 2780 cst,
1067 2708 1183 2767 sormam
1201 2711 1391 2782 pollicitationi
1409 2711 1503 2766 datam
1522 2709 1685 2766 seruandam
1704 2725 1776 2766 esse.

572 2801 608 2858 11
681 2801 758 2858 lnnn
776 2798 845 2856 libro
864 2813 935 2854 nouo
953 2799 1159 2870 pandectarum.
1196 2799 1225 2856 st
1243 2801 1305 2870 quis
1323 2799 1359 2856 ob
1377 2799 1507 2856 bonorem
1526 2799 1570 2854 uel
1593 2799 1777 2855 sacerdotium
1796 2801 1933 2870 pecuniam
1949 2795 2054 2869 pronlli

628 2891 695 2946 serit
713 2895 741 2946 et
759 2895 905 2960 autequam
924 2887 1054 2944 bonorem
1074 2889 1118 2944 uel
1138 2889 1326 2958 magistratum
1346 2890 1428 2958 ineat,
1447 2885 1571 2958 debedet,
1589 2903 1644 2944 nou
1656 2895 1783 2959 oportere
1797 2889 1908 2944 heredes
1919 2889 1970 2944 eius
1979 2903 2025 2942 con·

627 2980 715 3036 ueniri
733 2979 761 3034 in
778 2977 930 3049 pecuniam,
948 2993 1031 3047 quam
1049 2977 1073 3032 is
1091 2977 1128 3034 ob
1145 2977 1274 3034 bonorem
1293 2978 1338 3034 uel
1356 2979 1547 3046 magistratum
1561 2978 1732 3048 promiserat,
1750 2977 2027 3048 principalibuscomti·
2038 2988 2057 3027 ss

627 3067 780 3126 tutioribus
798 3071 919 3136 canetur,
939 3067 991 3122 nisi
1009 3065 1078 3122 forte
1096 3067 1132 3122 ab
1150 3082 1183 3123 eo
1201 3068 1245 3123 uel
1263 3067 1298 3123 ab
1316 3067 1377 3137 ipsa
1394 3081 1424 3121 re
1441 3065 1552 3136 publica
1570 3081 1602 3121 eo
1620 3067 1685 3122 uiuo
1704 3083 1774 3137 opus
1793 3065 1874 3122 luerit
1891 3065 2026 3144 inchoatum

572 3154 610 3213 12
680 3159 758 3213 lustr
775 3154 844 3212 libro
862 3153 1006 3210 undecimo
1024 3155 1229 3226 pandectarum.
1265 3157 1296 3212 ln
1320 3155 1435 3226 priuatis
1458 3155 1586 3226 operibus
1609 3157 1703 3211 inuitis
1724 3155 1768 3211 bia
1790 3157 1838 3226 qui
1860 3148 2056 3210 fenerantem-i

596 3251 690 3302 ltuas
708 3246 768 3301 aliis
791 3259 891 3316 ponere
915 3259 970 3300 uou
992 3260 1151 3316 possumus,
1174 3251 1207 3302 ut
1229 3245 1361 3316 rescripto
1385 3245 1442 3300 diui
1461 3243 1557 3300 Seueri
1579 3246 1742 3300 continetur.
1780 3245 1849 3300 Cum
1872 3244 1984 3314 quidam,
2003 3258 2028 3298 ue

627 3333 776 3392 honoribus
787 3332 956 3404 iungeretur,
969 3347 1039 3404 opus
1050 3335 1232 3405 promisisset:
1250 3333 1368 3390 bonores
1380 3333 1472 3391 subire
1484 3335 1639 3405 cogendum
1650 3349 1733 3404 quam
1746 3335 1838 3404 operis
1850 3334 2028 3390 instructionem

627 3425 709 3482 diuus
726 3423 888 3495 Antoninus,
898 3423 1047 3492 rescripsit.
2040 3431 2060 3470 ss

572 3511 609 3570 13
680 3513 819 3568 Parnuue
837 3512 943 3568 lnsrus
960 3511 1029 3568 libro
1048 3512 1169 3568 seeundo
1182 3512 1217 3568 de
1231 3511 1481 3569 constitutionibus.
1512 3514 1694 3583 Imperatores
1706 3511 1863 3568 Antoninus
1881 3502 2028 3596 Q
2039 3514 2069 3586 is

627 3607 656 3658 et
673 3597 765 3658 Uerus
780 3601 899 3672 Augusti
917 3603 1116 3671 rescripserunt
1133 3615 1217 3672 opera
1235 3606 1374 3657 exstruere
1393 3601 1494 3657 debere
1512 3617 1573 3672 eos,
1599 3602 1645 3672 qui
1662 3617 1712 3673 pre
1730 3601 1833 3658 honoro
1852 3601 1957 3672 polliciti
1972 3603 2029 3664 suut,

595 3701 608 3746 1
627 3707 682 3748 uon
699 3691 831 3763 pecunias
854 3703 903 3760 pro
926 3689 968 3744 bls
989 3688 1090 3746 inferre
1110 3691 1181 3760 cogi.
1218 3691 1286 3746 ltem
1309 3691 1507 3760 rescripserunt
1530 3691 1705 3747 condiciones
1727 3689 1920 3747 donationibus
1937 3681 2032 3770 “iffi

626 3779 744 3850 positas,
763 3793 835 3850 quse
852 3779 880 3834 iu
898 3793 956 3834 rem
975 3778 1111 3849 publicam
1130 3777 1211 3849 liunt,
1230 3779 1269 3834 ita
1287 3779 1397 3836 demum
1415 3785 1489 3835 ratas
1508 3795 1578 3850 esse,
1596 3781 1621 3836 si
1639 3781 1765 3835 utilitatis
1784 3779 1909 3850 publicae
1926 3779 2031 3833 interest:

627 3867 742 3938 quodsi
761 3867 910 3924 damnosae
929 3869 996 3938 sint,
1015 3867 1156 3924 obseruari
1174 3884 1228 3924 nou
1247 3867 1355 3924 debere.
1384 3875 1412 3924 et
1429 3869 1492 3924 ideo
1510 3885 1564 3924 non
1583 3868 1799 3937 obseruandum,
1819 3867 1892 3939 quod
1909 3865 2032 3921 defunctus
2045 3875 2065 3915 o

627 3962 702 4012 certa
720 3971 827 4012 summa
843 3957 936 4028 legata
952 3957 1042 4013 uetuit
1059 3958 1178 4028 uectigal
1197 3959 1327 4014 exerceri.
1355 3971 1417 4014 esse
1435 3958 1505 4014 euim
1525 3957 1684 4028 tolerabilia,
1703 3973 1775 4028 quae
1794 3964 1875 4013 uetus
1886 3953 2033 4012 cousuetudo
2101 3983 2106 3996 ·

627 4044 795 4114 comprobat.

571 4137 609 4194 14
678 4135 850 4190 Postremus
867 4133 936 4191 libro
954 4140 1033 4191 serto
1051 4135 1228 4206 epistularum
1247 4141 1276 4191 et
1293 4135 1429 4192 uenarum
1448 4137 1604 4192 lectionum.
1641 4135 1671 4192 Si
1683 4136 1745 4206 quis
1757 4137 1801 4190 sui
1814 4135 1928 4190 alieuius
1944 4129 2070 4188 bonorisl

626 4238 710 4278 causa
728 4237 799 4292 opus
816 4221 950 4278 facturum
969 4240 1000 4280 se
1017 4225 1046 4280 iu
1064 4225 1155 4295 aliqua
1172 4225 1284 4282 ciuitate
1302 4225 1465 4296 promiserit,
1483 4225 1519 4281 ad
1530 4224 1726 4295 perficiendum
1742 4231 1799 4279 tam
1812 4225 1872 4294 ipse
1883 4240 1961 4293 quam
1972 4223 2037 4276 beros

626 4313 686 4366 eius
704 4327 738 4367 ex
758 4313 953 4369 constitutione
971 4313 1029 4368 diui
1046 4313 1158 4370 Traiani
1176 4313 1314 4386 obligatus
1332 4319 1384 4371 est.
1410 4315 1461 4371 aed
1479 4317 1503 4370 si
1521 4316 1582 4386 quis
1606 4313 1642 4370 ob
1666 4313 1816 4370 bonorem⁵
1835 4327 1905 4384 opus
1921 4311 2038 4368 iacturum
2051 4318 2073 4360 ll

625 4409 818 4477 muruco)

627 4532 800 4588 ¹trieunlum
818 4535 920 4602 (Helii
958 4534 1187 4594 ,¹(iabiuorum
1200 4537 1302 4604 (Helii
1372 4538 1532 4608 'resoluatl
1550 4539 1589 4594 rei
1603 4537 1731 4608 publicae
1743 4537 1856 4594 soluat?
1924 4535 2040 4596 ‘setes

626 4603 812 4672 (Salmasius)?
881 4608 892 4642 ⁸
911 4605 946 4662 ob
964 4605 1095 4664 bonorem
1113 4610 1159 4664 del.
1178 4609 1223 4675 (d.
1238 4609 1268 4664 0.
1282 4608 1437 4678 merocles)

627 4736 796 4820 luulpianus]
810 4737 883 4793 idern
897 4739 931 4790 Ρ
985 4741 1100 4810 iproue
1113 4741 1148 4794 Ρ
1202 4741 1314 4810 dgaul·
1366 4742 1475 4798 toniuos
1494 4743 1532 4795 F’
1586 4743 1618 4796 17
1638 4741 1759 4797 debere
1779 4743 1817 4796 Γ*
1865 4743 1899 4798 18
1916 4753 2042 4810 responso·

625 4821 668 4861 ms
688 4809 713 4860 F
769 4809 940 4878 9perlioere
958 4811 986 4864 F
1049 4813 1082 4867 10
1102 4812 1274 4881 gauiuiorum
1293 4813 1320 4866 F
1366 4813 1435 4882 rum]
1462 4813 1498 4868 ad
1522 4813 1713 4884 municipalem
1739 4817 1776 4868 ΡΙ
1851 4815 1885 4870 19
1905 4809 2047 4884 praeusi

627 4879 661 4932 14
678 4885 805 4948 coeptum
825 4885 917 4936 est...
933 4883 966 4937 16
983 4881 1033 4938 sed
1049 4891 1109 4954 port
1127 4887 1158 4940 li
1172 4884 1314 4940 coustituit
1367 4884 1515 4940 bitriscus
1529 4885 1622 4938 om.F¹
1659 4886 1884 4955 25prosidereut
1897 4887 1930 4940 Ρ
1964 4882 2044 4940 aeus

626 4949 1046 5014 latetmsooloeorennoulv
1093 4955 1125 5009 14
1137 4953 1244 5011 liberati
1257 4956 1312 5026 Εἰ
1367 4957 1477 5011 reunius
1500 4955 1680 5026 modestinus]
1706 4959 1752 5022 Ρ,
1776 4957 1999 5028 hermogenianum
2013 4951 2043 5008 1Ὶ

625 5017 736 5078 fuerunt
749 5023 781 5078 Ρ
799 5023 991 5096 linquintsm]
1002 5025 1125 5095 quintam
1140 5027 1174 5078 Ρ
1222 5029 1312 5083 lbau·
1367 5029 1401 5083 39
1420 5028 1499 5098 quae]
1519 5029 1567 5097 qui
1585 5028 1620 5080 pr
1674 5029 1798 5086 tomen*
1811 5029 1913 5086 debere
1931 5029 1976 5084 Ρ·
