3614 5460
66 287 67 298 ι
107 263 156 310 nn
178 261 268 310 uses
290 261 464 310 oonnnnm
486 264 532 310 nn
555 257 670 312 nscsrs
782 239 868 320 823
1254 247 1449 316 XXXXVIII
1471 253 1547 317 101

74 402 196 456 lltcm¹
216 401 252 456 ob
270 401 457 457 instruendam
476 401 686 457 aduocationem
705 401 897 458 testimoniaue
920 404 1065 473 pecuniam
1089 405 1225 474 acceperit
1248 411 1382 474 pactusue
1404 405 1487 462 tuerit
1504 422 1548 463 so·

72 491 237 545 aciutatem
257 490 353 545 coierit
371 490 407 545 ad
425 490 622 559 obligationem
639 491 824 546 innocentium
832 492 853 560 ¹,
877 507 912 547 ex
935 498 1048 547 senatus
1072 494 1197 548 consulto
1216 498 1366 549 coercetur.
1403 494 1459 550 Sed
1477 499 1506 550 et
1524 497 1547 551 si
1647 515 1648 518 ¹
1743 513 1751 527 ·

107 579 171 647 quis
188 577 225 634 ob
242 579 454 636 renuntiandum
472 579 702 634 remittendumue
719 580 906 634 testimonium
926 580 1073 635 dicendum
1091 582 1134 636 uel
1153 597 1208 636 non
1226 582 1390 637 dicendum⁸
1402 585 1547 653 pecuniam

108 667 259 736 acceperit,
283 681 373 736 poena
390 668 460 738 legis
479 667 621 724 Corneliae
639 667 773 723 adiicitur.
800 668 894 738 etqui
911 668 1029 723 iudicem
1048 671 1200 740 corruperit
1218 671 1482 741 corrumpendumue
1500 687 1547 728 cu·

41 756 219 810 strauerit.
255 754 310 812 Sed
329 761 358 810 et
375 757 399 812 si
417 755 500 811 iudex
518 757 728 812 constitutiones
746 757 899 826 principum
923 757 1089 826 neglexerit,
1115 759 1236 828 punitur.
1274 759 1326 825 Qui
1348 761 1376 814 in
1394 761 1579 816 rationibuss

107 843 210 898 tabulis
228 853 336 899 oerisuc
353 845 398 899 uel
416 845 470 898 alia
488 859 544 914 qua
561 861 588 900 re
606 845 666 902 sine
685 846 892 914 consignatione
910 843 1009 900 salsum
1027 844 1143 902 iecerint
1161 847 1205 902 uel
1223 863 1280 902 rem
1300 837 1466 918 amouerint,
1485 865 1546 918 per·

107 932 173 987 inde
191 947 226 987 ex
244 931 287 988 his
305 933 412 1002 causis,
431 939 514 1002 atque
532 933 556 988 si
575 938 653 988 eraut
671 932 787 1004 falsarii,
811 935 969 1003 puniuntur.
997 935 1038 990 sic
1056 940 1084 989 et
1102 934 1183 990 diuus
1201 935 1321 992 Seuerus
1339 937 1401 1006 legs
1420 936 1546 992 Cornelia

107 1019 143 1076 de
160 1019 237 1076 salsis
255 1021 398 1076 damnauit
415 1020 584 1091 praetectum
603 1021 739 1094 Aegypti,
758 1022 833 1091 quod
851 1023 1041 1078 instrumentis
1059 1023 1130 1092 suis,
1154 1038 1216 1078 eum
1234 1030 1361 1094 praeerat
1378 1027 1544 1096 prouinciae,

41 1117 87 1164 ts
106 1107 206 1164 salsum
224 1108 299 1165 tecit.
335 1109 376 1180 ls,
395 1110 442 1180 qui
459 1110 598 1180 aperuerit
615 1111 673 1165 uiui
691 1115 901 1180 testamentum,
924 1112 994 1180 legis
1013 1111 1156 1166 Corneliae
1174 1127 1265 1182 poena
1282 1117 1399 1168 tenetur.
1435 1115 1475 1184 Is,
1498 1115 1545 1184 qui

105 1197 233 1268 deposita
250 1199 432 1254 instrumenta
450 1199 523 1268 apud
542 1199 625 1254 alium
644 1197 679 1254 ab
698 1214 732 1254 eo
750 1199 859 1269 prodita
881 1215 944 1255 csse
968 1199 1133 1255 aduersariis
1151 1199 1209 1255 suis
1227 1199 1307 1270 dicit,
1332 1217 1463 1257 accusare
1481 1217 1544 1258 oum
1564 1214 1593 1254 ro

71 1295 87 1341 t
105 1287 168 1344 salsi
185 1291 286 1358 potest
317 1286 378 1341 ‘Ad
396 1291 564 1342 wstamenta
581 1287 696 1342 militum
716 1295 828 1343 senatus
846 1289 1001 1346 consultum
1020 1291 1147 1359 pertinet,
1166 1304 1220 1358 quo
1238 1288 1300 1358 lege
1313 1289 1439 1345 Cornelia
1450 1296 1544 1347 tenen·

71 1383 86 1430 t
105 1381 159 1446 tar,
177 1376 225 1446 qui
243 1374 296 1430 sibi
313 1376 434 1445 legatum
453 1373 731 1432 fideicommissumue
749 1375 953 1447 adscripserint
983 1378 1057 1432 luter
1074 1375 1160 1432 filium
1179 1381 1208 1442 et
1220 1393 1329 1432 seruum
1342 1384 1371 1433 et
1384 1385 1544 1435 extraneum

104 1469 301 1520 maurontum
320 1464 472 1520 scribentes
490 1464 542 1520 boc
560 1465 688 1535 interest,
707 1465 781 1534 quod
799 1466 827 1520 in
846 1472 992 1536 extraneo,
1011 1467 1034 1520 si
1053 1465 1208 1535 specialiter
1226 1465 1391 1536 subscriptio
1410 1466 1484 1522 iacta
1501 1474 1545 1524 est

103 1552 187 1624 'quod
205 1554 243 1608 illi
261 1552 365 1608 dicunt
382 1560 412 1608 et
429 1552 594 1623 recognoui',
612 1569 702 1622 poena
720 1558 812 1608 cessat
829 1558 858 1610 et
875 1556 937 1625 capi
955 1559 1056 1624 potest,
1074 1555 1102 1608 in
1120 1551 1176 1608 filio
1193 1554 1239 1608 uel
1251 1569 1332 1609 seruo
1350 1555 1394 1610 uel
1407 1558 1543 1624 generalis

70 1650 85 1696 ι
104 1641 270 1712 subscriptio
288 1640 392 1697 sufficit
408 1647 437 1697 et
454 1642 490 1696 ad
508 1657 626 1712 poenum
644 1641 803 1697 sitiendam
822 1649 850 1698 et
868 1642 904 1698 ad
922 1642 1095 1712 capiendum.
1125 1643 1168 1696 Ex
1186 1643 1233 1712 illa
1250 1658 1360 1713 quoquc
1378 1659 1463 1698 causa
1481 1643 1543 1702 latei
1562 1656 1591 1698 ιι

103 1746 211 1803 poenae
229 1732 291 1801 quis
309 1729 442 1798 subicitur
459 1735 501 1797 (ut
518 1730 577 1786 dini
594 1745 705 1800 quoque
723 1729 843 1786 Seuerus
861 1737 890 1786 et
908 1731 1063 1786 Antoninus
1082 1730 1308 1800 constituerunt),
1333 1737 1364 1786 ut
1386 1737 1492 1788 tutores
1515 1739 1544 1789 ct

103 1827 246 1877 curatores
263 1825 293 1875 st
310 1820 356 1889 qui
375 1817 466 1875 otfioio
485 1819 611 1888 deposito
635 1834 690 1874 nou
713 1820 892 1876 restituerunt
909 1822 1024 1876 tutelam
1043 1821 1088 1876 uel
1106 1820 1276 1874 curationem
1300 1835 1363 1874 cum
1387 1819 1455 1876 fisco
1478 1835 1543 1876 con·

103 1909 213 1966 trabere
230 1923 285 1964 non
303 1908 411 1978 possint
428 1923 469 1977 ac,
488 1908 512 1963 si
530 1908 592 1976 quis
611 1907 745 1962 aduersus
763 1907 834 1962 banc
852 1909 941 1976 legem
960 1908 1116 1978 protectus·
1130 1908 1235 1963 aerario
1253 1906 1414 1978 obrepserit,
1433 1913 1465 1964 ut
1481 1925 1542 1978 per-

55 2003 84 2049 1⁰
102 1998 168 2056 inus
186 1998 323 2068 puniatur,
342 2013 375 2052 ac
394 1997 418 2072 si
436 1994 534 2051 falsum
553 1996 743 2052 commisisset.
772 1996 828 2052 Sed
846 1997 882 2052 ad
899 1997 960 2052 illos
978 1997 1031 2053 troc
1050 2013 1104 2052 nou
1122 1997 1241 2067 pertinet
1259 1999 1301 2060 (ut
1318 1996 1390 2052 idem
1409 1998 1542 2070 principes

102 2087 325 2157 rescripserunt),
350 2086 398 2156 qui
416 2089 563 2155 numquam
582 2085 697 2140 tutelam
715 2085 887 2154 susciperent
908 2085 976 2141 baec
998 2090 1156 2154 gesseruut:
1180 2101 1232 2140 nec
1256 2086 1328 2141 enim
1351 2087 1542 2141 excusationes
1561 2097 1590 2138 so

53 2181 82 2227 ιι
103 2173 288 2244 aelmisissoi,
312 2174 375 2236 sed.
385 2172 497 2230 fraudes
520 2173 681 2228 exclusisse.
717 2173 793 2229 idem
816 2175 953 2244 principes
976 2174 1175 2243 rescripserunt
1198 2174 1238 2230 itu
1260 2175 1369 2230 demum
1394 2191 1471 2246 eum,
1495 2175 1543 2245 qui
1560 2177 1641 2230 teet

102 2271 296 2342 rrxrsroo)

103 2399 113 2434 ¹
132 2397 180 2466 qni
199 2405 246 2450 ins.
267 2398 301 2458 (u.
316 2403 347 2448 t:
366 2396 434 2458 edd.)
516 2393 529 2429 ¹
546 2394 706 2449 societatem
726 2394 834 2449 coierit:
854 2393 929 2464 [item
948 2395 995 2464 qui
1013 2395 1118 2464 coierit]
1138 2395 1173 2449 ad
1193 2397 1394 2450 accusationem
1413 2396 1541 2450 innocen·

101 2469 172 2523 tium
191 2471 226 2532 (a.
241 2466 290 2533 tl?
376 2465 388 2500 ⁸
412 2465 448 2520 ob
471 2464 688 2520 denuntiandum
712 2466 757 2520 uel
781 2480 836 2521 non
859 2465 1076 2521 denuntiandum
1099 2466 1330 2522 remittendumue
1354 2467 1541 2522 testimouium

101 2539 254 2606 tortarius:
270 2559 295 2592 a.
309 2545 326 2590 ι.
344 2544 369 2591 et
386 2539 419 2610 cs.
439 2538 530 2601 ὒ.47,
544 2537 585 2602 13,
598 2538 646 2604 2ιῖ
716 2537 837 2592 ⁴Etiam
856 2545 903 2592 ins.
974 2535 1150 2607 ‘praefectis
1169 2537 1272 2604 (Hotll
1343 2539 1403 2592 ⁸se
1422 2547 1469 2592 ins.

100 2673 193 2728 tiones
205 2669 345 2726 faciendas
358 2669 550 2724 testimoniaue
562 2673 740 2733 (testamenta
751 2669 796 2725 uel
849 2672 867 2724 2
885 2669 920 2724 ad
939 2668 1133 2738 obligationem
1152 2669 1347 2738 innocentium]
1366 2668 1405 2754 [snt
1421 2671 1541 2754 rbere-

104 2743 180 2808 ooli.)
197 2741 267 2796 salsa
290 2741 407 2794 inuitem
429 2739 546 2794 dicenda
563 2745 611 2800 (sic
629 2744 644 2794 l.
657 2743 674 2794 9
688 2748 711 2794 et
725 2741 796 2804 Gau,
850 2741 930 2795 θεῑιιι
949 2741 1101 2812 aaruropiuu
1122 2741 1136 2794 ιί
1155 2742 1295 2812 ιιιρτγρίιιι
1316 2760 1378 2794 aare
1390 2743 1445 2794 ruba
1463 2760 1541 2805 uuer-

101 2813 174 2870 talsa
191 2811 361 2882 inspicienda
378 2814 394 2864 l.
408 2813 434 2876 1)
460 2817 508 2865 asrt
532 2811 720 2880 consignanda
737 2815 797 2876 taut
850 2812 940 2873 eison
951 2813 977 2866 B
988 2812 1096 2877 (Aaou.)
1150 2811 1215 2866 3ob
1229 2813 1439 2867 renuntiandum
1449 2813 1540 2867 remit·

102 2901 179 2941 cons.
194 2886 265 2946 (ioli,
283 2901 331 2937 om.
344 2886 359 2936 l.
374 2884 389 2936 1
402 2890 425 2936 ct
436 2885 451 2935 l.
464 2883 493 2948 9)
511 2882 574 2936 dolo
593 2883 665 2937 malo
682 2883 798 2937 coierint
849 2883 998 2938 teudumuc
1017 2883 1204 2938 testimonium
1218 2883 1364 2937 dicendum
1377 2885 1420 2938 uel
1434 2899 1487 2938 non
1500 2884 1540 2939 di·

102 2961 151 3021 (ιιι
169 2959 186 3010 l.
202 2958 228 3020 9,
253 2954 382 3010 obiecerit
405 2955 420 3006 l.
433 2954 463 3017 1,
488 2954 625 3008 tumuerit
648 2955 735 3020 ocul:
758 2962 796 3008 sic
850 2954 976 3022 cendum]
996 2952 1035 3008 tut
1049 2955 1088 3022 τῷ
1102 2955 1270 3024 aaruropt'rosr
1285 2953 1299 3007 ri
1313 2955 1347 3007 uri
1362 2955 1539 3025 aururopr'rcar,

102 3029 167 3082 boec
185 3027 263 3080 uerba
287 3026 386 3080 trudito
410 3033 554 3096 accepimus
572 3025 653 3078 tribus
671 3027 733 3077 locis
751 3026 796 3078 tt
850 3025 1006 3094 uuprrpircur
1026 3025 1040 3078 is
1061 3025 1094 3077 ιιιί
1113 3025 1270 3096 uuprrps‘roar
1291 3026 1317 3080 Β
1335 3028 1458 3092 (Aaou.):
1482 3046 1540 3079 cor-

102 3106 127 3154 et
144 3101 160 3151 t.
172 3099 190 3152 9
202 3097 227 3149 b.
238 3105 254 3150 t.
273 3103 296 3151 st
317 3096 379 3150 Coti.
390 3094 416 3157 8,
428 3095 453 3158 7,
468 3095 491 3147 1.
510 3096 580 3166 quod
594 3103 671 3164 posui
689 3095 795 3148 coeundi
847 3103 931 3166 ruptis
948 3097 1033 3149 uerbis
1045 3096 1120 3149 buius
1130 3099 1179 3150 toci
1192 3103 1316 3166 interpres
1327 3097 1456 3150 substituit
1467 3105 1539 3150 sirni-

101 3169 265 3232 uocubutum,
287 3172 421 3238 requirunt
443 3173 553 3218 mouture
575 3165 654 3219 uerba
676 3165 793 3219 inuicem
847 3169 884 3220 tia
902 3166 939 3218 D.
951 3167 994 3230 47,
1009 3166 1049 3228 13,
1062 3167 1094 3218 2:
1112 3165 1148 3220 ob
1166 3166 1350 3220 accusandum
1364 3167 1410 3220 uel
1422 3182 1476 3220 non
1495 3181 1540 3220 ue-

100 3237 228 3306 diceuda,
247 3257 312 3310 quoe
330 3239 439 3306 intetspt
455 3253 505 3288 non
522 3243 629 3306 possunt
646 3244 698 3290 nist
709 3237 740 3289 dr
750 3253 794 3290 so-
847 3236 1008 3302 ousandum,
1027 3235 1242 3292 denuntiandam
1255 3238 1299 3292 uel
1312 3253 1366 3292 non
1378 3237 1540 3292 denuntian-

100 3317 193 3366 cietote
212 3313 298 3380 aliquo
317 3307 497 3361 odoacarem
515 3313 665 3360 constituto:
688 3308 795 3377 denique
847 3307 912 3362 dum
932 3308 1118 3362 testimenium
1174 3309 1331 3363 Goereisue
1347 3310 1378 3362 F:
1397 3307 1426 3362 en
1441 3329 1539 3362 ιιικικι-

100 3381 211 3436 emundi
229 3379 377 3433 uocabulum
397 3377 453 3430 ideo
462 3379 537 3444 ferri
554 3395 605 3428 non
618 3383 708 3446 potest,
726 3377 796 3447 quod
847 3379 913 3433 bione
923 3377 1004 3450 repon
1014 3378 1099 3447 ἒχογιι
1113 3379 1158 3432 RS
1174 3382 1179 3444 Ι
1195 3380 1239 3432 uel
1252 3380 1306 3433 ιιΙίιι
1318 3395 1373 3448 qua
1385 3393 1414 3432 re
1425 3384 1484 3448 (reg
1494 3381 1539 3444 1²¹,

101 3453 237 3506 itasuttem
251 3449 445 3520 dicendamsutt
457 3445 793 3501 l'eoeritfaciendasueou·
847 3465 892 3503 res
911 3451 958 3515 Ρ)
982 3450 1041 3503 sine
1065 3451 1272 3518 consignatione
1290 3449 1539 3515 (consobrinatione

100 3519 345 3578 raneriteidixerit
352 3517 505 3573 dicendane
514 3518 652 3572 ourauerit
699 3519 793 3572 litem
848 3521 904 3588 Μ]
924 3519 968 3574 uel
986 3521 1077 3589 aliqua
1095 3522 1202 3576 actione
1214 3522 1260 3576 uel
1272 3521 1478 3588 consignatione
1489 3521 1539 3586 X·,

100 3593 138 3650 ob
150 3592 211 3664 rap]
230 3592 322 3662 lepis!
341 3597 407 3645 certe
423 3609 464 3660 pr.
478 3589 510 3658 ἐξ
525 3590 578 3642 1.2
595 3596 705 3660 apparet
716 3588 793 3642 Mur-
847 3592 892 3645 uel
910 3591 1049 3660 aliquare
1068 3592 1127 3645 siue
1146 3592 1185 3646 rei
1203 3607 1253 3646 sue
1271 3592 1315 3646 uel
1334 3593 1477 3660 sanguinei
1497 3592 1539 3656 17⁰,

99 3675 203 3720 cinnum
216 3663 252 3716 ud
262 3661 366 3716 nubum
377 3679 458 3730 paene
470 3667 634 3729 suscripsisse
646 3679 675 3713 rs
690 3659 795 3730 Ulpiani
847 3662 891 3716 uei
916 3662 1007 3730 aliqua
1029 3676 1059 3716 re
1083 3663 1142 3718 siue
1163 3663 1203 3716 rei
1221 3664 1280 3718 siue
1298 3663 1397 3730 suaugi
1415 3666 1473 3728 (sic)
1495 3661 1539 3726 Yi,

99 3737 167 3790 libro
182 3733 253 3787 Vll!
263 3733 294 3786 de
309 3735 395 3804 officio
406 3733 572 3801 procuratis,
591 3731 657 3783 unde
668 3749 732 3801 quoe
745 3729 794 3782 truc
847 3733 892 3788 uel
911 3733 1002 3802 aliqua
1020 3748 1049 3788 re
1068 3735 1127 3788 siue
1145 3734 1185 3788 rei
1203 3734 1262 3788 siue
1281 3734 1492 3801 consignatione
1507 3733 1538 3798 0,

97 3811 227 3878 pertinent
244 3810 349 3857 renota
366 3809 425 3855 sunt
443 3810 469 3854 iu
489 3801 551 3855 Coit
566 3800 591 3863 8,
607 3802 624 3854 7
644 3807 667 3854 et
684 3804 700 3854 l.
712 3802 730 3855 9
742 3800 793 3853 lut.
847 3804 892 3858 uel
910 3803 1118 3872 aliquaratione
1131 3805 1337 3874 consignatione
1350 3803 1414 3868 Mo,
1432 3805 1476 3858 uel
1490 3803 1537 3857 ali·

98 3883 230 3948 principio
249 3891 314 3944 quus
331 3873 481 3942 respondent
500 3890 555 3926 oum
572 3890 653 3940 supro
669 3873 793 3942 ispuntur,
847 3888 903 3942 qua
914 3877 1019 3928 ratione
1028 3873 1083 3928 X‘:
1097 3875 1111 3926 ir
1125 3874 1154 3928 'cu
1168 3875 1239 3942 illo)
1252 3875 1401 3942 nicosiense
1413 3875 1536 3945 npiruarr

99 3949 144 4002 bic
162 3947 346 4014 adscripsimus
364 3961 393 3996 er
414 3943 554 3996 Collatinus
571 3941 596 4005 8,
613 3943 639 4004 7,
655 3942 711 3995 23
746 3959 794 3994 uas
847 3946 966 4000 ntuonn
983 3946 1162 4016 cepas-iuuetur
1181 3947 1227 3999 BS
1244 3946 1343 4014 (Dos),
1360 3945 1390 3998 ὲκ
1408 3946 1538 4008 tortcuoic

96 4017 252 4087 respondent
272 4013 302 4084 §5
316 4015 340 4066 1.
353 4013 384 4066 2:
402 4013 469 4066 item
487 4013 534 4082 qui
552 4011 588 4096 ob
605 3959 792 4096 instruengam
896 4015 1075 4086 troparicrorc
1088 4017 1114 4070 B
1126 4019 1244 4080 (Aponi.
1262 4019 1295 4101 gs.
1312 4037 1337 4086 p.
1349 4017 1410 4079 827,
1423 4018 1457 4071 19
1473 4019 1477 4078 Ι
1492 4016 1537 4070 uel

99 4087 149 4153 (ob
160 4085 325 4170 struendam
345 4085 416 4149 iibri)
440 4083 648 4168 afluocatronem
671 4088 793 4166 testimo·
846 4088 1075 4192 remarpoueriut]
1092 4086 1347 4191 iupisrpuiocnursr
1359 4087 1407 4171 Bt?
1461 4087 1537 4141 lad-

96 4173 183 4286 titt
199 4155 793 4293 lltltffltlttil*titlttlttliltl
846 4158 1225 4300 llttltltitllin
1238 4157 1539 4296 tristities

97 4301 266 4356 delationem
284 4298 490 4366 interposuerit:
508 4297 573 4351 item
592 4296 675 4362 (idem
687 4297 757 4361 iibri)
770 4296 794 4350 si
846 4303 985 4384 (suprascr.
999 4299 1044 4353 uel
1056 4301 1153 4368 aperit)
1165 4299 1203 4362 X,
1220 4299 1352 4368 peruertit
1363 4298 1415 4362 Mi,
1426 4313 1537 4367 peruer-

97 4373 162 4444 quis
173 4371 270 4426 coierit
278 4369 313 4424 ad
322 4369 524 4432 accusationem
534 4373 582 4431 (tic
590 4387 620 4421 π
626 4367 704 4420 1)·47
704 4406 712 4430 s
720 4365 760 4430 13,
766 4369 791 4431 2,
845 4375 910 4425 tent
923 4370 965 4424 uel
979 4371 1116 4439 aperuerit
1129 4370 1160 4433 0,
1173 4371 1304 4438 peruertit
1317 4370 1360 4423 ucl
1373 4372 1481 4440 aperuit
1495 4373 1518 4425 0
1531 4376 1535 4436 Ι

97 4439 791 4506 occisionemebreicuocentium,senatusconsulto
844 4439 1032 4514 poena'o'ten.
1047 4439 1083 4494 F*
1120 4443 1152 4496 11
1165 4445 1333 4496 testamentu
1347 4441 1382 4493 Fi
1422 4441 1537 4496 tisibi⁴

96 4514 174 4582 cuod
193 4513 276 4568 Cotta
299 4517 327 4564 et
344 4511 472 4566 Messalla
494 4526 551 4564 cos.
570 4515 637 4574 (cos.
654 4529 701 4562 orn.
716 4509 792 4562 libri:
846 4513 883 4566 F’
899 4517 903 4577 Ι
919 4519 965 4566 *ct*
983 4517 1143 4566 extraneum
1162 4512 1200 4565 F’
1255 4510 1536 4580 relucta1lalsat¹

96 4605 167 4640 asino
184 4605 210 4653 p.
226 4583 287 4638 Cirr.
300 4583 345 4646 20)
363 4580 466 4636 fuctum
486 4585 529 4636 est
547 4584 715 4636 coercentur.
742 4578 793 4633 sed
847 4585 881 4638 15
893 4583 1077 4652 subscriptio
1090 4583 1127 4636 F’
1182 4583 1215 4636 1t
1234 4584 1335 4652 etqui]
1354 4582 1421 4637 ethi
1440 4584 1537 4652 quiF²
1633 4650 1634 4653 Ἴ

96 4661 127 4712 et
146 4655 250 4724 siquis
274 4652 310 4708 ob
332 4653 549 4708 denuntiandum
568 4649 792 4716 (nenundandum
848 4656 881 4710 18
899 4659 1016 4724 possunt
1040 4655 1101 4719 Fit
1121 4651 1269 4723 protectus]
1289 4655 1358 4718 FX·‚
1380 4654 1536 4722 praelectus

95 4729 169 4792 libri)
194 4726 237 4780 uel
263 4739 316 4779 non
344 4723 559 4778 denuntiandum
586 4722 792 4788 (denudandum
845 4725 1011 4780 X‘YMOG:
1030 4723 1174 4796 Huyoltnus
1191 4733 1263 4780 notat
1281 4734 1307 4778 in
1319 4726 1372 4779 cod.
1385 4725 1417 4779 X
1427 4729 1470 4796 (qt
1484 4727 1536 4779 Su·

96 4814 154 4854 non
172 4797 244 4862 libri)
261 4795 491 4850 remittendumue
506 4795 691 4850 testimonium
710 4809 792 4863 pecu·
845 4805 905 4869 otpu
937 4797 1065 4860 Gessit,
1079 4795 1139 4862 66):
1158 4796 1198 4849 sic
1216 4802 1258 4851 est
1276 4797 1303 4850 in
1321 4795 1391 4850 libro
1404 4796 1425 4848 B
1440 4797 1535 4865 elgari]

96 4871 172 4924 niam
192 4867 337 4940 acceperit,
356 4867 617 4934 senatusconsulto,
633 4863 706 4934 quod
725 4865 792 4920 duo·
846 4873 874 4922 et
892 4817 1053 4936 dualltredi]
1077 4870 1107 4920 et
1124 4865 1268 4935 Rog[erii]:
1292 4866 1341 4921 sed
1364 4867 1392 4919 in
1413 4867 1431 4920 li
1452 4867 1535 4922 roal.

97 4941 152 4996 bus
164 4939 288 4995 Geminis
303 4951 359 4993 eos.
373 4939 450 5005 (anno
462 4957 488 5007 p.
500 4938 561 4992 Cirr.
569 4938 615 5002 29)
634 4935 736 4992 tactum
750 4941 794 4990 est
845 4935 984 5007 protectus
1018 4938 1123 5006 errari,
1154 4937 1184 4992 id
1216 4942 1260 4992 est
1289 4943 1450 5008 procurator
1475 4935 1536 4992 tisoi

96 5011 148 5081 (sit
173 5011 259 5082 lits-t),
289 5024 379 5081 poena
407 5009 478 5080 legis
505 5007 647 5064 Corneliae
674 5005 793 5063 afficitur
848 5011 881 5066 19
899 5008 935 5064 ad
953 5029 1001 5066 om.
1015 5009 1050 5063 ΕΙ
1068 5013 1073 5078 Ι
1088 5009 1215 5080 princeps
1234 5010 1260 5062 F
1306 5010 1341 5064 21
1358 5008 1486 5079 princeps
1499 5008 1534 5061 l*¹
