<?xml version="1.0" encoding="UTF-8"?>
<!DOCTYPE html PUBLIC "-//W3C//DTD XHTML 1.0 Transitional//EN"
    "http://www.w3.org/TR/xhtml1/DTD/xhtml1-transitional.dtd">
<html xmlns="http://www.w3.org/1999/xhtml" xml:lang="en" lang="en">
 <head>
  <title>
</title>
<meta http-equiv="Content-Type" content="text/html;charset=utf-8" />
  <meta name='ocr-system' content='tesseract 3.04.00' />
  <meta name='ocr-capabilities' content='ocr_page ocr_carea ocr_par ocr_line ocrx_word'/>
</head>
<body>
  <div class='ocr_page' id='page_1' title='image "./digestaiustinia00kruegoog_0569.png"; bbox 0 0 3644 5460; ppageno 0'>
   <div class='ocr_carea' id='block_1_1' title="bbox 237 271 1661 354">
    <p class='ocr_par' dir='ltr' id='par_1_1' title="bbox 237 271 1661 354">
     <span class='ocr_line' id='line_1_1' title="bbox 237 271 1661 354; baseline -0.001 -7"><span class='ocrx_word' id='word_1_1' title='bbox 237 280 387 348; x_wconf 84' lang='lat' dir='ltr'><strong>llllllllll</strong></span> <span class='ocrx_word' id='word_1_2' title='bbox 407 281 428 346; x_wconf 87' lang='lat'>5</span> <span class='ocrx_word' id='word_1_3' title='bbox 449 288 563 344; x_wconf 80' lang='lat'><strong>28-32</strong></span> <span class='ocrx_word' id='word_1_4' title='bbox 908 271 996 354; x_wconf 87' lang='lat'><strong>554</strong></span> <span class='ocrx_word' id='word_1_5' title='bbox 1146 297 1192 344; x_wconf 86' lang='lat' dir='ltr'><strong>nn</strong></span> <span class='ocrx_word' id='word_1_6' title='bbox 1207 295 1316 344; x_wconf 82' lang='lat' dir='ltr'><strong>nuens</strong></span> <span class='ocrx_word' id='word_1_7' title='bbox 1331 295 1433 346; x_wconf 73' lang='lat' dir='ltr'><strong>enon.</strong></span> <span class='ocrx_word' id='word_1_8' title='bbox 1449 297 1524 348; x_wconf 80' lang='lat' dir='ltr'><strong>run.</strong></span> <span class='ocrx_word' id='word_1_9' title='bbox 1539 297 1661 346; x_wconf 78' lang='lat' dir='ltr'><strong>cossru.</strong></span> 
     </span>
    </p>
   </div>
   <div class='ocr_carea' id='block_1_2' title="bbox 120 434 1806 4076">
    <p class='ocr_par' dir='ltr' id='par_1_2' title="bbox 237 434 1663 508">
     <span class='ocr_line' id='line_1_2' title="bbox 237 434 1663 508; baseline -0.001 -14"><span class='ocrx_word' id='word_1_10' title='bbox 237 437 310 494; x_wconf 81' lang='lat' dir='ltr'><strong>bons</strong></span> <span class='ocrx_word' id='word_1_11' title='bbox 333 439 418 508; x_wconf 88' lang='lat' dir='ltr'><strong>patris</strong></span> <span class='ocrx_word' id='word_1_12' title='bbox 442 439 599 494; x_wconf 87' lang='lat' dir='ltr'><strong>uenierunt:</strong></span> <span class='ocrx_word' id='word_1_13' title='bbox 623 441 721 508; x_wconf 81' lang='lat' dir='ltr'><strong>poetes</strong></span> <span class='ocrx_word' id='word_1_14' title='bbox 743 436 799 492; x_wconf 88' lang='lat' dir='ltr'><strong>lilio</strong></span> <span class='ocrx_word' id='word_1_15' title='bbox 822 435 959 492; x_wconf 79' lang='lat' dir='ltr'><strong>hereditas</strong></span> <span class='ocrx_word' id='word_1_16' title='bbox 983 435 1108 506; x_wconf 89' lang='lat' dir='ltr'><strong>obuenit,</strong></span> <span class='ocrx_word' id='word_1_17' title='bbox 1132 450 1188 504; x_wconf 82' lang='lat' dir='ltr'><strong>qua</strong></span> <span class='ocrx_word' id='word_1_18' title='bbox 1210 434 1285 492; x_wconf 82' lang='lat' dir='ltr'><strong>adite</strong></span> <span class='ocrx_word' id='word_1_19' title='bbox 1305 435 1434 492; x_wconf 82' lang='lat' dir='ltr'><strong>decessit</strong></span> <span class='ocrx_word' id='word_1_20' title='bbox 1463 451 1583 506; x_wconf 83' lang='lat' dir='ltr'><strong>quaero,</strong></span> <span class='ocrx_word' id='word_1_21' title='bbox 1605 452 1663 492; x_wconf 90' lang='lat' dir='ltr'><strong>cum</strong></span> 
     </span>
    </p>

    <p class='ocr_par' dir='ltr' id='par_1_3' title="bbox 237 523 1665 598">
     <span class='ocr_line' id='line_1_3' title="bbox 237 523 1665 598; baseline 0 -16"><span class='ocrx_word' id='word_1_22' title='bbox 237 531 347 598; x_wconf 86' lang='lat' dir='ltr'><strong>praetor</strong></span> <span class='ocrx_word' id='word_1_23' title='bbox 364 528 393 583; x_wconf 92' lang='lat' dir='ltr'><strong>in</strong></span> <span class='ocrx_word' id='word_1_24' title='bbox 410 528 500 598; x_wconf 90' lang='lat' dir='ltr'><strong>ipsum</strong></span> <span class='ocrx_word' id='word_1_25' title='bbox 518 527 659 598; x_wconf 87' lang='lat' dir='ltr'><strong>pupillum,</strong></span> <span class='ocrx_word' id='word_1_26' title='bbox 678 527 804 597; x_wconf 87' lang='lat' dir='ltr'><strong>quamuis</strong></span> <span class='ocrx_word' id='word_1_27' title='bbox 824 531 922 596; x_wconf 86' lang='lat' dir='ltr'><strong>postea</strong></span> <span class='ocrx_word' id='word_1_28' title='bbox 938 523 1076 580; x_wconf 86' lang='lat' dir='ltr'><strong>hereditas</strong></span> <span class='ocrx_word' id='word_1_29' title='bbox 1093 523 1260 594; x_wconf 89' lang='lat' dir='ltr'><strong>obuenisset,</strong></span> <span class='ocrx_word' id='word_1_30' title='bbox 1278 523 1458 581; x_wconf 88' lang='lat' dir='ltr'><strong>oreditoribus</strong></span> <span class='ocrx_word' id='word_1_31' title='bbox 1475 529 1572 581; x_wconf 88' lang='lat' dir='ltr'><strong>tamen</strong></span> <span class='ocrx_word' id='word_1_32' title='bbox 1583 525 1665 596; x_wconf 74' lang='lat' dir='ltr'><strong>pahis</strong></span> 
     </span>
    </p>

    <p class='ocr_par' dir='ltr' id='par_1_4' title="bbox 236 613 1666 776">
     <span class='ocr_line' id='line_1_4' title="bbox 237 613 1666 686; baseline -0.001 -14"><span class='ocrx_word' id='word_1_33' title='bbox 237 616 372 674; x_wconf 83' lang='lat' dir='ltr'><strong>sotionem</strong></span> <span class='ocrx_word' id='word_1_34' title='bbox 390 631 446 671; x_wconf 91' lang='lat' dir='ltr'><strong>uon</strong></span> <span class='ocrx_word' id='word_1_35' title='bbox 463 616 556 686; x_wconf 88' lang='lat' dir='ltr'><strong>deret,</strong></span> <span class='ocrx_word' id='word_1_36' title='bbox 581 632 617 671; x_wconf 84' lang='lat' dir='ltr'><strong>un</strong></span> <span class='ocrx_word' id='word_1_37' title='bbox 634 617 662 671; x_wconf 93' lang='lat' dir='ltr'><strong>in</strong></span> <span class='ocrx_word' id='word_1_38' title='bbox 681 613 860 670; x_wconf 75' lang='lat' dir='ltr'><strong>subsdtntnm</strong></span> <span class='ocrx_word' id='word_1_39' title='bbox 878 613 1058 670; x_wconf 88' lang='lat' dir='ltr'><strong>creditoribus</strong></span> <span class='ocrx_word' id='word_1_40' title='bbox 1075 615 1162 684; x_wconf 85' lang='lat' dir='ltr'><strong>patris</strong></span> <span class='ocrx_word' id='word_1_41' title='bbox 1179 613 1271 670; x_wconf 86' lang='lat' dir='ltr'><strong>danda</strong></span> <span class='ocrx_word' id='word_1_42' title='bbox 1288 614 1325 669; x_wconf 88' lang='lat' dir='ltr'><strong>sit</strong></span> <span class='ocrx_word' id='word_1_43' title='bbox 1342 615 1428 684; x_wconf 88' lang='lat' dir='ltr'><strong>actio,</strong></span> <span class='ocrx_word' id='word_1_44' title='bbox 1453 629 1517 670; x_wconf 90' lang='lat' dir='ltr'><strong>cum</strong></span> <span class='ocrx_word' id='word_1_45' title='bbox 1537 629 1573 670; x_wconf 88' lang='lat' dir='ltr'><strong>ex</strong></span> <span class='ocrx_word' id='word_1_46' title='bbox 1590 613 1666 672; x_wconf 90' lang='lat' dir='ltr'><strong>bonis</strong></span> 
     </span>
     <span class='ocr_line' id='line_1_5' title="bbox 236 701 1666 776; baseline -0.001 -16"><span class='ocrx_word' id='word_1_47' title='bbox 236 705 366 776; x_wconf 84' lang='lat' dir='ltr'><strong>paternis,</strong></span> <span class='ocrx_word' id='word_1_48' title='bbox 384 719 456 774; x_wconf 81' lang='lat' dir='ltr'><strong>quae</strong></span> <span class='ocrx_word' id='word_1_49' title='bbox 473 706 578 760; x_wconf 91' lang='lat' dir='ltr'><strong>scilicet</strong></span> <span class='ocrx_word' id='word_1_50' title='bbox 595 704 630 759; x_wconf 85' lang='lat' dir='ltr'><strong>ad</strong></span> <span class='ocrx_word' id='word_1_51' title='bbox 649 703 798 760; x_wconf 89' lang='lat' dir='ltr'><strong>creditores</strong></span> <span class='ocrx_word' id='word_1_52' title='bbox 816 705 915 760; x_wconf 89' lang='lat' dir='ltr'><strong>missos</strong></span> <span class='ocrx_word' id='word_1_53' title='bbox 934 713 961 757; x_wconf 79' lang='lat' dir='ltr'><strong>er</strong></span> <span class='ocrx_word' id='word_1_54' title='bbox 979 702 1052 759; x_wconf 88' lang='lat' dir='ltr'><strong>boue</strong></span> <span class='ocrx_word' id='word_1_55' title='bbox 1068 702 1215 773; x_wconf 85' lang='lat' dir='ltr'><strong>pertinent,</strong></span> <span class='ocrx_word' id='word_1_56' title='bbox 1232 701 1298 758; x_wconf 91' lang='lat' dir='ltr'><strong>nihil</strong></span> <span class='ocrx_word' id='word_1_57' title='bbox 1316 702 1443 774; x_wconf 85' lang='lat' dir='ltr'><strong>adquirat</strong></span> <span class='ocrx_word' id='word_1_58' title='bbox 1460 706 1490 758; x_wconf 90' lang='lat' dir='ltr'><strong>et</strong></span> <span class='ocrx_word' id='word_1_59' title='bbox 1507 718 1572 760; x_wconf 91' lang='lat' dir='ltr'><strong>cnm</strong></span> <span class='ocrx_word' id='word_1_60' title='bbox 1583 703 1666 760; x_wconf 87' lang='lat' dir='ltr'><strong>credi-</strong></span> 
     </span>
    </p>

    <p class='ocr_par' dir='ltr' id='par_1_5' title="bbox 237 789 1696 864">
     <span class='ocr_line' id='line_1_6' title="bbox 237 789 1696 864; baseline -0.001 -14"><span class='ocrx_word' id='word_1_61' title='bbox 237 798 311 850; x_wconf 90' lang='lat' dir='ltr'><strong>tores</strong></span> <span class='ocrx_word' id='word_1_62' title='bbox 329 792 394 849; x_wconf 87' lang='lat' dir='ltr'><strong>nihil</strong></span> <span class='ocrx_word' id='word_1_63' title='bbox 412 794 478 850; x_wconf 86' lang='lat' dir='ltr'><strong>iuris</strong></span> <span class='ocrx_word' id='word_1_64' title='bbox 496 795 524 850; x_wconf 91' lang='lat' dir='ltr'><strong>in</strong></span> <span class='ocrx_word' id='word_1_65' title='bbox 542 794 621 850; x_wconf 88' lang='lat' dir='ltr'><strong>honis</strong></span> <span class='ocrx_word' id='word_1_66' title='bbox 639 793 734 863; x_wconf 91' lang='lat' dir='ltr'><strong>pupilli</strong></span> <span class='ocrx_word' id='word_1_67' title='bbox 751 791 896 848; x_wconf 80' lang='lat' dir='ltr'><strong>habuerint</strong></span> <span class='ocrx_word' id='word_1_68' title='bbox 913 805 1061 858; x_wconf 80' lang='lat' dir='ltr'><strong>eorumque</strong></span> <span class='ocrx_word' id='word_1_69' title='bbox 1079 791 1146 846; x_wconf 89' lang='lat' dir='ltr'><strong>nihil</strong></span> <span class='ocrx_word' id='word_1_70' title='bbox 1164 789 1324 862; x_wconf 77' lang='lat' dir='ltr'>interfuerit,</span> <span class='ocrx_word' id='word_1_71' title='bbox 1342 791 1464 848; x_wconf 81' lang='lat' dir='ltr'><strong>adiretur</strong></span> <span class='ocrx_word' id='word_1_72' title='bbox 1475 789 1564 849; x_wconf 79' lang='lat' dir='ltr'><strong>neone</strong></span> <span class='ocrx_word' id='word_1_73' title='bbox 1575 793 1696 864; x_wconf 72' lang='lat' dir='ltr'><strong>pupillit</strong></span> 
     </span>
    </p>

    <p class='ocr_par' dir='ltr' id='par_1_6' title="bbox 237 880 1667 952">
     <span class='ocr_line' id='line_1_7' title="bbox 237 880 1667 952; baseline -0.001 -14"><span class='ocrx_word' id='word_1_74' title='bbox 237 883 383 952; x_wconf 79' lang='lat' dir='ltr'><strong>heredites,</strong></span> <span class='ocrx_word' id='word_1_75' title='bbox 402 898 465 938; x_wconf 88' lang='lat' dir='ltr'><strong>cum</strong></span> <span class='ocrx_word' id='word_1_76' title='bbox 483 897 517 938; x_wconf 90' lang='lat' dir='ltr'><strong>ea</strong></span> <span class='ocrx_word' id='word_1_77' title='bbox 533 882 607 939; x_wconf 92' lang='lat' dir='ltr'><strong>bona</strong></span> <span class='ocrx_word' id='word_1_78' title='bbox 624 883 728 939; x_wconf 90' lang='lat' dir='ltr'><strong>omissa</strong></span> <span class='ocrx_word' id='word_1_79' title='bbox 746 898 763 936; x_wconf 83' lang='lat' dir='ltr'><strong>u</strong></span> <span class='ocrx_word' id='word_1_80' title='bbox 780 881 931 938; x_wconf 88' lang='lat' dir='ltr'><strong>substituto</strong></span> <span class='ocrx_word' id='word_1_81' title='bbox 948 881 1099 938; x_wconf 88' lang='lat' dir='ltr'><strong>hereditate</strong></span> <span class='ocrx_word' id='word_1_82' title='bbox 1117 881 1153 936; x_wconf 81' lang='lat' dir='ltr'><strong>ed</strong></span> <span class='ocrx_word' id='word_1_83' title='bbox 1171 880 1319 937; x_wconf 72' lang='lat' dir='ltr'><strong>creditores</strong></span> <span class='ocrx_word' id='word_1_84' title='bbox 1336 895 1392 936; x_wconf 92' lang='lat' dir='ltr'><strong>non</strong></span> <span class='ocrx_word' id='word_1_85' title='bbox 1409 880 1595 952; x_wconf 76' lang='lat' dir='ltr'><strong>pertinebant</strong></span> <span class='ocrx_word' id='word_1_86' title='bbox 1624 895 1667 937; x_wconf 88' lang='lat' dir='ltr'><strong>me</strong></span> 
     </span>
    </p>

    <p class='ocr_par' dir='ltr' id='par_1_7' title="bbox 236 970 1667 1042">
     <span class='ocr_line' id='line_1_8' title="bbox 236 970 1667 1042; baseline -0.001 -14"><span class='ocrx_word' id='word_1_87' title='bbox 236 972 304 1029; x_wconf 91' lang='lat' dir='ltr'><strong>illud</strong></span> <span class='ocrx_word' id='word_1_88' title='bbox 321 973 439 1028; x_wconf 85' lang='lat' dir='ltr'><strong>maxime</strong></span> <span class='ocrx_word' id='word_1_89' title='bbox 457 977 565 1042; x_wconf 90' lang='lat' dir='ltr'><strong>mouet,</strong></span> <span class='ocrx_word' id='word_1_90' title='bbox 583 971 658 1042; x_wconf 91' lang='lat' dir='ltr'><strong>quod</strong></span> <span class='ocrx_word' id='word_1_91' title='bbox 675 971 898 1042; x_wconf 74' lang='lat' dir='ltr'><strong>praeceptoribus</strong></span> <span class='ocrx_word' id='word_1_92' title='bbox 916 971 970 1026; x_wconf 86' lang='lat' dir='ltr'><strong>tuis</strong></span> <span class='ocrx_word' id='word_1_93' title='bbox 988 971 1080 1041; x_wconf 84' lang='lat' dir='ltr'><strong>plucet</strong></span> <span class='ocrx_word' id='word_1_94' title='bbox 1097 985 1180 1026; x_wconf 88' lang='lat' dir='ltr'><strong>uuum</strong></span> <span class='ocrx_word' id='word_1_95' title='bbox 1198 984 1261 1026; x_wconf 88' lang='lat' dir='ltr'><strong>esse</strong></span> <span class='ocrx_word' id='word_1_96' title='bbox 1278 973 1483 1026; x_wconf 87' lang='lat' dir='ltr'><strong>testamentum.</strong></span> <span class='ocrx_word' id='word_1_97' title='bbox 1513 970 1667 1042; x_wconf 85' lang='lat' dir='ltr'><strong>respoudit:</strong></span> 
     </span>
    </p>

    <p class='ocr_par' dir='ltr' id='par_1_8' title="bbox 237 1049 1806 1133">
     <span class='ocr_line' id='line_1_9' title="bbox 237 1049 1806 1133; baseline -0.003 -15"><span class='ocrx_word' id='word_1_98' title='bbox 237 1062 311 1133; x_wconf 85' lang='lat' dir='ltr'><strong>qnod</strong></span> <span class='ocrx_word' id='word_1_99' title='bbox 328 1065 438 1133; x_wconf 85' lang='lat' dir='ltr'><strong>praetor</strong></span> <span class='ocrx_word' id='word_1_100' title='bbox 455 1049 519 1130; x_wconf 89' lang='lat' dir='ltr'><strong>lilio,</strong></span> <span class='ocrx_word' id='word_1_101' title='bbox 538 1061 585 1130; x_wconf 85' lang='lat' dir='ltr'><strong>qui</strong></span> <span class='ocrx_word' id='word_1_102' title='bbox 603 1076 620 1115; x_wconf 83' lang='lat' dir='ltr'><strong>a</strong></span> <span class='ocrx_word' id='word_1_103' title='bbox 637 1064 752 1130; x_wconf 84' lang='lat' dir='ltr'><strong>paterna</strong></span> <span class='ocrx_word' id='word_1_104' title='bbox 769 1059 921 1115; x_wconf 86' lang='lat' dir='ltr'><strong>hereditate</strong></span> <span class='ocrx_word' id='word_1_105' title='bbox 933 1073 964 1114; x_wconf 91' lang='lat' dir='ltr'><strong>se</strong></span> <span class='ocrx_word' id='word_1_106' title='bbox 975 1058 1102 1130; x_wconf 81' lang='lat' dir='ltr'><strong>obstinet,</strong></span> <span class='ocrx_word' id='word_1_107' title='bbox 1120 1063 1251 1130; x_wconf 81' lang='lat' dir='ltr'><strong>praestet,</strong></span> <span class='ocrx_word' id='word_1_108' title='bbox 1269 1073 1304 1114; x_wconf 93' lang='lat' dir='ltr'><strong>ne</strong></span> <span class='ocrx_word' id='word_1_109' title='bbox 1315 1057 1395 1115; x_wconf 91' lang='lat' dir='ltr'><strong>bonis</strong></span> <span class='ocrx_word' id='word_1_110' title='bbox 1406 1059 1492 1130; x_wconf 82' lang='lat' dir='ltr'><strong>patris</strong></span> <span class='ocrx_word' id='word_1_111' title='bbox 1506 1059 1517 1130; x_wconf 89' lang='grc' dir='ltr'>Ι</span> <span class='ocrx_word' id='word_1_112' title='bbox 1530 1059 1592 1116; x_wconf 88' lang='lat' dir='ltr'><strong>eius</strong></span> <span class='ocrx_word' id='word_1_113' title='bbox 1603 1075 1667 1116; x_wconf 89' lang='lat' dir='ltr'><strong>neu-</strong></span> <span class='ocrx_word' id='word_1_114' title='bbox 1683 1065 1718 1114; x_wconf 87' lang='lat' dir='ltr'><strong>t.</strong></span> <span class='ocrx_word' id='word_1_115' title='bbox 1765 1062 1806 1116; x_wconf 79' lang='lat' dir='ltr'><strong>tlt</strong></span> 
     </span>
    </p>

    <p class='ocr_par' dir='ltr' id='par_1_9' title="bbox 237 1137 1666 1220">
     <span class='ocr_line' id='line_1_10' title="bbox 237 1147 1666 1220; baseline -0.002 -12"><span class='ocrx_word' id='word_1_116' title='bbox 237 1151 301 1208; x_wconf 89' lang='lat' dir='ltr'><strong>ditis</strong></span> <span class='ocrx_word' id='word_1_117' title='bbox 319 1152 347 1206; x_wconf 92' lang='lat' dir='ltr'><strong>in</strong></span> <span class='ocrx_word' id='word_1_118' title='bbox 365 1165 427 1206; x_wconf 92' lang='lat' dir='ltr'><strong>eum</strong></span> <span class='ocrx_word' id='word_1_119' title='bbox 446 1149 518 1206; x_wconf 85' lang='lat' dir='ltr'><strong>actio</strong></span> <span class='ocrx_word' id='word_1_120' title='bbox 531 1148 619 1219; x_wconf 91' lang='lat' dir='ltr'><strong>detur,</strong></span> <span class='ocrx_word' id='word_1_121' title='bbox 639 1150 766 1206; x_wconf 85' lang='lat' dir='ltr'><strong>¹tametsi</strong></span> <span class='ocrx_word' id='word_1_122' title='bbox 778 1153 875 1220; x_wconf 83' lang='lat' dir='ltr'><strong>postes</strong></span> <span class='ocrx_word' id='word_1_123' title='bbox 886 1149 912 1203; x_wconf 91' lang='lat' dir='ltr'><strong>ei</strong></span> <span class='ocrx_word' id='word_1_124' title='bbox 923 1147 1062 1204; x_wconf 79' lang='lat' dir='ltr'><strong>hereditas</strong></span> <span class='ocrx_word' id='word_1_125' title='bbox 1074 1147 1194 1218; x_wconf 88' lang='lat' dir='ltr'><strong>obuenit,</strong></span> <span class='ocrx_word' id='word_1_126' title='bbox 1211 1147 1391 1204; x_wconf 85' lang='lat' dir='ltr'><strong>creditoribus</strong></span> <span class='ocrx_word' id='word_1_127' title='bbox 1402 1163 1457 1206; x_wconf 92' lang='lat' dir='ltr'><strong>non</strong></span> <span class='ocrx_word' id='word_1_128' title='bbox 1469 1148 1577 1219; x_wconf 84' lang='lat' dir='ltr'><strong>reddat,</strong></span> <span class='ocrx_word' id='word_1_129' title='bbox 1595 1148 1666 1205; x_wconf 73' lang='lat' dir='ltr'><strong>iden</strong></span> 
     </span>
    </p>

    <p class='ocr_par' dir='ltr' id='par_1_10' title="bbox 236 1235 1768 1309">
     <span class='ocr_line' id='line_1_11' title="bbox 236 1235 1768 1309; baseline -0.005 -13"><span class='ocrx_word' id='word_1_130' title='bbox 236 1242 265 1296; x_wconf 92' lang='lat' dir='ltr'><strong>in</strong></span> <span class='ocrx_word' id='word_1_131' title='bbox 282 1239 432 1296; x_wconf 87' lang='lat' dir='ltr'><strong>substituto</strong></span> <span class='ocrx_word' id='word_1_132' title='bbox 449 1235 506 1294; x_wconf 89' lang='lat' dir='ltr'><strong>filio</strong></span> <span class='ocrx_word' id='word_1_133' title='bbox 524 1237 625 1294; x_wconf 89' lang='lat' dir='ltr'><strong>herede</strong></span> <span class='ocrx_word' id='word_1_134' title='bbox 643 1237 809 1294; x_wconf 83' lang='lat' dir='ltr'><strong>ceruendum</strong></span> <span class='ocrx_word' id='word_1_135' title='bbox 827 1252 882 1294; x_wconf 91' lang='lat' dir='ltr'><strong>uon</strong></span> <span class='ocrx_word' id='word_1_136' title='bbox 899 1241 951 1305; x_wconf 86' lang='lat' dir='ltr'><strong>est,</strong></span> <span class='ocrx_word' id='word_1_137' title='bbox 969 1237 1097 1306; x_wconf 85' lang='lat' dir='ltr'><strong>quoniam</strong></span> <span class='ocrx_word' id='word_1_138' title='bbox 1115 1235 1163 1294; x_wconf 88' lang='lat' dir='ltr'><strong>lilii</strong></span> <span class='ocrx_word' id='word_1_139' title='bbox 1179 1237 1277 1308; x_wconf 90' lang='lat' dir='ltr'><strong>pudori</strong></span> <span class='ocrx_word' id='word_1_140' title='bbox 1288 1237 1417 1309; x_wconf 83' lang='lat' dir='ltr'><strong>parcitur,</strong></span> <span class='ocrx_word' id='word_1_141' title='bbox 1434 1243 1467 1294; x_wconf 89' lang='lat' dir='ltr'><strong>ut</strong></span> <span class='ocrx_word' id='word_1_142' title='bbox 1477 1239 1571 1309; x_wconf 89' lang='lat' dir='ltr'><strong>potius</strong></span> <span class='ocrx_word' id='word_1_143' title='bbox 1583 1238 1668 1308; x_wconf 71' lang='lat' dir='ltr'><strong>putris</strong></span> <span class='ocrx_word' id='word_1_144' title='bbox 1685 1251 1707 1290; x_wconf 72' lang='grc' dir='ltr'>ι</span> <span class='ocrx_word' id='word_1_145' title='bbox 1734 1251 1768 1290; x_wconf 74' lang='lat' dir='ltr'><strong>«u</strong></span> 
     </span>
    </p>

    <p class='ocr_par' dir='ltr' id='par_1_11' title="bbox 236 1325 1666 1402">
     <span class='ocr_line' id='line_1_12' title="bbox 236 1325 1666 1402; baseline -0.002 -17"><span class='ocrx_word' id='word_1_146' title='bbox 236 1345 318 1402; x_wconf 84' lang='lat' dir='ltr'><strong>quem</strong></span> <span class='ocrx_word' id='word_1_147' title='bbox 337 1329 396 1384; x_wconf 91' lang='lat' dir='ltr'><strong>eius</strong></span> <span class='ocrx_word' id='word_1_148' title='bbox 413 1327 488 1384; x_wconf 89' lang='lat' dir='ltr'><strong>bona</strong></span> <span class='ocrx_word' id='word_1_149' title='bbox 504 1331 632 1398; x_wconf 87' lang='lat' dir='ltr'><strong>neneant,</strong></span> <span class='ocrx_word' id='word_1_150' title='bbox 650 1327 743 1398; x_wconf 78' lang='lat' dir='ltr'><strong>ireque</strong></span> <span class='ocrx_word' id='word_1_151' title='bbox 760 1328 789 1382; x_wconf 90' lang='lat' dir='ltr'><strong>in</strong></span> <span class='ocrx_word' id='word_1_152' title='bbox 805 1327 843 1396; x_wconf 89' lang='lat' dir='ltr'><strong>id,</strong></span> <span class='ocrx_word' id='word_1_153' title='bbox 861 1325 934 1396; x_wconf 84' lang='lat' dir='ltr'><strong>quod</strong></span> <span class='ocrx_word' id='word_1_154' title='bbox 946 1331 1044 1395; x_wconf 88' lang='lat' dir='ltr'><strong>postea</strong></span> <span class='ocrx_word' id='word_1_155' title='bbox 1055 1327 1080 1382; x_wconf 89' lang='lat' dir='ltr'><strong>ei</strong></span> <span class='ocrx_word' id='word_1_156' title='bbox 1092 1325 1213 1396; x_wconf 82' lang='lat' dir='ltr'><strong>obuenit,</strong></span> <span class='ocrx_word' id='word_1_157' title='bbox 1232 1327 1303 1383; x_wconf 85' lang='lat' dir='ltr'><strong>ectio</strong></span> <span class='ocrx_word' id='word_1_158' title='bbox 1315 1326 1495 1384; x_wconf 88' lang='lat' dir='ltr'><strong>creditoribus</strong></span> <span class='ocrx_word' id='word_1_159' title='bbox 1506 1327 1666 1397; x_wconf 72' lang='lat' dir='ltr'><strong>denegetur,</strong></span> 
     </span>
    </p>

    <p class='ocr_par' dir='ltr' id='par_1_12' title="bbox 236 1415 1667 1488">
     <span class='ocr_line' id='line_1_13' title="bbox 236 1415 1667 1488; baseline -0.001 -15"><span class='ocrx_word' id='word_1_160' title='bbox 236 1417 301 1488; x_wconf 85' lang='lat' dir='ltr'><strong>quia</strong></span> <span class='ocrx_word' id='word_1_161' title='bbox 317 1417 346 1472; x_wconf 92' lang='lat' dir='ltr'><strong>id</strong></span> <span class='ocrx_word' id='word_1_162' title='bbox 364 1432 399 1472; x_wconf 83' lang='lat' dir='ltr'><strong>ex</strong></span> <span class='ocrx_word' id='word_1_163' title='bbox 416 1415 573 1472; x_wconf 82' lang='lat' dir='ltr'><strong>aduecticio</strong></span> <span class='ocrx_word' id='word_1_164' title='bbox 591 1416 758 1485; x_wconf 71' lang='lat' dir='ltr'><strong>monestrum</strong></span> <span class='ocrx_word' id='word_1_165' title='bbox 777 1421 827 1486; x_wconf 80' lang='lat' dir='ltr'><strong>est,</strong></span> <span class='ocrx_word' id='word_1_166' title='bbox 845 1431 901 1470; x_wconf 91' lang='lat' dir='ltr'><strong>non</strong></span> <span class='ocrx_word' id='word_1_167' title='bbox 917 1429 967 1486; x_wconf 90' lang='lat' dir='ltr'><strong>per</strong></span> <span class='ocrx_word' id='word_1_168' title='bbox 983 1419 1087 1485; x_wconf 87' lang='lat' dir='ltr'><strong>patrem</strong></span> <span class='ocrx_word' id='word_1_169' title='bbox 1099 1416 1135 1470; x_wconf 84' lang='lat' dir='ltr'><strong>sd</strong></span> <span class='ocrx_word' id='word_1_170' title='bbox 1147 1430 1210 1472; x_wconf 89' lang='lat' dir='ltr'><strong>eum</strong></span> <span class='ocrx_word' id='word_1_171' title='bbox 1222 1415 1357 1486; x_wconf 81' lang='lat' dir='ltr'><strong>peruenit</strong></span> <span class='ocrx_word' id='word_1_172' title='bbox 1385 1420 1415 1471; x_wconf 82' lang='lat' dir='ltr'><strong>at</strong></span> <span class='ocrx_word' id='word_1_173' title='bbox 1425 1430 1488 1471; x_wconf 88' lang='lat' dir='ltr'><strong>eum</strong></span> <span class='ocrx_word' id='word_1_174' title='bbox 1501 1415 1667 1474; x_wconf 85' lang='lat' dir='ltr'><strong>substitutus</strong></span> 
     </span>
    </p>

    <p class='ocr_par' dir='ltr' id='par_1_13' title="bbox 235 1502 1667 1576">
     <span class='ocr_line' id='line_1_14' title="bbox 235 1502 1667 1576; baseline -0.002 -13"><span class='ocrx_word' id='word_1_175' title='bbox 235 1506 291 1563; x_wconf 84' lang='lat' dir='ltr'><strong>filio</strong></span> <span class='ocrx_word' id='word_1_176' title='bbox 309 1505 487 1562; x_wconf 71' lang='lat' dir='ltr'><strong>hereditatem</strong></span> <span class='ocrx_word' id='word_1_177' title='bbox 505 1505 585 1576; x_wconf 83' lang='lat' dir='ltr'><strong>adiit,</strong></span> <span class='ocrx_word' id='word_1_178' title='bbox 604 1509 750 1574; x_wconf 85' lang='lat' dir='ltr'><strong>postquam</strong></span> <span class='ocrx_word' id='word_1_179' title='bbox 768 1505 886 1575; x_wconf 91' lang='lat' dir='ltr'><strong>pupillus</strong></span> <span class='ocrx_word' id='word_1_180' title='bbox 904 1519 935 1560; x_wconf 92' lang='lat' dir='ltr'><strong>se</strong></span> <span class='ocrx_word' id='word_1_181' title='bbox 953 1509 1084 1574; x_wconf 86' lang='lat' dir='ltr'><strong>paternae</strong></span> <span class='ocrx_word' id='word_1_182' title='bbox 1102 1503 1241 1564; x_wconf 84' lang='lat' dir='ltr'><strong>miscuerit</strong></span> <span class='ocrx_word' id='word_1_183' title='bbox 1258 1502 1427 1574; x_wconf 78' lang='lat' dir='ltr'><strong>hereditati²‚</strong></span> <span class='ocrx_word' id='word_1_184' title='bbox 1444 1508 1512 1560; x_wconf 90' lang='lat' dir='ltr'><strong>tunc</strong></span> <span class='ocrx_word' id='word_1_185' title='bbox 1529 1504 1667 1560; x_wconf 74' lang='lat' dir='ltr'><strong>heredites</strong></span> 
     </span>
    </p>

    <p class='ocr_par' dir='ltr' id='par_1_14' title="bbox 236 1591 1666 1667">
     <span class='ocr_line' id='line_1_15' title="bbox 236 1591 1666 1667; baseline -0.002 -14"><span class='ocrx_word' id='word_1_186' title='bbox 236 1601 265 1653; x_wconf 91' lang='lat' dir='ltr'><strong>et</strong></span> <span class='ocrx_word' id='word_1_187' title='bbox 282 1597 367 1667; x_wconf 87' lang='lat' dir='ltr'><strong>petris</strong></span> <span class='ocrx_word' id='word_1_188' title='bbox 386 1600 415 1652; x_wconf 91' lang='lat' dir='ltr'><strong>et</strong></span> <span class='ocrx_word' id='word_1_189' title='bbox 432 1593 480 1650; x_wconf 87' lang='lat' dir='ltr'><strong>lilii</strong></span> <span class='ocrx_word' id='word_1_190' title='bbox 499 1610 555 1650; x_wconf 82' lang='lat' dir='ltr'><strong>uns</strong></span> <span class='ocrx_word' id='word_1_191' title='bbox 572 1598 616 1649; x_wconf 90' lang='lat' dir='ltr'><strong>est</strong></span> <span class='ocrx_word' id='word_1_192' title='bbox 634 1597 664 1649; x_wconf 92' lang='lat' dir='ltr'><strong>et</strong></span> <span class='ocrx_word' id='word_1_193' title='bbox 681 1594 709 1648; x_wconf 94' lang='lat' dir='ltr'><strong>in</strong></span> <span class='ocrx_word' id='word_1_194' title='bbox 727 1593 801 1649; x_wconf 91' lang='lat' dir='ltr'><strong>omui</strong></span> <span class='ocrx_word' id='word_1_195' title='bbox 819 1607 883 1648; x_wconf 90' lang='lat' dir='ltr'><strong>aere</strong></span> <span class='ocrx_word' id='word_1_196' title='bbox 900 1593 1003 1663; x_wconf 88' lang='lat' dir='ltr'><strong>alieno,</strong></span> <span class='ocrx_word' id='word_1_197' title='bbox 1020 1593 1094 1664; x_wconf 87' lang='lat' dir='ltr'><strong>quod</strong></span> <span class='ocrx_word' id='word_1_198' title='bbox 1112 1597 1161 1650; x_wconf 83' lang='lat' dir='ltr'><strong>aut</strong></span> <span class='ocrx_word' id='word_1_199' title='bbox 1176 1593 1263 1663; x_wconf 82' lang='lat' dir='ltr'><strong>patris</strong></span> <span class='ocrx_word' id='word_1_200' title='bbox 1280 1596 1329 1649; x_wconf 88' lang='lat' dir='ltr'><strong>ant</strong></span> <span class='ocrx_word' id='word_1_201' title='bbox 1345 1591 1393 1648; x_wconf 86' lang='lat' dir='ltr'><strong>tilii</strong></span> <span class='ocrx_word' id='word_1_202' title='bbox 1410 1591 1507 1663; x_wconf 80' lang='lat' dir='ltr'><strong>inerit,</strong></span> <span class='ocrx_word' id='word_1_203' title='bbox 1525 1595 1611 1650; x_wconf 82' lang='lat' dir='ltr'><strong>etiam</strong></span> <span class='ocrx_word' id='word_1_204' title='bbox 1627 1594 1666 1650; x_wconf 91' lang='lat' dir='ltr'><strong>in·</strong></span> 
     </span>
    </p>

    <p class='ocr_par' dir='ltr' id='par_1_15' title="bbox 235 1681 1772 1766">
     <span class='ocr_line' id='line_1_16' title="bbox 235 1681 1772 1766; baseline -0.003 -25"><span class='ocrx_word' id='word_1_205' title='bbox 235 1687 310 1742; x_wconf 88' lang='lat' dir='ltr'><strong>nitus</strong></span> <span class='ocrx_word' id='word_1_206' title='bbox 333 1685 413 1741; x_wconf 90' lang='lat' dir='ltr'><strong>heres</strong></span> <span class='ocrx_word' id='word_1_207' title='bbox 436 1683 588 1755; x_wconf 74' lang='lat' dir='ltr'><strong>obligetur:</strong></span> <span class='ocrx_word' id='word_1_208' title='bbox 612 1689 643 1739; x_wconf 90' lang='lat' dir='ltr'><strong>et</strong></span> <span class='ocrx_word' id='word_1_209' title='bbox 658 1682 889 1753; x_wconf 85' lang='lat' dir='ltr'><strong>quemodmodum</strong></span> <span class='ocrx_word' id='word_1_210' title='bbox 907 1681 1022 1738; x_wconf 90' lang='lat' dir='ltr'><strong>liberum</strong></span> <span class='ocrx_word' id='word_1_211' title='bbox 1040 1683 1066 1738; x_wconf 92' lang='lat' dir='ltr'><strong>ei</strong></span> <span class='ocrx_word' id='word_1_212' title='bbox 1084 1697 1139 1738; x_wconf 89' lang='lat' dir='ltr'><strong>non</strong></span> <span class='ocrx_word' id='word_1_213' title='bbox 1156 1686 1206 1752; x_wconf 36' lang='lat' dir='ltr'><strong>est,</strong></span> <span class='ocrx_word' id='word_1_214' title='bbox 1217 1681 1436 1752; x_wconf 68' lang='lat' dir='ltr'><strong>obligationem,</strong></span> <span class='ocrx_word' id='word_1_215' title='bbox 1460 1687 1492 1738; x_wconf 89' lang='lat' dir='ltr'><strong>nt</strong></span> <span class='ocrx_word' id='word_1_216' title='bbox 1509 1682 1665 1766; x_wconf 35' lang='lat' dir='ltr'><strong>nonlomni·</strong></span> <span class='ocrx_word' id='word_1_217' title='bbox 1684 1687 1772 1736; x_wconf 72' lang='lat'><strong>..⁵</strong></span> 
     </span>
    </p>

    <p class='ocr_par' dir='ltr' id='par_1_16' title="bbox 236 1770 1667 1844">
     <span class='ocr_line' id='line_1_17' title="bbox 236 1770 1667 1844; baseline -0.002 -13"><span class='ocrx_word' id='word_1_218' title='bbox 236 1775 331 1844; x_wconf 89' lang='lat' dir='ltr'><strong>modo,</strong></span> <span class='ocrx_word' id='word_1_219' title='bbox 351 1775 374 1830; x_wconf 92' lang='lat' dir='ltr'><strong>si</strong></span> <span class='ocrx_word' id='word_1_220' title='bbox 392 1789 447 1830; x_wconf 92' lang='lat' dir='ltr'><strong>non</strong></span> <span class='ocrx_word' id='word_1_221' title='bbox 466 1771 635 1844; x_wconf 80' lang='lat' dir='ltr'><strong>detenditur,</strong></span> <span class='ocrx_word' id='word_1_222' title='bbox 653 1773 739 1843; x_wconf 90' lang='lat' dir='ltr'><strong>ipsius</strong></span> <span class='ocrx_word' id='word_1_223' title='bbox 748 1770 830 1832; x_wconf 77' lang='lat' dir='ltr'><strong>hona</strong></span> <span class='ocrx_word' id='word_1_224' title='bbox 846 1776 978 1841; x_wconf 85' lang='lat' dir='ltr'><strong>ueneant,</strong></span> <span class='ocrx_word' id='word_1_225' title='bbox 997 1772 1036 1828; x_wconf 83' lang='lat' dir='ltr'><strong>itu</strong></span> <span class='ocrx_word' id='word_1_226' title='bbox 1053 1785 1088 1826; x_wconf 90' lang='lat' dir='ltr'><strong>ne</strong></span> <span class='ocrx_word' id='word_1_227' title='bbox 1106 1785 1233 1842; x_wconf 85' lang='lat' dir='ltr'><strong>separare</strong></span> <span class='ocrx_word' id='word_1_228' title='bbox 1251 1771 1361 1841; x_wconf 88' lang='lat' dir='ltr'><strong>quidem</strong></span> <span class='ocrx_word' id='word_1_229' title='bbox 1379 1785 1428 1827; x_wconf 86' lang='lat' dir='ltr'><strong>ces</strong></span> <span class='ocrx_word' id='word_1_230' title='bbox 1445 1771 1564 1828; x_wconf 85' lang='lat' dir='ltr'><strong>alienum</strong></span> <span class='ocrx_word' id='word_1_231' title='bbox 1582 1772 1667 1843; x_wconf 83' lang='lat' dir='ltr'><strong>patris</strong></span> 
     </span>
    </p>

    <p class='ocr_par' dir='ltr' id='par_1_17' title="bbox 238 1859 1666 1934">
     <span class='ocr_line' id='line_1_18' title="bbox 238 1859 1666 1934; baseline -0.003 -14"><span class='ocrx_word' id='word_1_232' title='bbox 238 1871 267 1921; x_wconf 89' lang='lat' dir='ltr'><strong>et</strong></span> <span class='ocrx_word' id='word_1_233' title='bbox 283 1863 331 1920; x_wconf 90' lang='lat' dir='ltr'><strong>lilii</strong></span> <span class='ocrx_word' id='word_1_234' title='bbox 348 1863 463 1934; x_wconf 87' lang='lat' dir='ltr'><strong>poterit:</strong></span> <span class='ocrx_word' id='word_1_235' title='bbox 481 1877 536 1932; x_wconf 87' lang='lat' dir='ltr'><strong>quo</strong></span> <span class='ocrx_word' id='word_1_236' title='bbox 555 1876 621 1917; x_wconf 83' lang='lat' dir='ltr'><strong>casu</strong></span> <span class='ocrx_word' id='word_1_237' title='bbox 639 1859 780 1931; x_wconf 85' lang='lat' dir='ltr'><strong>efficietur,</strong></span> <span class='ocrx_word' id='word_1_238' title='bbox 799 1866 830 1916; x_wconf 91' lang='lat' dir='ltr'><strong>nt</strong></span> <span class='ocrx_word' id='word_1_239' title='bbox 847 1859 1027 1917; x_wconf 87' lang='lat' dir='ltr'><strong>creditoribus</strong></span> <span class='ocrx_word' id='word_1_240' title='bbox 1043 1860 1073 1916; x_wconf 92' lang='lat' dir='ltr'><strong>in</strong></span> <span class='ocrx_word' id='word_1_241' title='bbox 1090 1873 1153 1916; x_wconf 90' lang='lat' dir='ltr'><strong>eum</strong></span> <span class='ocrx_word' id='word_1_242' title='bbox 1171 1861 1252 1928; x_wconf 79' lang='lat' dir='ltr'><strong>actio</strong></span> <span class='ocrx_word' id='word_1_243' title='bbox 1262 1860 1321 1916; x_wconf 85' lang='lat' dir='ltr'><strong>dari</strong></span> <span class='ocrx_word' id='word_1_244' title='bbox 1338 1859 1447 1916; x_wconf 83' lang='lat' dir='ltr'><strong>debeat</strong></span> <span class='ocrx_word' id='word_1_245' title='bbox 1474 1859 1552 1930; x_wconf 85' lang='lat' dir='ltr'><strong>quod</strong></span> <span class='ocrx_word' id='word_1_246' title='bbox 1568 1859 1666 1916; x_wconf 83' lang='lat' dir='ltr'><strong>slsnb</strong></span> 
     </span>
    </p>

    <p class='ocr_par' dir='ltr' id='par_1_18' title="bbox 120 1948 1772 2203">
     <span class='ocr_line' id='line_1_19' title="bbox 120 1948 1667 2021; baseline -0.003 -11"><span class='ocrx_word' id='word_1_247' title='bbox 120 1993 123 2000; x_wconf 85' lang='lat'><em>-</em></span> <span class='ocrx_word' id='word_1_248' title='bbox 237 1953 350 2010; x_wconf 87' lang='lat' dir='ltr'><strong>stitutus</strong></span> <span class='ocrx_word' id='word_1_249' title='bbox 367 1953 446 2008; x_wconf 89' lang='lat' dir='ltr'><strong>heres</strong></span> <span class='ocrx_word' id='word_1_250' title='bbox 464 1951 641 2007; x_wconf 78' lang='lat' dir='ltr'><strong>hereditatem</strong></span> <span class='ocrx_word' id='word_1_251' title='bbox 660 1965 715 2006; x_wconf 92' lang='lat' dir='ltr'><strong>unu</strong></span> <span class='ocrx_word' id='word_1_252' title='bbox 733 1949 839 2021; x_wconf 87' lang='lat' dir='ltr'><strong>adierit,</strong></span> <span class='ocrx_word' id='word_1_253' title='bbox 858 1948 1136 2020; x_wconf 87' lang='lat' dir='ltr'><strong>creditoribuspatris</strong></span> <span class='ocrx_word' id='word_1_254' title='bbox 1148 1949 1225 2020; x_wconf 88' lang='lat' dir='ltr'><strong>inid,</strong></span> <span class='ocrx_word' id='word_1_255' title='bbox 1243 1949 1317 2020; x_wconf 87' lang='lat' dir='ltr'><strong>qnod</strong></span> <span class='ocrx_word' id='word_1_256' title='bbox 1328 1950 1447 2021; x_wconf 89' lang='lat' dir='ltr'><strong>pupillus</strong></span> <span class='ocrx_word' id='word_1_257' title='bbox 1460 1950 1578 2020; x_wconf 67' lang='lat' dir='ltr'><strong>reliquit,</strong></span> <span class='ocrx_word' id='word_1_258' title='bbox 1596 1950 1667 2006; x_wconf 81' lang='lat' dir='ltr'><strong>actio</strong></span> 
     </span>
     <span class='ocr_line' id='line_1_20' title="bbox 237 2037 1667 2112; baseline -0.002 -13"><span class='ocrx_word' id='word_1_259' title='bbox 237 2042 296 2099; x_wconf 86' lang='lat' dir='ltr'><strong>dari</strong></span> <span class='ocrx_word' id='word_1_260' title='bbox 314 2057 368 2098; x_wconf 92' lang='lat' dir='ltr'><strong>uon</strong></span> <span class='ocrx_word' id='word_1_261' title='bbox 386 2041 477 2112; x_wconf 74' lang='lat' dir='ltr'><strong>dener,</strong></span> <span class='ocrx_word' id='word_1_262' title='bbox 495 2041 624 2110; x_wconf 88' lang='lat' dir='ltr'><strong>quoniam</strong></span> <span class='ocrx_word' id='word_1_263' title='bbox 642 2054 731 2110; x_wconf 83' lang='lat' dir='ltr'><strong>neque</strong></span> <span class='ocrx_word' id='word_1_264' title='bbox 748 2039 844 2110; x_wconf 88' lang='lat' dir='ltr'><strong>pnpilli</strong></span> <span class='ocrx_word' id='word_1_265' title='bbox 861 2037 934 2094; x_wconf 83' lang='lat' dir='ltr'><strong>bone</strong></span> <span class='ocrx_word' id='word_1_266' title='bbox 951 2039 1045 2094; x_wconf 89' lang='lat' dir='ltr'><strong>uenire</strong></span> <span class='ocrx_word' id='word_1_267' title='bbox 1056 2038 1158 2095; x_wconf 90' lang='lat' dir='ltr'><strong>dehent</strong></span> <span class='ocrx_word' id='word_1_268' title='bbox 1169 2043 1281 2110; x_wconf 91' lang='lat' dir='ltr'><strong>propter</strong></span> <span class='ocrx_word' id='word_1_269' title='bbox 1292 2054 1339 2095; x_wconf 87' lang='lat' dir='ltr'><strong>aes</strong></span> <span class='ocrx_word' id='word_1_270' title='bbox 1351 2039 1469 2096; x_wconf 86' lang='lat' dir='ltr'><strong>alienam</strong></span> <span class='ocrx_word' id='word_1_271' title='bbox 1481 2040 1569 2112; x_wconf 76' lang='lat' dir='ltr'><strong>putris</strong></span> <span class='ocrx_word' id='word_1_272' title='bbox 1580 2054 1667 2111; x_wconf 87' lang='lat' dir='ltr'><strong>neque</strong></span> 
     </span>
     <span class='ocr_line' id='line_1_21' title="bbox 237 2127 1772 2203; baseline -0.007 -15"><span class='ocrx_word' id='word_1_273' title='bbox 237 2132 266 2188; x_wconf 92' lang='lat' dir='ltr'><strong>in</strong></span> <span class='ocrx_word' id='word_1_274' title='bbox 282 2131 362 2188; x_wconf 89' lang='lat' dir='ltr'><strong>bonis</strong></span> <span class='ocrx_word' id='word_1_275' title='bbox 379 2131 465 2203; x_wconf 85' lang='lat' dir='ltr'><strong>patris</strong></span> <span class='ocrx_word' id='word_1_276' title='bbox 482 2135 526 2190; x_wconf 90' lang='lat' dir='ltr'><strong>est</strong></span> <span class='ocrx_word' id='word_1_277' title='bbox 544 2130 617 2201; x_wconf 89' lang='lat' dir='ltr'><strong>quod</strong></span> <span class='ocrx_word' id='word_1_278' title='bbox 635 2129 754 2200; x_wconf 90' lang='lat' dir='ltr'><strong>pupillus</strong></span> <span class='ocrx_word' id='word_1_279' title='bbox 772 2127 910 2197; x_wconf 84' lang='lat' dir='ltr'><strong>adquisiit.</strong></span> <span class='ocrx_word' id='word_1_280' title='bbox 1683 2134 1772 2181; x_wconf 80' lang='lat' dir='ltr'><strong>-o</strong></span> 
     </span>
    </p>

    <p class='ocr_par' dir='ltr' id='par_1_19' title="bbox 180 2213 1770 2564">
     <span class='ocr_line' id='line_1_22' title="bbox 180 2213 1770 2303; baseline -0.002 -24"><span class='ocrx_word' id='word_1_281' title='bbox 180 2219 218 2279; x_wconf 81' lang='grc'><strong>33</strong></span> <span class='ocrx_word' id='word_1_282' title='bbox 290 2222 409 2278; x_wconf 76' lang='lat' dir='ltr'><strong>Pennus</strong></span> <span class='ocrx_word' id='word_1_283' title='bbox 431 2219 501 2277; x_wconf 92' lang='lat' dir='ltr'><strong>libro</strong></span> <span class='ocrx_word' id='word_1_284' title='bbox 523 2221 618 2292; x_wconf 84' lang='lat' dir='ltr'><strong>quinto</strong></span> <span class='ocrx_word' id='word_1_285' title='bbox 637 2219 672 2274; x_wconf 88' lang='lat' dir='ltr'><strong>ad</strong></span> <span class='ocrx_word' id='word_1_286' title='bbox 689 2219 779 2288; x_wconf 79' lang='lat' dir='ltr'><strong>legem</strong></span> <span class='ocrx_word' id='word_1_287' title='bbox 798 2217 894 2272; x_wconf 82' lang='lat' dir='ltr'><strong>Iulium</strong></span> <span class='ocrx_word' id='word_1_288' title='bbox 913 2222 942 2273; x_wconf 88' lang='lat' dir='ltr'><strong>ct</strong></span> <span class='ocrx_word' id='word_1_289' title='bbox 959 2217 1080 2288; x_wconf 75' lang='lat' dir='ltr'><strong>Pupium.</strong></span> <span class='ocrx_word' id='word_1_290' title='bbox 1117 2215 1240 2273; x_wconf 79' lang='lat' dir='ltr'><strong>Fufidius</strong></span> <span class='ocrx_word' id='word_1_291' title='bbox 1258 2215 1341 2272; x_wconf 81' lang='lat' dir='ltr'><strong>refert</strong></span> <span class='ocrx_word' id='word_1_292' title='bbox 1358 2221 1465 2274; x_wconf 75' lang='lat' dir='ltr'><strong>staterae</strong></span> <span class='ocrx_word' id='word_1_293' title='bbox 1482 2217 1512 2273; x_wconf 89' lang='lat' dir='ltr'><strong>in</strong></span> <span class='ocrx_word' id='word_1_294' title='bbox 1529 2213 1667 2303; x_wconf 57' lang='lat' dir='ltr'><em>Q</em></span> <span class='ocrx_word' id='word_1_295' title='bbox 1683 2216 1770 2276; x_wconf 62' lang='lat' dir='ltr'><em>A</em></span> 
     </span>
     <span class='ocr_line' id='line_1_23' title="bbox 237 2306 1667 2382; baseline -0.001 -16"><span class='ocrx_word' id='word_1_296' title='bbox 237 2309 347 2382; x_wconf 91' lang='lat' dir='ltr'><strong>publico</strong></span> <span class='ocrx_word' id='word_1_297' title='bbox 370 2311 475 2382; x_wconf 88' lang='lat' dir='ltr'><strong>positas</strong></span> <span class='ocrx_word' id='word_1_298' title='bbox 497 2309 577 2366; x_wconf 91' lang='lat' dir='ltr'><strong>bonis</strong></span> <span class='ocrx_word' id='word_1_299' title='bbox 600 2307 739 2364; x_wconf 89' lang='lat' dir='ltr'><strong>distractis</strong></span> <span class='ocrx_word' id='word_1_300' title='bbox 763 2307 837 2376; x_wconf 88' lang='lat' dir='ltr'><strong>eins,</strong></span> <span class='ocrx_word' id='word_1_301' title='bbox 860 2307 938 2362; x_wconf 92' lang='lat' dir='ltr'><strong>ouius</strong></span> <span class='ocrx_word' id='word_1_302' title='bbox 961 2307 990 2362; x_wconf 91' lang='lat' dir='ltr'><strong>in</strong></span> <span class='ocrx_word' id='word_1_303' title='bbox 1009 2307 1140 2363; x_wconf 85' lang='lat' dir='ltr'><strong>honorem</strong></span> <span class='ocrx_word' id='word_1_304' title='bbox 1158 2306 1265 2377; x_wconf 84' lang='lat' dir='ltr'><strong>positce</strong></span> <span class='ocrx_word' id='word_1_305' title='bbox 1282 2309 1360 2376; x_wconf 88' lang='lat' dir='ltr'><strong>suut,</strong></span> <span class='ocrx_word' id='word_1_306' title='bbox 1382 2321 1438 2363; x_wconf 92' lang='lat' dir='ltr'><strong>non</strong></span> <span class='ocrx_word' id='word_1_307' title='bbox 1455 2321 1519 2363; x_wconf 88' lang='lat' dir='ltr'><strong>esse</strong></span> <span class='ocrx_word' id='word_1_308' title='bbox 1537 2309 1667 2378; x_wconf 82' lang='lat' dir='ltr'><strong>emptoris</strong></span> 
     </span>
     <span class='ocr_line' id='line_1_24' title="bbox 237 2393 1666 2482; baseline -0.002 -26"><span class='ocrx_word' id='word_1_309' title='bbox 237 2399 370 2456; x_wconf 87' lang='lat' dir='ltr'><strong>bonoram</strong></span> <span class='ocrx_word' id='word_1_310' title='bbox 388 2401 456 2469; x_wconf 88' lang='lat' dir='ltr'><strong>eius,</strong></span> <span class='ocrx_word' id='word_1_311' title='bbox 475 2399 525 2456; x_wconf 88' lang='lat' dir='ltr'><strong>sed</strong></span> <span class='ocrx_word' id='word_1_312' title='bbox 543 2403 592 2455; x_wconf 88' lang='lat' dir='ltr'><strong>aut</strong></span> <span class='ocrx_word' id='word_1_313' title='bbox 608 2396 741 2468; x_wconf 89' lang='lat' dir='ltr'><strong>publicas,</strong></span> <span class='ocrx_word' id='word_1_314' title='bbox 759 2396 784 2452; x_wconf 92' lang='lat' dir='ltr'><strong>si</strong></span> <span class='ocrx_word' id='word_1_315' title='bbox 799 2395 914 2452; x_wconf 89' lang='lat' dir='ltr'><strong>ornandi</strong></span> <span class='ocrx_word' id='word_1_316' title='bbox 925 2396 1064 2466; x_wconf 91' lang='lat' dir='ltr'><strong>municipii</strong></span> <span class='ocrx_word' id='word_1_317' title='bbox 1077 2411 1161 2451; x_wconf 85' lang='lat' dir='ltr'><strong>cause</strong></span> <span class='ocrx_word' id='word_1_318' title='bbox 1172 2396 1279 2465; x_wconf 86' lang='lat' dir='ltr'><strong>pesitus</strong></span> <span class='ocrx_word' id='word_1_319' title='bbox 1290 2396 1353 2466; x_wconf 87' lang='lat' dir='ltr'><strong>siut,</strong></span> <span class='ocrx_word' id='word_1_320' title='bbox 1371 2402 1420 2452; x_wconf 88' lang='lat' dir='ltr'><strong>aut</strong></span> <span class='ocrx_word' id='word_1_321' title='bbox 1431 2396 1500 2467; x_wconf 86' lang='lat' dir='ltr'><strong>eins,</strong></span> <span class='ocrx_word' id='word_1_322' title='bbox 1519 2397 1599 2454; x_wconf 85' lang='lat' dir='ltr'><strong>onius</strong></span> <span class='ocrx_word' id='word_1_323' title='bbox 1616 2393 1666 2482; x_wconf 63' lang='lat' dir='ltr'><strong>[cuj</strong></span> 
     </span>
     <span class='ocr_line' id='line_1_25' title="bbox 237 2484 1770 2564; baseline -0.008 -19"><span class='ocrx_word' id='word_1_324' title='bbox 237 2489 265 2564; x_wconf 87' lang='lat' dir='ltr'><strong>iu</strong></span> <span class='ocrx_word' id='word_1_325' title='bbox 283 2489 413 2545; x_wconf 88' lang='lat' dir='ltr'><strong>honorem</strong></span> <span class='ocrx_word' id='word_1_326' title='bbox 431 2490 538 2560; x_wconf 86' lang='lat' dir='ltr'><strong>positae</strong></span> <span class='ocrx_word' id='word_1_327' title='bbox 556 2487 625 2544; x_wconf 87' lang='lat' dir='ltr'><strong>sint:</strong></span> <span class='ocrx_word' id='word_1_328' title='bbox 643 2490 672 2542; x_wconf 93' lang='lat' dir='ltr'><strong>et</strong></span> <span class='ocrx_word' id='word_1_329' title='bbox 688 2485 763 2542; x_wconf 92' lang='lat' dir='ltr'><strong>nullo</strong></span> <span class='ocrx_word' id='word_1_330' title='bbox 781 2485 862 2542; x_wconf 92' lang='lat' dir='ltr'><strong>modo</strong></span> <span class='ocrx_word' id='word_1_331' title='bbox 880 2500 928 2540; x_wconf 86' lang='lat' dir='ltr'><strong>eas</strong></span> <span class='ocrx_word' id='word_1_332' title='bbox 945 2484 1051 2540; x_wconf 85' lang='lat' dir='ltr'><strong>detrahi</strong></span> <span class='ocrx_word' id='word_1_333' title='bbox 1067 2499 1160 2555; x_wconf 87' lang='lat' dir='ltr'><strong>posse.</strong></span> <span class='ocrx_word' id='word_1_334' title='bbox 1684 2485 1770 2532; x_wconf 62' lang='lat' dir='ltr'><strong>sl</strong></span> 
     </span>
    </p>

    <p class='ocr_par' dir='ltr' id='par_1_20' title="bbox 180 2567 1780 2825">
     <span class='ocr_line' id='line_1_26' title="bbox 180 2567 1780 2660; baseline -0.005 -24"><span class='ocrx_word' id='word_1_335' title='bbox 180 2577 220 2636; x_wconf 89' lang='grc'><strong>30</strong></span> <span class='ocrx_word' id='word_1_336' title='bbox 290 2579 429 2634; x_wconf 76' lang='lat' dir='ltr'><strong>Parrums</strong></span> <span class='ocrx_word' id='word_1_337' title='bbox 451 2578 558 2634; x_wconf 76' lang='lat' dir='ltr'><strong>luemus</strong></span> <span class='ocrx_word' id='word_1_338' title='bbox 578 2574 647 2632; x_wconf 90' lang='lat' dir='ltr'><strong>libro</strong></span> <span class='ocrx_word' id='word_1_339' title='bbox 665 2575 753 2646; x_wconf 87' lang='lat' dir='ltr'><strong>primo</strong></span> <span class='ocrx_word' id='word_1_340' title='bbox 770 2573 806 2630; x_wconf 91' lang='lat' dir='ltr'><strong>de</strong></span> <span class='ocrx_word' id='word_1_341' title='bbox 824 2573 1073 2630; x_wconf 76' lang='lat' dir='ltr'><strong>constitutionibus.</strong></span> <span class='ocrx_word' id='word_1_342' title='bbox 1109 2575 1291 2646; x_wconf 84' lang='lat' dir='ltr'><strong>Imperatores</strong></span> <span class='ocrx_word' id='word_1_343' title='bbox 1307 2573 1464 2632; x_wconf 77' lang='lat' dir='ltr'><strong>Autumnus</strong></span> <span class='ocrx_word' id='word_1_344' title='bbox 1481 2579 1511 2631; x_wconf 91' lang='lat' dir='ltr'><strong>et</strong></span> <span class='ocrx_word' id='word_1_345' title='bbox 1528 2569 1665 2660; x_wconf 57' lang='lat' dir='ltr'><strong>[tEu‘a&#39;o</strong></span> <span class='ocrx_word' id='word_1_346' title='bbox 1699 2567 1780 2640; x_wconf 57' lang='lat' dir='ltr'><strong>„lif</strong></span> 
     </span>
     <span class='ocr_line' id='line_1_27' title="bbox 237 2653 1666 2738; baseline -0.001 -15"><span class='ocrx_word' id='word_1_347' title='bbox 237 2667 326 2724; x_wconf 88' lang='lat' dir='ltr'><strong>Uerus</strong></span> <span class='ocrx_word' id='word_1_348' title='bbox 343 2667 463 2736; x_wconf 75' lang='lat' dir='ltr'><strong>Augusti</strong></span> <span class='ocrx_word' id='word_1_349' title='bbox 485 2666 684 2736; x_wconf 87' lang='lat' dir='ltr'><strong>rescripserunt</strong></span> <span class='ocrx_word' id='word_1_350' title='bbox 706 2679 769 2734; x_wconf 89' lang='lat' dir='ltr'><strong>ees,</strong></span> <span class='ocrx_word' id='word_1_351' title='bbox 793 2663 841 2734; x_wconf 86' lang='lat' dir='ltr'><strong>qui</strong></span> <span class='ocrx_word' id='word_1_352' title='bbox 864 2662 936 2719; x_wconf 89' lang='lat' dir='ltr'><strong>bona</strong></span> <span class='ocrx_word' id='word_1_353' title='bbox 953 2679 1005 2720; x_wconf 86' lang='lat' dir='ltr'><strong>sua</strong></span> <span class='ocrx_word' id='word_1_354' title='bbox 1022 2669 1125 2734; x_wconf 79' lang='lat' dir='ltr'><strong>negant</strong></span> <span class='ocrx_word' id='word_1_355' title='bbox 1141 2665 1200 2722; x_wconf 88' lang='lat' dir='ltr'><strong>lure</strong></span> <span class='ocrx_word' id='word_1_356' title='bbox 1218 2665 1340 2735; x_wconf 71' lang='lat' dir='ltr'><strong>uenum,</strong></span> <span class='ocrx_word' id='word_1_357' title='bbox 1363 2663 1533 2736; x_wconf 74' lang='lat' dir='ltr'><strong>praeiudicio</strong></span> <span class='ocrx_word' id='word_1_358' title='bbox 1551 2653 1666 2738; x_wconf 58' lang='lat' dir='ltr'><strong>cxpffi‘ri</strong></span> 
     </span>
     <span class='ocr_line' id='line_1_28' title="bbox 238 2751 1206 2825; baseline -0.004 -13"><span class='ocrx_word' id='word_1_359' title='bbox 238 2755 338 2812; x_wconf 91' lang='lat' dir='ltr'><strong>debere</strong></span> <span class='ocrx_word' id='word_1_360' title='bbox 356 2761 385 2812; x_wconf 90' lang='lat' dir='ltr'><strong>et</strong></span> <span class='ocrx_word' id='word_1_361' title='bbox 400 2754 503 2810; x_wconf 81' lang='lat' dir='ltr'><strong>hustre</strong></span> <span class='ocrx_word' id='word_1_362' title='bbox 519 2753 686 2825; x_wconf 84' lang='lat' dir='ltr'><strong>principem⁴</strong></span> <span class='ocrx_word' id='word_1_363' title='bbox 704 2751 859 2809; x_wconf 74' lang='lat' dir='ltr'><strong>desiderare</strong></span> <span class='ocrx_word' id='word_1_364' title='bbox 876 2752 994 2809; x_wconf 89' lang='lat' dir='ltr'><strong>rescindi</strong></span> <span class='ocrx_word' id='word_1_365' title='bbox 1011 2753 1206 2810; x_wconf 90' lang='lat' dir='ltr'><strong>uenditionem.</strong></span> 
     </span>
    </p>

    <p class='ocr_par' dir='ltr' id='par_1_21' title="bbox 180 2831 1784 3096">
     <span class='ocr_line' id='line_1_29' title="bbox 180 2831 1769 2931; baseline -0.001 -27"><span class='ocrx_word' id='word_1_366' title='bbox 180 2845 218 2904; x_wconf 88' lang='grc'><strong>31</strong></span> <span class='ocrx_word' id='word_1_367' title='bbox 291 2843 441 2901; x_wconf 79' lang='lat' dir='ltr'><strong>Ucnrsrrus</strong></span> <span class='ocrx_word' id='word_1_368' title='bbox 466 2843 535 2900; x_wconf 91' lang='lat' dir='ltr'><strong>libro</strong></span> <span class='ocrx_word' id='word_1_369' title='bbox 561 2843 683 2899; x_wconf 87' lang='lat' dir='ltr'><strong>secundo</strong></span> <span class='ocrx_word' id='word_1_370' title='bbox 710 2841 745 2898; x_wconf 91' lang='lat' dir='ltr'><strong>de</strong></span> <span class='ocrx_word' id='word_1_371' title='bbox 771 2840 897 2898; x_wconf 89' lang='lat' dir='ltr'><strong>omuibus</strong></span> <span class='ocrx_word' id='word_1_372' title='bbox 923 2841 1113 2898; x_wconf 83' lang='lat' dir='ltr'><strong>tribunalibus.</strong></span> <span class='ocrx_word' id='word_1_373' title='bbox 1146 2841 1179 2898; x_wconf 71' lang='lat' dir='ltr'><strong>&#39;Sl</strong></span> <span class='ocrx_word' id='word_1_374' title='bbox 1203 2841 1352 2898; x_wconf 86' lang='lat' dir='ltr'><strong>creditores</strong></span> <span class='ocrx_word' id='word_1_375' title='bbox 1374 2841 1503 2900; x_wconf 86' lang='lat' dir='ltr'><strong>heredem</strong></span> <span class='ocrx_word' id='word_1_376' title='bbox 1527 2839 1664 2931; x_wconf 51' lang='grc' dir='ltr'>Μ</span> <span class='ocrx_word' id='word_1_377' title='bbox 1679 2831 1769 2902; x_wconf 62' lang='lat'><strong>,5</strong></span> 
     </span>
     <span class='ocr_line' id='line_1_30' title="bbox 237 2931 1665 3007; baseline 0 -17"><span class='ocrx_word' id='word_1_378' title='bbox 237 2938 396 3005; x_wconf 88' lang='lat' dir='ltr'><strong>suspectum</strong></span> <span class='ocrx_word' id='word_1_379' title='bbox 413 2937 519 3004; x_wconf 73' lang='lat' dir='ltr'><strong>putent,</strong></span> <span class='ocrx_word' id='word_1_380' title='bbox 537 2931 745 2988; x_wconf 87' lang='lat' dir='ltr'><strong>satisdationem</strong></span> <span class='ocrx_word' id='word_1_381' title='bbox 763 2932 872 3002; x_wconf 76' lang='lat' dir='ltr'><strong>exigere</strong></span> <span class='ocrx_word' id='word_1_382' title='bbox 890 2937 1007 3002; x_wconf 73' lang='lat' dir='ltr'><strong>possum</strong></span> <span class='ocrx_word' id='word_1_383' title='bbox 1022 2947 1073 3002; x_wconf 90' lang='lat' dir='ltr'><strong>pro</strong></span> <span class='ocrx_word' id='word_1_384' title='bbox 1090 2946 1141 2988; x_wconf 88' lang='lat' dir='ltr'><strong>suo</strong></span> <span class='ocrx_word' id='word_1_385' title='bbox 1154 2931 1247 2988; x_wconf 89' lang='lat' dir='ltr'><strong>debito</strong></span> <span class='ocrx_word' id='word_1_386' title='bbox 1259 2931 1409 2988; x_wconf 88' lang='lat' dir='ltr'><strong>reddendo.</strong></span> <span class='ocrx_word' id='word_1_387' title='bbox 1434 2932 1514 2988; x_wconf 90' lang='lat' dir='ltr'><strong>cuius</strong></span> <span class='ocrx_word' id='word_1_388' title='bbox 1525 2937 1566 2990; x_wconf 91' lang='lat' dir='ltr'><strong>rei</strong></span> <span class='ocrx_word' id='word_1_389' title='bbox 1577 2937 1665 3007; x_wconf 71' lang='lat' dir='ltr'><strong>grets</strong></span> 
     </span>
     <span class='ocr_line' id='line_1_31' title="bbox 237 3013 1784 3096; baseline -0.004 -16"><span class='ocrx_word' id='word_1_390' title='bbox 237 3037 403 3093; x_wconf 72' lang='lat' dir='ltr'><strong>cognoscere</strong></span> <span class='ocrx_word' id='word_1_391' title='bbox 420 3027 572 3094; x_wconf 85' lang='lat' dir='ltr'><strong>praetorem</strong></span> <span class='ocrx_word' id='word_1_392' title='bbox 591 3023 700 3092; x_wconf 86' lang='lat' dir='ltr'><strong>oportet</strong></span> <span class='ocrx_word' id='word_1_393' title='bbox 717 3035 769 3078; x_wconf 88' lang='lat' dir='ltr'><strong>nec</strong></span> <span class='ocrx_word' id='word_1_394' title='bbox 785 3022 878 3077; x_wconf 80' lang='lat' dir='ltr'><strong>stetim</strong></span> <span class='ocrx_word' id='word_1_395' title='bbox 897 3036 960 3076; x_wconf 91' lang='lat' dir='ltr'><strong>enm</strong></span> <span class='ocrx_word' id='word_1_396' title='bbox 977 3020 1164 3077; x_wconf 87' lang='lat' dir='ltr'><strong>satisdatiouie</strong></span> <span class='ocrx_word' id='word_1_397' title='bbox 1182 3020 1340 3076; x_wconf 69' lang='lat' dir='ltr'><strong>necessitati</strong></span> <span class='ocrx_word' id='word_1_398' title='bbox 1357 3019 1482 3078; x_wconf 88' lang='lat' dir='ltr'><strong>subicere</strong></span> <span class='ocrx_word' id='word_1_399' title='bbox 1500 3021 1593 3096; x_wconf 82' lang='lat' dir='ltr'><strong>dehet,</strong></span> <span class='ocrx_word' id='word_1_400' title='bbox 1613 3025 1664 3080; x_wconf 86' lang='lat' dir='ltr'><strong>nisi</strong></span> <span class='ocrx_word' id='word_1_401' title='bbox 1679 3013 1784 3074; x_wconf 57' lang='lat'><strong>9³⁰</strong></span> 
     </span>
    </p>

    <p class='ocr_par' dir='ltr' id='par_1_22' title="bbox 205 3109 1663 3360">
     <span class='ocr_line' id='line_1_32' title="bbox 205 3109 1663 3182; baseline 0.001 -14"><span class='ocrx_word' id='word_1_402' title='bbox 205 3123 322 3169; x_wconf 72' lang='lat' dir='ltr'><strong>rmusa</strong></span> <span class='ocrx_word' id='word_1_403' title='bbox 348 3111 459 3182; x_wconf 78' lang='lat' dir='ltr'><strong>cognita</strong></span> <span class='ocrx_word' id='word_1_404' title='bbox 485 3111 639 3168; x_wconf 88' lang='lat' dir='ltr'><strong>constiterit</strong></span> <span class='ocrx_word' id='word_1_405' title='bbox 664 3111 783 3181; x_wconf 89' lang='lat' dir='ltr'><strong>prospici</strong></span> <span class='ocrx_word' id='word_1_406' title='bbox 810 3109 910 3166; x_wconf 89' lang='lat' dir='ltr'><strong>debere</strong></span> <span class='ocrx_word' id='word_1_407' title='bbox 936 3110 993 3181; x_wconf 87' lang='lat' dir='ltr'><strong>his,</strong></span> <span class='ocrx_word' id='word_1_408' title='bbox 1019 3110 1066 3180; x_wconf 89' lang='lat' dir='ltr'><strong>qui</strong></span> <span class='ocrx_word' id='word_1_409' title='bbox 1092 3114 1249 3180; x_wconf 87' lang='lat' dir='ltr'><strong>suspectum</strong></span> <span class='ocrx_word' id='word_1_410' title='bbox 1272 3125 1335 3166; x_wconf 91' lang='lat' dir='ltr'><strong>eum</strong></span> <span class='ocrx_word' id='word_1_411' title='bbox 1357 3111 1575 3182; x_wconf 81' lang='lat' dir='ltr'><strong>postrlsuernnt</strong></span> <span class='ocrx_word' id='word_1_412' title='bbox 1610 3111 1663 3170; x_wconf 86' lang='lat' dir='ltr'><strong>Sed</strong></span> 
     </span>
     <span class='ocr_line' id='line_1_33' title="bbox 237 3198 1662 3272; baseline 0.001 -14"><span class='ocrx_word' id='word_1_413' title='bbox 237 3206 381 3272; x_wconf 83' lang='lat' dir='ltr'><strong>suspectus</strong></span> <span class='ocrx_word' id='word_1_414' title='bbox 403 3199 482 3258; x_wconf 89' lang='lat' dir='ltr'><strong>heres</strong></span> <span class='ocrx_word' id='word_1_415' title='bbox 504 3215 560 3256; x_wconf 92' lang='lat' dir='ltr'><strong>non</strong></span> <span class='ocrx_word' id='word_1_416' title='bbox 580 3199 668 3256; x_wconf 90' lang='lat' dir='ltr'><strong>isdem</strong></span> <span class='ocrx_word' id='word_1_417' title='bbox 692 3199 796 3270; x_wconf 88' lang='lat' dir='ltr'><strong>modis,</strong></span> <span class='ocrx_word' id='word_1_418' title='bbox 819 3198 918 3270; x_wconf 88' lang='lat' dir='ltr'><strong>quibus</strong></span> <span class='ocrx_word' id='word_1_419' title='bbox 942 3202 1087 3269; x_wconf 89' lang='lat' dir='ltr'><strong>suspectus</strong></span> <span class='ocrx_word' id='word_1_420' title='bbox 1104 3201 1179 3254; x_wconf 89' lang='lat' dir='ltr'><strong>tutor</strong></span> <span class='ocrx_word' id='word_1_421' title='bbox 1196 3199 1370 3256; x_wconf 84' lang='lat' dir='ltr'><strong>aestimatur:</strong></span> <span class='ocrx_word' id='word_1_422' title='bbox 1393 3199 1530 3270; x_wconf 87' lang='lat' dir='ltr'><strong>siquidem</strong></span> <span class='ocrx_word' id='word_1_423' title='bbox 1547 3205 1662 3260; x_wconf 87' lang='lat' dir='ltr'><strong>tutorem</strong></span> 
     </span>
     <span class='ocr_line' id='line_1_34' title="bbox 237 3285 1663 3360; baseline 0.001 -13"><span class='ocrx_word' id='word_1_424' title='bbox 237 3307 292 3347; x_wconf 94' lang='lat' dir='ltr'><strong>non</strong></span> <span class='ocrx_word' id='word_1_425' title='bbox 309 3289 463 3359; x_wconf 66' lang='lat' dir='ltr'><strong>iaculbtes,</strong></span> <span class='ocrx_word' id='word_1_426' title='bbox 481 3289 530 3345; x_wconf 91' lang='lat' dir='ltr'><strong>sed</strong></span> <span class='ocrx_word' id='word_1_427' title='bbox 547 3287 722 3345; x_wconf 80' lang='lat' dir='ltr'><strong>fraudulente</strong></span> <span class='ocrx_word' id='word_1_428' title='bbox 739 3290 767 3345; x_wconf 94' lang='lat' dir='ltr'><strong>iu</strong></span> <span class='ocrx_word' id='word_1_429' title='bbox 784 3287 867 3344; x_wconf 87' lang='lat' dir='ltr'><strong>rebus</strong></span> <span class='ocrx_word' id='word_1_430' title='bbox 883 3285 1062 3359; x_wconf 81' lang='lat' dir='ltr'><strong>pupillaribus</strong></span> <span class='ocrx_word' id='word_1_431' title='bbox 1081 3295 1105 3344; x_wconf 82' lang='lat' dir='ltr'><strong>et</strong></span> <span class='ocrx_word' id='word_1_432' title='bbox 1122 3287 1221 3344; x_wconf 82' lang='lat' dir='ltr'><strong>callide</strong></span> <span class='ocrx_word' id='word_1_433' title='bbox 1238 3288 1410 3346; x_wconf 77' lang='lat' dir='ltr'><strong>mnucnseo</strong></span> <span class='ocrx_word' id='word_1_434' title='bbox 1421 3294 1581 3360; x_wconf 87' lang='lat' dir='ltr'><strong>suspectum</strong></span> <span class='ocrx_word' id='word_1_435' title='bbox 1593 3306 1663 3348; x_wconf 88' lang='lat' dir='ltr'><strong>eom·</strong></span> 
     </span>
    </p>

    <p class='ocr_par' dir='ltr' id='par_1_23' title="bbox 204 3375 1798 3630">
     <span class='ocr_line' id='line_1_35' title="bbox 204 3375 1662 3451; baseline -0.001 -14"><span class='ocrx_word' id='word_1_436' title='bbox 204 3393 219 3438; x_wconf 83' lang='lat' dir='ltr'><strong>e</strong></span> <span class='ocrx_word' id='word_1_437' title='bbox 238 3380 356 3451; x_wconf 85' lang='lat' dir='ltr'><strong>mendet,</strong></span> <span class='ocrx_word' id='word_1_438' title='bbox 373 3379 502 3436; x_wconf 86' lang='lat' dir='ltr'><strong>heredem</strong></span> <span class='ocrx_word' id='word_1_439' title='bbox 520 3393 587 3434; x_wconf 90' lang='lat' dir='ltr'><strong>uero</strong></span> <span class='ocrx_word' id='word_1_440' title='bbox 605 3378 680 3434; x_wconf 80' lang='lat' dir='ltr'><strong>soloe</strong></span> <span class='ocrx_word' id='word_1_441' title='bbox 697 3375 852 3434; x_wconf 73' lang='lat' dir='ltr'><strong>facultates.</strong></span> <span class='ocrx_word' id='word_1_442' title='bbox 879 3377 962 3434; x_wconf 84' lang='lat' dir='ltr'><strong>Pione</strong></span> <span class='ocrx_word' id='word_1_443' title='bbox 979 3377 1007 3432; x_wconf 90' lang='lat' dir='ltr'><strong>in</strong></span> <span class='ocrx_word' id='word_1_444' title='bbox 1025 3377 1128 3432; x_wconf 85' lang='lat' dir='ltr'><strong>receuti</strong></span> <span class='ocrx_word' id='word_1_445' title='bbox 1146 3376 1238 3433; x_wconf 80' lang='lat' dir='ltr'><strong>editoe</strong></span> <span class='ocrx_word' id='word_1_446' title='bbox 1255 3376 1414 3434; x_wconf 69' lang='lat' dir='ltr'><strong>hereditatis</strong></span> <span class='ocrx_word' id='word_1_447' title='bbox 1431 3378 1566 3436; x_wconf 79' lang='lat' dir='ltr'><strong>audiendi</strong></span> <span class='ocrx_word' id='word_1_448' title='bbox 1578 3387 1662 3451; x_wconf 82' lang='lat' dir='ltr'><strong>erunt,</strong></span> 
     </span>
     <span class='ocr_line' id='line_1_36' title="bbox 237 3449 1798 3542; baseline -0.004 -16"><span class='ocrx_word' id='word_1_449' title='bbox 237 3471 283 3541; x_wconf 89' lang='lat' dir='ltr'><strong>qui</strong></span> <span class='ocrx_word' id='word_1_450' title='bbox 306 3473 465 3542; x_wconf 88' lang='lat' dir='ltr'><strong>suspectum</strong></span> <span class='ocrx_word' id='word_1_451' title='bbox 487 3468 640 3539; x_wconf 88' lang='lat' dir='ltr'><strong>postulant:</strong></span> <span class='ocrx_word' id='word_1_452' title='bbox 663 3471 784 3522; x_wconf 89' lang='lat' dir='ltr'><strong>ceterum</strong></span> <span class='ocrx_word' id='word_1_453' title='bbox 808 3467 833 3522; x_wconf 89' lang='lat' dir='ltr'><strong>si</strong></span> <span class='ocrx_word' id='word_1_454' title='bbox 852 3465 1001 3537; x_wconf 89' lang='lat' dir='ltr'><strong>probentur</strong></span> <span class='ocrx_word' id='word_1_455' title='bbox 1017 3467 1092 3536; x_wconf 83' lang='lat' dir='ltr'><strong>passi</strong></span> <span class='ocrx_word' id='word_1_456' title='bbox 1109 3481 1172 3522; x_wconf 91' lang='lat' dir='ltr'><strong>eum</strong></span> <span class='ocrx_word' id='word_1_457' title='bbox 1190 3467 1219 3521; x_wconf 92' lang='lat' dir='ltr'><strong>in</strong></span> <span class='ocrx_word' id='word_1_458' title='bbox 1236 3465 1386 3522; x_wconf 82' lang='lat' dir='ltr'><strong>hereditate</strong></span> <span class='ocrx_word' id='word_1_459' title='bbox 1403 3469 1505 3524; x_wconf 83' lang='lat' dir='ltr'><strong>morari</strong></span> <span class='ocrx_word' id='word_1_460' title='bbox 1522 3484 1576 3526; x_wconf 91' lang='lat' dir='ltr'><strong>neo</strong></span> <span class='ocrx_word' id='word_1_461' title='bbox 1591 3471 1663 3542; x_wconf 87' lang='lat' dir='ltr'><strong>quio·</strong></span> <span class='ocrx_word' id='word_1_462' title='bbox 1679 3465 1764 3520; x_wconf 59' lang='grc' dir='ltr'><em>θ</em></span> <span class='ocrx_word' id='word_1_463' title='bbox 1776 3449 1798 3494; x_wconf 75' lang='lat'><strong>³⁵</strong></span> 
     </span>
     <span class='ocr_line' id='line_1_37' title="bbox 237 3554 1664 3630; baseline -0.001 -15"><span class='ocrx_word' id='word_1_464' title='bbox 237 3575 319 3630; x_wconf 86' lang='lat' dir='ltr'><strong>qnam</strong></span> <span class='ocrx_word' id='word_1_465' title='bbox 337 3559 444 3630; x_wconf 87' lang='lat' dir='ltr'><strong>possint</strong></span> <span class='ocrx_word' id='word_1_466' title='bbox 460 3556 570 3613; x_wconf 90' lang='lat' dir='ltr'><strong>obicere</strong></span> <span class='ocrx_word' id='word_1_467' title='bbox 587 3556 707 3612; x_wconf 88' lang='lat' dir='ltr'><strong>criminis</strong></span> <span class='ocrx_word' id='word_1_468' title='bbox 724 3555 803 3626; x_wconf 85' lang='lat' dir='ltr'><strong>quasi</strong></span> <span class='ocrx_word' id='word_1_469' title='bbox 821 3555 915 3612; x_wconf 90' lang='lat' dir='ltr'><strong>dolose</strong></span> <span class='ocrx_word' id='word_1_470' title='bbox 932 3559 1043 3610; x_wconf 78' lang='lat' dir='ltr'><strong>nemeto</strong></span> <span class='ocrx_word' id='word_1_471' title='bbox 1060 3569 1102 3626; x_wconf 88' lang='lat' dir='ltr'><strong>eo,</strong></span> <span class='ocrx_word' id='word_1_472' title='bbox 1120 3571 1176 3611; x_wconf 90' lang='lat' dir='ltr'><strong>non</strong></span> <span class='ocrx_word' id='word_1_473' title='bbox 1193 3554 1305 3612; x_wconf 90' lang='lat' dir='ltr'><strong>debebit</strong></span> <span class='ocrx_word' id='word_1_474' title='bbox 1321 3559 1385 3627; x_wconf 88' lang='lat' dir='ltr'><strong>post</strong></span> <span class='ocrx_word' id='word_1_475' title='bbox 1401 3557 1517 3613; x_wconf 84' lang='lat' dir='ltr'><strong>multum</strong></span> <span class='ocrx_word' id='word_1_476' title='bbox 1536 3559 1664 3630; x_wconf 90' lang='lat' dir='ltr'><strong>temporis</strong></span> 
     </span>
    </p>

    <p class='ocr_par' dir='ltr' id='par_1_24' title="bbox 204 3631 1663 3809">
     <span class='ocr_line' id='line_1_38' title="bbox 204 3631 1663 3717; baseline -0.001 -10"><span class='ocrx_word' id='word_1_477' title='bbox 204 3661 219 3706; x_wconf 87' lang='lat' dir='ltr'><strong>e</strong></span> <span class='ocrx_word' id='word_1_478' title='bbox 237 3650 273 3706; x_wconf 87' lang='lat' dir='ltr'><strong>ad</strong></span> <span class='ocrx_word' id='word_1_479' title='bbox 297 3649 367 3706; x_wconf 81' lang='lat' dir='ltr'><strong>hanc</strong></span> <span class='ocrx_word' id='word_1_480' title='bbox 389 3647 580 3704; x_wconf 87' lang='lat' dir='ltr'><strong>necessitatem</strong></span> <span class='ocrx_word' id='word_1_481' title='bbox 602 3645 735 3716; x_wconf 91' lang='lat' dir='ltr'><strong>compelli.</strong></span> <span class='ocrx_word' id='word_1_482' title='bbox 771 3643 851 3711; x_wconf 83' lang='lat' dir='ltr'><strong>Quod</strong></span> <span class='ocrx_word' id='word_1_483' title='bbox 869 3646 892 3700; x_wconf 90' lang='lat' dir='ltr'><strong>si</strong></span> <span class='ocrx_word' id='word_1_484' title='bbox 910 3631 1054 3716; x_wconf 79' lang='lat' dir='ltr'><strong>suspectus</strong></span> <span class='ocrx_word' id='word_1_485' title='bbox 1071 3645 1206 3701; x_wconf 83' lang='lat' dir='ltr'><strong>ealhdare</strong></span> <span class='ocrx_word' id='word_1_486' title='bbox 1222 3645 1314 3702; x_wconf 86' lang='lat' dir='ltr'><strong>iussus</strong></span> <span class='ocrx_word' id='word_1_487' title='bbox 1330 3645 1440 3702; x_wconf 88' lang='lat' dir='ltr'><strong>decreto</strong></span> <span class='ocrx_word' id='word_1_488' title='bbox 1458 3649 1595 3717; x_wconf 73' lang='lat' dir='ltr'><strong>praecone</strong></span> <span class='ocrx_word' id='word_1_489' title='bbox 1611 3663 1663 3704; x_wconf 88' lang='lat' dir='ltr'><strong>non</strong></span> 
     </span>
     <span class='ocr_line' id='line_1_39' title="bbox 237 3733 1663 3809; baseline 0 -15"><span class='ocrx_word' id='word_1_490' title='bbox 237 3737 481 3809; x_wconf 86' lang='lat' dir='ltr'><strong>obtemperauerit,</strong></span> <span class='ocrx_word' id='word_1_491' title='bbox 503 3741 570 3792; x_wconf 87' lang='lat' dir='ltr'><strong>tuno</strong></span> <span class='ocrx_word' id='word_1_492' title='bbox 593 3733 666 3790; x_wconf 85' lang='lat' dir='ltr'><strong>bona</strong></span> <span class='ocrx_word' id='word_1_493' title='bbox 681 3733 841 3790; x_wconf 87' lang='lat' dir='ltr'><strong>hereditatis</strong></span> <span class='ocrx_word' id='word_1_494' title='bbox 858 3733 993 3804; x_wconf 66' lang='lat' dir='ltr'><strong>possidere·</strong></span> <span class='ocrx_word' id='word_1_495' title='bbox 1012 3747 1167 3804; x_wconf 87' lang='lat' dir='ltr'><strong>nonumque</strong></span> <span class='ocrx_word' id='word_1_496' title='bbox 1184 3734 1244 3790; x_wconf 82' lang='lat' dir='ltr'><strong>dari</strong></span> <span class='ocrx_word' id='word_1_497' title='bbox 1261 3748 1296 3790; x_wconf 83' lang='lat' dir='ltr'><strong>ex</strong></span> <span class='ocrx_word' id='word_1_498' title='bbox 1313 3734 1403 3791; x_wconf 88' lang='lat' dir='ltr'><strong>edicto</strong></span> <span class='ocrx_word' id='word_1_499' title='bbox 1421 3749 1473 3792; x_wconf 85' lang='lat' dir='ltr'><strong>suo</strong></span> <span class='ocrx_word' id='word_1_500' title='bbox 1490 3737 1663 3808; x_wconf 75' lang='lat' dir='ltr'><strong>permittere¹</strong></span> 
     </span>
    </p>

    <p class='ocr_par' dir='ltr' id='par_1_25' title="bbox 205 3821 1663 3898">
     <span class='ocr_line' id='line_1_40' title="bbox 205 3821 1663 3898; baseline -0.002 -12"><span class='ocrx_word' id='word_1_501' title='bbox 205 3841 220 3886; x_wconf 79' lang='lat' dir='ltr'><strong>e</strong></span> <span class='ocrx_word' id='word_1_502' title='bbox 237 3827 351 3884; x_wconf 90' lang='lat' dir='ltr'><strong>iubebit.</strong></span> <span class='ocrx_word' id='word_1_503' title='bbox 387 3827 471 3882; x_wconf 76' lang='lat' dir='ltr'><strong>Hane</strong></span> <span class='ocrx_word' id='word_1_504' title='bbox 495 3825 519 3880; x_wconf 90' lang='lat' dir='ltr'><strong>si</strong></span> <span class='ocrx_word' id='word_1_505' title='bbox 541 3821 673 3881; x_wconf 83' lang='lat' dir='ltr'><strong>doceatur</strong></span> <span class='ocrx_word' id='word_1_506' title='bbox 692 3823 758 3880; x_wconf 88' lang='lat' dir='ltr'><strong>nihil</strong></span> <span class='ocrx_word' id='word_1_507' title='bbox 776 3837 812 3879; x_wconf 86' lang='lat' dir='ltr'><strong>ex</strong></span> <span class='ocrx_word' id='word_1_508' title='bbox 828 3821 908 3880; x_wconf 90' lang='lat' dir='ltr'><strong>honis</strong></span> <span class='ocrx_word' id='word_1_509' title='bbox 925 3823 1060 3880; x_wconf 79' lang='lat' dir='ltr'><strong>dienasse</strong></span> <span class='ocrx_word' id='word_1_510' title='bbox 1076 3837 1128 3878; x_wconf 90' lang='lat' dir='ltr'><strong>neo</strong></span> <span class='ocrx_word' id='word_1_511' title='bbox 1145 3823 1183 3879; x_wconf 91' lang='lat' dir='ltr'><strong>sit</strong></span> <span class='ocrx_word' id='word_1_512' title='bbox 1199 3823 1273 3893; x_wconf 88' lang='lat' dir='ltr'><strong>qnod</strong></span> <span class='ocrx_word' id='word_1_513' title='bbox 1290 3823 1317 3880; x_wconf 90' lang='lat' dir='ltr'><strong>ei</strong></span> <span class='ocrx_word' id='word_1_514' title='bbox 1333 3824 1405 3880; x_wconf 87' lang='lat' dir='ltr'><strong>inste</strong></span> <span class='ocrx_word' id='word_1_515' title='bbox 1422 3828 1534 3895; x_wconf 82' lang='lat' dir='ltr'><strong>prester</strong></span> <span class='ocrx_word' id='word_1_516' title='bbox 1551 3841 1663 3898; x_wconf 70' lang='lat' dir='ltr'><strong>pauper</strong></span> 
     </span>
    </p>

    <p class='ocr_par' dir='ltr' id='par_1_26' title="bbox 205 3901 1765 4076">
     <span class='ocr_line' id='line_1_41' title="bbox 205 3901 1765 3985; baseline -0.005 -11"><span class='ocrx_word' id='word_1_517' title='bbox 205 3929 220 3977; x_wconf 80' lang='lat' dir='ltr'><strong>e</strong></span> <span class='ocrx_word' id='word_1_518' title='bbox 238 3920 323 3972; x_wconf 78' lang='lat' dir='ltr'><strong>tatem</strong></span> <span class='ocrx_word' id='word_1_519' title='bbox 342 3914 487 3985; x_wconf 84' lang='lat' dir='ltr'><strong>obicietur,</strong></span> <span class='ocrx_word' id='word_1_520' title='bbox 505 3917 650 3970; x_wconf 89' lang='lat' dir='ltr'><strong>contentus</strong></span> <span class='ocrx_word' id='word_1_521' title='bbox 668 3927 729 3968; x_wconf 89' lang='lat' dir='ltr'><strong>esse</strong></span> <span class='ocrx_word' id='word_1_522' title='bbox 746 3917 857 3983; x_wconf 84' lang='lat' dir='ltr'><strong>praetor</strong></span> <span class='ocrx_word' id='word_1_523' title='bbox 874 3911 968 3984; x_wconf 89' lang='lat' dir='ltr'><strong>debet,</strong></span> <span class='ocrx_word' id='word_1_524' title='bbox 987 3917 1017 3970; x_wconf 89' lang='lat' dir='ltr'><strong>ut</strong></span> <span class='ocrx_word' id='word_1_525' title='bbox 1034 3911 1129 3969; x_wconf 84' lang='lat' dir='ltr'><strong>iubeat</strong></span> <span class='ocrx_word' id='word_1_526' title='bbox 1145 3927 1208 3970; x_wconf 88' lang='lat' dir='ltr'><strong>sum</strong></span> <span class='ocrx_word' id='word_1_527' title='bbox 1225 3912 1292 3970; x_wconf 88' lang='lat' dir='ltr'><strong>nihil</strong></span> <span class='ocrx_word' id='word_1_528' title='bbox 1309 3913 1439 3971; x_wconf 68' lang='lat' dir='ltr'><strong>munere.</strong></span> <span class='ocrx_word' id='word_1_529' title='bbox 1476 3913 1558 3981; x_wconf 81' lang='lat' dir='ltr'><strong>Quod</strong></span> <span class='ocrx_word' id='word_1_530' title='bbox 1575 3916 1599 3970; x_wconf 90' lang='lat' dir='ltr'><strong>si</strong></span> <span class='ocrx_word' id='word_1_531' title='bbox 1616 3929 1664 3972; x_wconf 87' lang='lat' dir='ltr'><strong>nec</strong></span> <span class='ocrx_word' id='word_1_532' title='bbox 1678 3901 1765 3966; x_wconf 60' lang='lat' dir='ltr'><strong>sd</strong></span> 
     </span>
     <span class='ocr_line' id='line_1_42' title="bbox 237 4001 1628 4076; baseline 0.001 -16"><span class='ocrx_word' id='word_1_533' title='bbox 237 4004 330 4076; x_wconf 84' lang='lat' dir='ltr'><strong>inopie</strong></span> <span class='ocrx_word' id='word_1_534' title='bbox 347 4003 515 4060; x_wconf 73' lang='lat' dir='ltr'><strong>laborantem</strong></span> <span class='ocrx_word' id='word_1_535' title='bbox 533 4018 597 4059; x_wconf 91' lang='lat' dir='ltr'><strong>eum</strong></span> <span class='ocrx_word' id='word_1_536' title='bbox 616 4001 766 4058; x_wconf 89' lang='lat' dir='ltr'><strong>creditores</strong></span> <span class='ocrx_word' id='word_1_537' title='bbox 783 4001 927 4058; x_wconf 85' lang='lat' dir='ltr'><strong>ostendere</strong></span> <span class='ocrx_word' id='word_1_538' title='bbox 945 4003 1091 4072; x_wconf 88' lang='lat' dir='ltr'><strong>potuerint,</strong></span> <span class='ocrx_word' id='word_1_539' title='bbox 1109 4001 1267 4058; x_wconf 86' lang='lat' dir='ltr'><strong>iniuriarum</strong></span> <span class='ocrx_word' id='word_1_540' title='bbox 1285 4003 1393 4059; x_wconf 67' lang='lat' dir='ltr'><strong>wdone</strong></span> <span class='ocrx_word' id='word_1_541' title='bbox 1410 4003 1437 4059; x_wconf 92' lang='lat' dir='ltr'><strong>ei</strong></span> <span class='ocrx_word' id='word_1_542' title='bbox 1453 4003 1628 4062; x_wconf 86' lang='lat' dir='ltr'><strong>tenebuntur.</strong></span> 
     </span>
    </p>
   </div>
   <div class='ocr_carea' id='block_1_3' title="bbox 180 4087 1702 4269">
    <p class='ocr_par' dir='ltr' id='par_1_27' title="bbox 180 4087 1702 4269">
     <span class='ocr_line' id='line_1_43' title="bbox 180 4087 1702 4182; baseline 0.002 -33"><span class='ocrx_word' id='word_1_543' title='bbox 180 4095 218 4156; x_wconf 78' lang='lat'><strong>32</strong></span> <span class='ocrx_word' id='word_1_544' title='bbox 290 4095 408 4150; x_wconf 74' lang='lat' dir='ltr'><strong>Pennus</strong></span> <span class='ocrx_word' id='word_1_545' title='bbox 425 4092 494 4150; x_wconf 86' lang='lat' dir='ltr'><strong>libro</strong></span> <span class='ocrx_word' id='word_1_546' title='bbox 512 4092 643 4164; x_wconf 76' lang='lat' dir='ltr'><strong>singulari</strong></span> <span class='ocrx_word' id='word_1_547' title='bbox 658 4092 822 4162; x_wconf 73' lang='lat' dir='ltr'><strong>regulorum.</strong></span> <span class='ocrx_word' id='word_1_548' title='bbox 852 4091 999 4162; x_wconf 80' lang='lat' dir='ltr'><strong>Priurlegia</strong></span> <span class='ocrx_word' id='word_1_549' title='bbox 1015 4106 1071 4148; x_wconf 92' lang='lat' dir='ltr'><strong>non</strong></span> <span class='ocrx_word' id='word_1_550' title='bbox 1088 4105 1123 4147; x_wconf 85' lang='lat' dir='ltr'><strong>ex</strong></span> <span class='ocrx_word' id='word_1_551' title='bbox 1140 4095 1208 4147; x_wconf 87' lang='lat' dir='ltr'><strong>tem·</strong></span> <span class='ocrx_word' id='word_1_552' title='bbox 1226 4087 1702 4182; x_wconf 61' lang='lat' dir='ltr'><strong>Qu</strong></span> 
     </span>
     <span class='ocr_line' id='line_1_44' title="bbox 235 4189 463 4269; baseline 0 -15"><span class='ocrx_word' id='word_1_553' title='bbox 235 4197 427 4269; x_wconf 63' lang='lat' dir='ltr'><strong>cumeneo)</strong></span> <span class='ocrx_word' id='word_1_554' title='bbox 454 4189 463 4208; x_wconf 68' lang='lat'><strong>⁴</strong></span> 
     </span>
    </p>
   </div>
   <div class='ocr_carea' id='block_1_4' title="bbox 236 4349 1664 4494">
    <p class='ocr_par' dir='ltr' id='par_1_28' title="bbox 236 4349 1664 4494">
     <span class='ocr_line' id='line_1_45' title="bbox 237 4349 1664 4423; baseline 0.003 -17"><span class='ocrx_word' id='word_1_555' title='bbox 237 4355 297 4406; x_wconf 85' lang='lat' dir='ltr'><strong>¹ut</strong></span> <span class='ocrx_word' id='word_1_556' title='bbox 314 4359 362 4406; x_wconf 84' lang='lat' dir='ltr'><strong>ias.</strong></span> <span class='ocrx_word' id='word_1_557' title='bbox 433 4352 606 4422; x_wconf 75' lang='lat' dir='ltr'><strong>²postqmm</strong></span> <span class='ocrx_word' id='word_1_558' title='bbox 619 4349 814 4407; x_wconf 81' lang='lat' dir='ltr'><strong>...hereditati</strong></span> <span class='ocrx_word' id='word_1_559' title='bbox 832 4349 966 4418; x_wconf 55' lang='grc' dir='ltr'><strong>ἄριμα.</strong></span> <span class='ocrx_word' id='word_1_560' title='bbox 979 4351 1072 4417; x_wconf 84' lang='lat' dir='ltr'><strong>Faber)</strong></span> <span class='ocrx_word' id='word_1_561' title='bbox 1142 4350 1363 4408; x_wconf 64' lang='lat' dir='ltr'><strong>&#39;hcrmitcrism</strong></span> <span class='ocrx_word' id='word_1_562' title='bbox 1381 4365 1510 4410; x_wconf 63' lang='lat' dir='ltr'><strong>musae</strong></span> <span class='ocrx_word' id='word_1_563' title='bbox 1529 4362 1578 4410; x_wconf 82' lang='lat' dir='ltr'><strong>isc.</strong></span> <span class='ocrx_word' id='word_1_564' title='bbox 1591 4357 1626 4423; x_wconf 77' lang='lat' dir='ltr'><strong>(cs</strong></span> <span class='ocrx_word' id='word_1_565' title='bbox 1639 4355 1664 4422; x_wconf 79' lang='lat' dir='ltr'><strong>i)</strong></span> 
     </span>
     <span class='ocr_line' id='line_1_46' title="bbox 236 4422 857 4494; baseline -0.006 -14"><span class='ocrx_word' id='word_1_566' title='bbox 236 4423 248 4458; x_wconf 83' lang='lat'><strong>⁴</strong></span> <span class='ocrx_word' id='word_1_567' title='bbox 265 4439 283 4480; x_wconf 85' lang='lat' dir='ltr'><strong>a</strong></span> <span class='ocrx_word' id='word_1_568' title='bbox 300 4422 422 4494; x_wconf 91' lang='lat' dir='ltr'><strong>principe</strong></span> <span class='ocrx_word' id='word_1_569' title='bbox 439 4425 474 4491; x_wconf 85' lang='lat' dir='ltr'><strong>(u.</strong></span> <span class='ocrx_word' id='word_1_570' title='bbox 487 4423 538 4490; x_wconf 77' lang='lat' dir='ltr'><strong>tl?</strong></span> <span class='ocrx_word' id='word_1_571' title='bbox 607 4425 618 4459; x_wconf 82' lang='lat'>⁵</span> <span class='ocrx_word' id='word_1_572' title='bbox 635 4423 792 4494; x_wconf 84' lang='lat' dir='ltr'><strong>permittere</strong></span> <span class='ocrx_word' id='word_1_573' title='bbox 810 4423 857 4476; x_wconf 83' lang='lat' dir='ltr'><strong>det.</strong></span> 
     </span>
    </p>
   </div>
   <div class='ocr_carea' id='block_1_5' title="bbox 226 4571 1672 5148">
    <p class='ocr_par' dir='ltr' id='par_1_29' title="bbox 226 4571 1672 5148">
     <span class='ocr_line' id='line_1_47' title="bbox 226 4571 1666 4645; baseline 0.006 -18"><span class='ocrx_word' id='word_1_574' title='bbox 226 4571 255 4627; x_wconf 69' lang='lat'><strong>‘4</strong></span> <span class='ocrx_word' id='word_1_575' title='bbox 272 4571 309 4642; x_wconf 92' lang='lat' dir='ltr'><strong>in]</strong></span> <span class='ocrx_word' id='word_1_576' title='bbox 329 4571 364 4626; x_wconf 84' lang='lat' dir='ltr'><strong>ad</strong></span> <span class='ocrx_word' id='word_1_577' title='bbox 382 4572 423 4642; x_wconf 77' lang='lat' dir='ltr'><strong>Fi</strong></span> <span class='ocrx_word' id='word_1_578' title='bbox 443 4571 607 4643; x_wconf 71' lang='lat' dir='ltr'><strong>cdquhdnt</strong></span> <span class='ocrx_word' id='word_1_579' title='bbox 624 4575 661 4627; x_wconf 67' lang='grc' dir='ltr'><strong>Ρ*</strong></span> <span class='ocrx_word' id='word_1_580' title='bbox 714 4573 869 4630; x_wconf 79' lang='lat' dir='ltr'><strong>teduissa</strong></span> <span class='ocrx_word' id='word_1_581' title='bbox 887 4574 921 4628; x_wconf 82' lang='lat' dir='ltr'><strong>F¹</strong></span> <span class='ocrx_word' id='word_1_582' title='bbox 975 4571 1244 4642; x_wconf 69' lang='lat' dir='ltr'><strong>locoldebenttulii</strong></span> <span class='ocrx_word' id='word_1_583' title='bbox 1284 4573 1531 4645; x_wconf 63' lang='lat' dir='ltr'><strong>decennnium</strong></span> <span class='ocrx_word' id='word_1_584' title='bbox 1572 4579 1666 4636; x_wconf 67' lang='lat' dir='ltr'><strong>bilant</strong></span> 
     </span>
     <span class='ocr_line' id='line_1_48' title="bbox 237 4643 1672 4723; baseline 0.007 -25"><span class='ocrx_word' id='word_1_585' title='bbox 237 4645 272 4698; x_wconf 89' lang='lat'><strong>10</strong></span> <span class='ocrx_word' id='word_1_586' title='bbox 290 4643 454 4698; x_wconf 88' lang='lat' dir='ltr'><strong>seruandum</strong></span> <span class='ocrx_word' id='word_1_587' title='bbox 472 4645 596 4714; x_wconf 88' lang='lat' dir='ltr'><strong>nonest]</strong></span> <span class='ocrx_word' id='word_1_588' title='bbox 615 4645 756 4702; x_wconf 56' lang='lat' dir='ltr'><strong>Fri-*le</strong></span> <span class='ocrx_word' id='word_1_589' title='bbox 773 4666 829 4701; x_wconf 86' lang='lat' dir='ltr'><strong>cum</strong></span> <span class='ocrx_word' id='word_1_590' title='bbox 846 4643 922 4700; x_wconf 87' lang='lat' dir='ltr'><strong>B:b</strong></span> <span class='ocrx_word' id='word_1_591' title='bbox 975 4645 1034 4701; x_wconf 88' lang='lat' dir='ltr'><strong>eius</strong></span> <span class='ocrx_word' id='word_1_592' title='bbox 1109 4646 1145 4702; x_wconf 79' lang='lat'><strong>24</strong></span> <span class='ocrx_word' id='word_1_593' title='bbox 1168 4646 1223 4702; x_wconf 89' lang='lat' dir='ltr'><strong>siut</strong></span> <span class='ocrx_word' id='word_1_594' title='bbox 1247 4647 1343 4700; x_wconf 82' lang='lat' dir='ltr'><strong>om.F¹</strong></span> <span class='ocrx_word' id='word_1_595' title='bbox 1406 4648 1441 4704; x_wconf 81' lang='lat'><strong>25</strong></span> <span class='ocrx_word' id='word_1_596' title='bbox 1464 4653 1494 4704; x_wconf 91' lang='lat' dir='ltr'><strong>et</strong></span> <span class='ocrx_word' id='word_1_597' title='bbox 1515 4663 1632 4708; x_wconf 84' lang='lat' dir='ltr'><strong>seuerus</strong></span> <span class='ocrx_word' id='word_1_598' title='bbox 1646 4654 1672 4723; x_wconf 86' lang='lat' dir='ltr'><em>s</em></span> 
     </span>
     <span class='ocr_line' id='line_1_49' title="bbox 238 4714 1666 4802; baseline 0.007 -33"><span class='ocrx_word' id='word_1_599' title='bbox 238 4714 300 4769; x_wconf 72' lang='lat' dir='ltr'><strong>auri</strong></span> <span class='ocrx_word' id='word_1_600' title='bbox 314 4714 471 4802; x_wconf 65' lang='lat' dir='ltr'><strong>¹irrrrdr&#39;rrure</strong></span> <span class='ocrx_word' id='word_1_601' title='bbox 491 4715 671 4802; x_wconf 33' lang='grc' dir='ltr'><strong>ηῨῐιοκιατιαεῐὶε</strong></span> <span class='ocrx_word' id='word_1_602' title='bbox 695 4715 722 4772; x_wconf 79' lang='lat' dir='ltr'><strong>&#39;ei</strong></span> <span class='ocrx_word' id='word_1_603' title='bbox 746 4715 833 4780; x_wconf 59' lang='grc' dir='ltr'><strong>αῨτῶκ</strong></span> <span class='ocrx_word' id='word_1_604' title='bbox 853 4715 921 4786; x_wconf 75' lang='lat' dir='ltr'><strong>(reu</strong></span> <span class='ocrx_word' id='word_1_605' title='bbox 975 4718 1009 4772; x_wconf 74' lang='grc'><strong>23</strong></span> <span class='ocrx_word' id='word_1_606' title='bbox 1027 4717 1186 4788; x_wconf 80' lang='lat' dir='ltr'><strong>prinoipem]</strong></span> <span class='ocrx_word' id='word_1_607' title='bbox 1205 4717 1510 4789; x_wconf 75' lang='lat' dir='ltr'><strong>aprincipeXffloo</strong></span> <span class='ocrx_word' id='word_1_608' title='bbox 1557 4724 1594 4778; x_wconf 70' lang='lat'><strong>32</strong></span> <span class='ocrx_word' id='word_1_609' title='bbox 1607 4737 1666 4778; x_wconf 78' lang='lat' dir='ltr'><strong>eus-</strong></span> 
     </span>
     <span class='ocr_line' id='line_1_50' title="bbox 235 4787 1666 4938; baseline 0.005 -25"><span class='ocrx_word' id='word_1_610' title='bbox 235 4787 861 4932; x_wconf 55' lang='lat' dir='ltr'><strong>littttflittlllitl{iiiiii</strong></span> <span class='ocrx_word' id='word_1_611' title='bbox 880 4793 923 4913; x_wconf 63' lang='lat' dir='ltr'><strong>i?</strong></span> <span class='ocrx_word' id='word_1_612' title='bbox 975 4789 1456 4922; x_wconf 53' lang='lat' dir='ltr'><strong>hlhlnlifflizfeffioi‘liii</strong></span> <span class='ocrx_word' id='word_1_613' title='bbox 1469 4792 1666 4938; x_wconf 57' lang='lat' dir='ltr'><strong>&#39;ciffis-¹</strong></span> 
     </span>
     <span class='ocr_line' id='line_1_51' title="bbox 237 4927 1667 5004; baseline 0.006 -21"><span class='ocrx_word' id='word_1_614' title='bbox 237 4931 272 4984; x_wconf 82' lang='lat' dir='ltr'><strong>1e</strong></span> <span class='ocrx_word' id='word_1_615' title='bbox 282 4927 311 4982; x_wconf 93' lang='lat' dir='ltr'><strong>id</strong></span> <span class='ocrx_word' id='word_1_616' title='bbox 321 4929 364 4999; x_wconf 80' lang='lat' dir='ltr'><strong>ex]</strong></span> <span class='ocrx_word' id='word_1_617' title='bbox 377 4929 505 4984; x_wconf 80' lang='lat' dir='ltr'><strong>iudexF¹</strong></span> <span class='ocrx_word' id='word_1_618' title='bbox 542 4932 577 4986; x_wconf 85' lang='lat'><strong>13</strong></span> <span class='ocrx_word' id='word_1_619' title='bbox 589 4933 773 4988; x_wconf 69' lang='lat' dir='ltr'><strong>materneeffl</strong></span> <span class='ocrx_word' id='word_1_620' title='bbox 810 4933 844 4988; x_wconf 84' lang='lat'><strong>15</strong></span> <span class='ocrx_word' id='word_1_621' title='bbox 855 4929 922 4987; x_wconf 94' lang='lat' dir='ltr'><strong>obli·</strong></span> <span class='ocrx_word' id='word_1_622' title='bbox 975 4951 1045 4987; x_wconf 75' lang='lat' dir='ltr'><strong>uersu</strong></span> <span class='ocrx_word' id='word_1_623' title='bbox 1065 4933 1091 4987; x_wconf 89' lang='lat' dir='ltr'><em>B</em></span> <span class='ocrx_word' id='word_1_624' title='bbox 1144 4933 1179 4988; x_wconf 84' lang='grc'><strong>37</strong></span> <span class='ocrx_word' id='word_1_625' title='bbox 1197 4937 1342 5004; x_wconf 89' lang='lat' dir='ltr'><strong>suspectus</strong></span> <span class='ocrx_word' id='word_1_626' title='bbox 1368 4933 1481 5003; x_wconf 81' lang='lat' dir='ltr'><strong>quaeis</strong></span> <span class='ocrx_word' id='word_1_627' title='bbox 1569 4941 1614 4992; x_wconf 86' lang='lat' dir='ltr'><strong>tus</strong></span> <span class='ocrx_word' id='word_1_628' title='bbox 1629 4937 1667 4991; x_wconf 70' lang='grc' dir='ltr'><strong>Ρ</strong></span> 
     </span>
     <span class='ocr_line' id='line_1_52' title="bbox 236 5001 1667 5076; baseline 0.006 -21"><span class='ocrx_word' id='word_1_629' title='bbox 236 5001 765 5072; x_wconf 70' lang='lat' dir='ltr'><strong>gationemlF1,postobligetiouemF²</strong></span> <span class='ocrx_word' id='word_1_630' title='bbox 809 5005 844 5060; x_wconf 82' lang='lat'><strong>19</strong></span> <span class='ocrx_word' id='word_1_631' title='bbox 856 5017 922 5073; x_wconf 82' lang='lat' dir='ltr'><strong>nuo·</strong></span> <span class='ocrx_word' id='word_1_632' title='bbox 960 5005 1010 5060; x_wconf 86' lang='lat'><strong>&#39;38</strong></span> <span class='ocrx_word' id='word_1_633' title='bbox 1027 5003 1168 5076; x_wconf 86' lang='lat' dir='ltr'><strong>possidere</strong></span> <span class='ocrx_word' id='word_1_634' title='bbox 1185 5003 1212 5058; x_wconf 80' lang='lat' dir='ltr'><strong><em>F</em></strong></span> <span class='ocrx_word' id='word_1_635' title='bbox 1258 5005 1294 5060; x_wconf 81' lang='grc'><strong>39</strong></span> <span class='ocrx_word' id='word_1_636' title='bbox 1311 5004 1339 5060; x_wconf 88' lang='lat' dir='ltr'><strong>iu</strong></span> <span class='ocrx_word' id='word_1_637' title='bbox 1376 5005 1487 5076; x_wconf 74' lang='lat' dir='ltr'><strong>uitF&#39;l</strong></span> <span class='ocrx_word' id='word_1_638' title='bbox 1532 5007 1667 5067; x_wconf 69' lang='lat' dir='ltr'><strong>&#39;maneb&#39;</strong></span> 
     </span>
     <span class='ocr_line' id='line_1_53' title="bbox 235 5072 1494 5148; baseline 0.002 -19"><span class='ocrx_word' id='word_1_639' title='bbox 235 5072 309 5130; x_wconf 85' lang='lat' dir='ltr'><strong>uiam</strong></span> <span class='ocrx_word' id='word_1_640' title='bbox 327 5087 416 5145; x_wconf 87' lang='lat' dir='ltr'><strong>neque</strong></span> <span class='ocrx_word' id='word_1_641' title='bbox 433 5075 528 5148; x_wconf 89' lang='lat' dir='ltr'><strong>pupilli</strong></span> <span class='ocrx_word' id='word_1_642' title='bbox 544 5073 617 5134; x_wconf 86' lang='lat' dir='ltr'><strong>boue</strong></span> <span class='ocrx_word' id='word_1_643' title='bbox 629 5075 722 5136; x_wconf 86' lang='lat' dir='ltr'><strong>uenire</strong></span> <span class='ocrx_word' id='word_1_644' title='bbox 734 5075 831 5143; x_wconf 88' lang='lat' dir='ltr'><strong>(ueniri</strong></span> <span class='ocrx_word' id='word_1_645' title='bbox 843 5078 922 5130; x_wconf 67' lang='lat' dir='ltr'><strong>uteo</strong></span> <span class='ocrx_word' id='word_1_646' title='bbox 975 5075 1013 5130; x_wconf 62' lang='lat' dir='ltr'><strong>lit</strong></span> <span class='ocrx_word' id='word_1_647' title='bbox 1028 5079 1033 5146; x_wconf 84' lang='grc' dir='ltr'>Ι</span> <span class='ocrx_word' id='word_1_648' title='bbox 1048 5075 1179 5133; x_wconf 70' lang='lat' dir='ltr'><strong>iustced</strong></span> <span class='ocrx_word' id='word_1_649' title='bbox 1226 5075 1261 5132; x_wconf 83' lang='lat'><strong>41</strong></span> <span class='ocrx_word' id='word_1_650' title='bbox 1279 5076 1437 5147; x_wconf 78' lang='lat' dir='ltr'><strong>potuerint</strong></span> <span class='ocrx_word' id='word_1_651' title='bbox 1454 5077 1494 5132; x_wconf 62' lang='lat' dir='ltr'><strong>F?</strong></span> 
     </span>
    </p>
   </div>
   <div class='ocr_carea' id='block_1_6' title="bbox 0 0 1826 5460">
    <p class='ocr_par' dir='ltr' id='par_1_30' title="bbox 0 0 1826 5460">
     <span class='ocr_line' id='line_1_54' title="bbox 0 0 1826 5460; baseline 0 0"><span class='ocrx_word' id='word_1_652' title='bbox 0 0 1826 5460; x_wconf 95' lang='lat' dir='ltr'><strong> </strong></span> 
     </span>
    </p>
   </div>
  </div>
 </body>
</html>
