3504 5452
288 275 407 344 XXXII
429 283 545 340 41-44
978 269 1035 353 86
1506 295 1553 342 nu
1575 292 1717 343 ussurus

288 434 348 491 ‘sub
364 449 454 507 poena
471 439 580 490 centum
599 433 761 506 promittant
777 449 839 491 eam
863 435 922 506 agri
944 435 1054 505 plagam
1076 438 1219 506 patemus
1242 435 1355 492 eiusad
1373 434 1463 492 Seium
1481 437 1643 505 posterosue
1660 431 1718 487 eius

290 524 351 581 'uon
368 527 561 595 peruenturam
579 539 690 593 quaqua
707 524 829 580 ratione'.
856 525 1010 594 qusesitum
1029 529 1085 595 est,
1104 540 1140 580 an
1156 526 1278 596 legatum
1295 525 1399 594 ualeat,
1418 539 1480 580 oum
1498 522 1611 578 Publius
1629 535 1719 577 emere

288 614 368 683 uelit,
391 611 477 668 Gaius
493 613 569 668 nolit.
596 611 738 682 respoudit
754 628 831 683 eum,
854 613 901 683 qui
924 611 1163 670 fideicommissum
1186 615 1320 684 praestari
1341 613 1394 670 sihi
1412 613 1491 683 uelit,
1513 627 1596 682 posse
1613 615 1719 682 partem

288 702 429 758 dimidiam
448 703 506 758 eius
524 701 583 771 agri
600 701 647 772 qui
665 702 773 772 legatus
790 706 834 758 est
850 706 957 773 petere,
982 703 1107 774 quamuis
1132 705 1200 759 alter
1221 704 1350 774 persequi
1372 703 1448 759 nolit.
1475 703 1540 757 item
1565 699 1719 770 quaesitum

289 800 339 862 est,
358 791 464 862 cautio,
482 806 552 861 quae
570 793 705 864 intsrponi
723 791 824 848 dehent
841 791 992 848 seeundum
1009 793 1192 864 uoluntatem,
1208 809 1259 865 pro
1276 799 1361 864 quota
1377 797 1455 864 parte
1472 791 1571 860 cuique
1589 788 1720 844 heredum

241 893 270 940 ro
288 881 455 954 praestanda
472 881 516 936 sit.
544 881 685 952 respondit
706 896 756 952 pro
779 896 813 936 ιι
829 882 966 953 portione,
990 897 1061 952 quae
1085 897 1120 938 ιι
1141 881 1353 938 fideicommisso
1375 885 1538 952 praestatur.
1574 875 1668 934 Sorori
1684 878 1720 932 le

289 972 366 1043 gauit
383 970 508 1026 hominos
525 985 594 1040 quos
612 972 764 1028 nominauit
780 974 946 1027 testamento
964 972 1077 1042 eiusque
1095 969 1159 1025 odei
1176 972 1335 1042 commissit,
1353 976 1384 1026 ut
1401 971 1496 1026 eadem
1511 967 1649 1037 mancipis
1659 964 1722 1022 liliis

289 1063 346 1118 suis
365 1077 427 1117 curn
445 1059 534 1116 obiret
550 1061 715 1116 restitueret.
743 1061 897 1132 quaesitum
916 1065 971 1129 est,
990 1060 1111 1130 adgnata
1127 1074 1163 1114 ex
1180 1059 1223 1116 his
1241 1075 1276 1116 ιι
1294 1059 1417 1116 defuncti
1432 1058 1496 1114 filii¹
1515 1055 1663 1112 heredibus
1680 1070 1721 1110 re-

289 1150 428 1206 stitueuds
445 1150 501 1206 sint
517 1153 581 1220 pust
598 1155 713 1206 mortem
731 1149 881 1220 legatariae
899 1165 935 1203 au
952 1153 1111 1204 remaneant
1122 1149 1196 1218 apud
1208 1149 1325 1205 heredes
1335 1151 1403 1205 eius.
1429 1147 1570 1219 respondit
1588 1161 1631 1215 ea,
1651 1159 1721 1215 quae

242 1251 270 1298 ιι
289 1243 388 1311 postea
405 1239 526 1308 adgnata
543 1241 650 1308 esseut,
672 1237 764 1294 uerbis
787 1236 991 1293 fideicommissi
1014 1252 1069 1293 nou
1086 1237 1227 1293 contineri.
1262 1239 1345 1294 Pater
1362 1238 1492 1294 naturalis
1509 1234 1583 1291 filiae
1601 1249 1670 1290 suae
1688 1249 1722 1290 er

288 1333 454 1385 testamento
478 1327 568 1382 mariti
590 1328 649 1382 sius
671 1326 875 1384 fideicommissi
897 1325 1016 1396 debitor,
1042 1341 1103 1381 cum
1129 1341 1163 1381 ιι
1186 1327 1282 1383 mulier
1299 1328 1345 1382 alii
1363 1325 1489 1392 nuberet,
1511 1341 1568 1380 nou
1589 1323 1721 1380 mandatu

289 1418 410 1474 mulieris
428 1416 521 1472 dotem
539 1416 637 1472 marito
656 1417 715 1472 eius
733 1416 810 1472 dedit
827 1421 856 1472 ιι
873 1415 926 1472 sibi
943 1414 1021 1470 reddi
1039 1430 1099 1470 eam
1118 1416 1266 1486 stipulatus
1282 1421 1339 1487 est,
1363 1415 1386 1471 si
1404 1416 1464 1470 sine
1480 1413 1574 1470 liberis
1590 1411 1648 1468 filis
1666 1427 1722 1468 ruo

289 1511 407 1563 rereturr
431 1505 527 1561 mulier
545 1503 628 1560 liliam
645 1506 779 1576 suscepit:
804 1504 958 1576 quaesitum
977 1508 1033 1573 est,
1055 1519 1091 1558 au
1108 1502 1348 1560 fideicommissum
1366 1521 1384 1560 a
1400 1510 1478 1575 patre
1495 1504 1607 1574 exigere
1626 1501 1721 1572 possit

289 1595 300 1668 ΙΙ
320 1594 469 1666 respondit,
488 1595 512 1650 si
531 1611 581 1651 uec
598 1599 685 1650 ratam
704 1594 846 1650 habuisset
857 1594 950 1650 dotem
962 1593 1064 1662 domm,
1082 1607 1226 1664 superesse
1237 1591 1440 1650 fideicommissi
1452 1593 1622 1663 petitionem.
1650 1589 1722 1644 idem

289 1684 421 1755 quaesiit,
440 1699 489 1752 an,
507 1684 532 1739 si
548 1687 628 1756 pater
645 1689 759 1755 accepto
776 1683 868 1740 lacere
885 1683 1088 1752 stipulationem
1107 1683 1186 1752 uelit,
1205 1683 1311 1739 mulieri
1327 1682 1481 1754 persecutio
1498 1679 1722 1736 fideicommisso-

288 1789 350 1829 mm
368 1771 531 1842 deneganda
548 1773 592 1829 sit
619 1773 761 1844 respondit
778 1787 862 1844 supra
879 1787 1053 1842 responsum,
1077 1787 1194 1842 sumque
1211 1778 1331 1842 patrem,
1355 1771 1390 1826 de
1412 1785 1467 1842 quo
1485 1771 1677 1840 quaereretur,
1699 1768 1723 1823 si

241 1868 272 1914 ιι
289 1863 329 1918 ita
345 1861 480 1931 dedisset,
505 1865 536 1916 ut
554 1862 650 1918 mulier
667 1867 756 1918 ιιιιιι
774 1861 901 1932 haberet,
924 1875 1006 1932 posse
1023 1859 1175 1916 condicere.
1212 1859 1304 1916 Seium
1322 1860 1449 1915 maritum
1467 1859 1577 1930 scripsit
1592 1855 1720 1914 herodem

289 1951 371 2020 eique
388 1949 531 2006 substituit
541 1949 661 2022 Appiam
679 1952 817 2008 alumnam
835 1949 953 2020 fideique
971 1949 1080 2006 heredis
1096 1950 1240 2020 commisit,
1259 1955 1290 2004 ιι
1307 1953 1501 2020 postmortem
1519 1963 1599 2002 suam
1617 1946 1720 2002 heredi·

289 2043 375 2096 tatem
398 2039 486 2094 eidem
510 2041 637 2097 alumnae
659 2041 816 2096 restitueret
837 2045 898 2110 aut,
923 2040 947 2095 si
970 2039 1037 2110 quid
1058 2045 1122 2095 aute
1147 2040 1308 2110 contigisset
1330 2039 1468 2108 alumnae,
1492 2042 1559 2092 tuuc
1577 2035 1720 2114 llalerisuo

290 2127 381 2184 fratris
404 2125 460 2184 filio
482 2129 640 2186 restitueret
662 2129 778 2186 eandem
801 2128 989 2185 hereditatem.
1017 2129 1171 2198 quaesitum
1190 2133 1245 2199 est,
1269 2129 1293 2184 si
1311 2127 1391 2184 Seius
1413 2128 1508 2196 uiuus,
1531 2123 1666 2196 quidquid
1687 2124 1735 2180 sd:

290 2232 406 2274 eumer
424 2217 574 2274 hereditate
592 2220 772 2290 peruenisset,
791 2219 916 2274 alumnae
933 2217 1108 2288 restituisset,
1125 2233 1161 2273 an
1179 2217 1329 2273 secundum
1342 2217 1511 2274 uoluntatem
1529 2213 1677 2270 deiunctae
1693 2213 1719 2268 id

289 2305 388 2363 iecisse
405 2307 558 2363 uideretur:
577 2309 737 2378 praesertim
756 2323 818 2364 oum
836 2307 904 2362 bueo
920 2307 992 2362 idom
1005 2306 1155 2363 substituta
1166 2313 1248 2362 esset.
1275 2306 1423 2378 respondit,
1442 2306 1465 2360 si
1477 2305 1542 2360 uiuo
1555 2301 1620 2358 Seio
1632 2302 1719 2373 Appia

242 2401 271 2447 ιι
289 2396 468 2466 decessisset,
495 2411 549 2452 uon
573 2412 635 2452 esse
660 2396 806 2453 liberatum
829 2413 846 2452 ι
868 2394 1080 2452 fideicommisso
1103 2395 1373 2462 Ualerianarelioto.
1410 2393 1544 2450 Scaeuola
1566 2392 1718 2464 respondit:

289 2500 352 2542 oum
370 2483 449 2540 heres
467 2486 586 2558 scriptus
603 2489 717 2557 rogatus
735 2491 822 2556 esset,
845 2501 907 2541 cum
926 2486 1014 2555 uolet,
1039 2486 1084 2540 alii
1101 2486 1244 2541 restituere
1261 2485 1455 2554 hereditatem,
1480 2483 1588 2540 interim
1607 2497 1662 2538 uon
1680 2487 1720 2537 est

290 2573 493 2644 compellendus
511 2574 547 2630 ad
564 2573 831 2632 fideicommissum&
859 2574 1024 2631 cosumus:
1047 2578 1112 2644 post
1133 2579 1247 2630 mortem
1271 2575 1342 2629 euim
1366 2575 1460 2644 utique
1478 2573 1600 2628 ereditur
1617 2571 1718 2626 datum.

242 2668 273 2716 14
290 2663 406 2718 Heredis
424 2663 518 2734 scripti
536 2662 600 2720 fidei
618 2665 814 2734 commisserat,
832 2670 864 2719 ut
875 2663 955 2720 Seiae
972 2664 1051 2720 uxori
1061 2664 1216 2718 uniuersam
1229 2663 1386 2718 restitueret
1397 2662 1576 2718 hereditatem
1588 2667 1617 2717 et
1630 2661 1720 2716 uxoris

290 2751 355 2808 fidei
372 2753 509 2808 commisit
526 2753 554 2810 iu
571 2753 640 2810 haec
657 2753 756 2810 uerba:
776 2753 800 2809 'a
816 2757 860 2824 te,
878 2751 950 2822 Seis,
968 2759 1042 2823 peto,
1060 2755 1092 2807 ut
1108 2751 1241 2822 quidquid
1259 2751 1295 2807 sd
1312 2757 1341 2807 ιι
1358 2766 1393 2807 ιι
1411 2750 1563 2806 hereditate
1581 2765 1644 2808 mea
1662 2764 1720 2820 per·

290 2839 417 2912 'uenerit
441 2843 562 2912 exceptis
580 2842 635 2913 his,
660 2843 685 2898 si
702 2858 757 2913 qua
778 2841 829 2898 tihi
851 2857 934 2914 supra
956 2842 1061 2912 legaui,
1083 2841 1216 2912 reliquum
1235 2855 1315 2897 omue
1333 2839 1432 2896 reddas
1449 2841 1579 2896 restituas
1597 2839 1721 2894 Maeuiae

291 2929 395 2986 'infanti
413 2929 594 2987 dulcissimae.
623 2947 712 3002 aqua
730 2930 793 2988 Seis
816 2933 884 2987 satis
907 2931 980 3002 origi
1002 2937 1082 3001 ueto,
1105 2945 1167 2986 oum
1190 2931 1276 2986 sciam
1300 2945 1360 2985 earn
1383 2931 1475 3000 potius
1498 2945 1556 2985 rem
1579 2933 1719 2984 aucturam

292 3021 381 3092 'qnam
400 3020 564 3077 detrimento
581 3017 717 3076 futuram'.
746 3021 901 3091 quaesitum
918 3025 969 3090 est,
987 3035 1024 3076 ιι
1041 3020 1133 3076 statim
1146 3020 1254 3076 hlaeuia
1270 3017 1510 3074 fideicommissum
1523 3035 1540 3073 ι
1552 3017 1616 3074 Seia
1627 3021 1721 3088 petere

291 3111 387 3182 possit
414 3109 556 3180 respoudit
574 3109 639 3164 nibil
656 3110 779 3181 proponi,
799 3125 847 3164 cur
864 3123 919 3166 non
936 3110 1032 3180 possit

233 3195 297 3268 42Ι
343 3201 423 3256 inum
439 3198 508 3256 libro
526 3199 667 3268 trigesimo
684 3199 765 3254 tertio
783 3199 960 3269 digestorum.
996 3198 1086 3254 Titius
1103 3197 1218 3254 heredes
1236 3197 1354 3253 instituit
1371 3195 1461 3253 Seiam
1479 3211 1546 3252 uxo·
1565 3191 1722 3282 [Ka]

291 3303 349 3345 rem
368 3305 403 3344 ιι
419 3292 498 3358 parte
516 3287 691 3358 duodecima,
714 3288 849 3344 llaeuiam
873 3303 908 3343 ιι
931 3275 1041 3358 re'liquis
1062 3285 1187 3357 pertibus
1205 3286 1286 3342 etde
1304 3289 1479 3344 monumento
1503 3285 1578 3356 quod
1601 3273 1722 3342 sihi-e?

259 3447 262 3458 ι
292 3380 361 3436 strui
378 3377 503 3447 uolebat,
520 3377 560 3432 ita
577 3377 666 3432 cauit:
685 3377 791 3448 'corpus
809 3392 900 3432 meum
917 3377 995 3432 uxori
1013 3391 1091 3431 meae
1108 3376 1172 3431 uolo
1189 3375 1261 3432 uadi
1279 3375 1465 3447 sepeliendum
1483 3375 1512 3430 in
1528 3374 1615 3432 hundo
1633 3376 1679 3430 illo
1696 3379 1724 3430 et

293 3468 506 3524 'mouumentum
529 3465 633 3522 exstrui
655 3481 743 3536 usque
766 3466 802 3521 ad
825 3465 1038 3536 quadringentos
1056 3465 1170 3520 aureos'.
1197 3481 1311 3535 quaero,
1336 3481 1398 3521 cum
1418 3465 1447 3520 iu
1464 3464 1629 3520 duodecima
1646 3468 1724 3534 parte

292 3573 347 3614 nou
365 3557 482 3627 amplius
499 3571 581 3625 quam
600 3561 709 3610 eentum
728 3555 927 3626 quinquaginta
944 3553 1020 3610 aurei
1044 3567 1080 3609 ιι
1103 3553 1182 3610 honis
1200 3555 1290 3610 mariti
1307 3555 1343 3610 ad
1360 3569 1473 3610 uxorem
1491 3553 1667 3623 perueniant,
1690 3567 1724 3608 au

292 3647 344 3704 huo
362 3645 497 3716 scriptura
514 3643 549 3700 ab
567 3659 602 3700 ea
619 3644 679 3700 sola
695 3649 900 3702 monumentum
924 3643 976 3700 sibi
997 3647 1114 3700 testator
1134 3644 1238 3699 exstrui
1255 3644 1379 3700 noluerit
1405 3641 1535 3714 respondi
1552 3641 1589 3698 sb
1605 3649 1724 3713 utraque

292 3735 392 3792 herode
410 3737 615 3791 monumentum
632 3748 682 3804 pro
699 3733 870 3790 hereditariis
886 3732 1057 3804 portionibus
1073 3732 1286 3788 instruendum¹.

234 3825 274 3884 43
346 3825 461 3882 Cuneus
478 3823 547 3880 libro
565 3824 661 3892 quinto
678 3823 784 3879 decimo
801 3823 979 3894 digestorum.
1012 3821 1042 3878 Si
1059 3821 1131 3877 filiae
1148 3827 1227 3893 pater
1244 3821 1336 3877 dotem
1355 3820 1488 3877 arbitratu
1505 3827 1547 3878 tu·
1580 3831 1725 3890 Β.ιι,ι,ιι

292 3918 382 3970 torum
401 3913 460 3968 dari
477 3913 616 3979 iussisset,
639 3909 878 3983 'ihrbero'perinde
895 3911 949 3968 hoo
967 3911 1122 3968 babendum
1145 3913 1185 3968 ait
1206 3927 1241 3966 ao
1258 3911 1281 3966 si
1298 3911 1350 3966 uiri
1367 3910 1433 3966 boni
1450 3911 1584 3967 arbitratu
1601 3897 1725 3982 legffi

292 4005 337 4060 sit.
373 4002 466 4058 Labeo
490 4001 610 4071 quaerit,
639 4001 869 4071 quemadmodum
893 4006 1019 4072 apparet,
1042 4007 1172 4071 ιιιιιιιι
1199 4000 1292 4057 dotem
1320 4002 1452 4071 cuiusque
1479 3999 1550 4056 filiae
1578 4000 1646 4056 boni
1674 4001 1726 4056 uiri

293 4092 426 4149 arbitratu
445 4091 573 4147 constitui
591 4091 728 4160 oportot⁴:
753 4091 793 4145 ait
810 4090 839 4145 id
857 4105 911 4146 nou
929 4105 991 4146 esse
1009 4089 1119 4146 difficile
1137 4105 1172 4145 ιι
1189 4089 1336 4160 dignitate,
1360 4105 1395 4145 ιι
1412 4088 1610 4160 facultatibus,
1622 4105 1659 4146 ex
1677 4105 1725 4145 nu·

292 4197 368 4239 mero
385 4181 530 4238 liberorum
548 4183 743 4234 testamentum
760 4179 886 4236 facientis
903 4180 1057 4236 aestimare.

234 4273 274 4331 44
345 4272 517 4328 Pourosrus
534 4269 603 4324 libro
620 4268 741 4324 secundo
759 4269 796 4324 ad
813 4268 953 4325 Sabinum.
988 4267 1019 4325 Si
1036 4266 1138 4324 fundus
1154 4269 1262 4339 legatus
1282 4269 1319 4324 stt
1337 4283 1400 4325 oum
1418 4266 1460 4322 his
1477 4281 1548 4338 quas
1568 4261 1726 4352 Q

291 4368 533 4440 mwusororr)

294 4510 370 4566 ¹filii
388 4513 482 4578 (onum
500 4531 530 4566 ιι
546 4512 581 4584 pl.
599 4509 671 4578 liliis)
689 4511 736 4564 del.
798 4507 990 4565 ¹soluendum
1008 4519 1055 4564 ιιι.
1118 4507 1327 4563 'emendum
1345 4507 1444 4576 (edd)l
1504 4509 1564 4564 ‘ot
1581 4517 1631 4564 ιιι.
1649 4509 1727 4577 (ιιι.)

293 4644 462 4702 1ιιίἰιίιι
480 4643 523 4710 Ρ,
542 4645 627 4700 seiam
646 4643 781 4699 DEIOK:
804 4642 843 4697 sic
861 4641 935 4698 Chios
954 4641 981 4696 Β
1033 4643 1093 4708 (om.
1106 4641 1185 4708 haee)
1202 4641 1237 4705 E,
1255 4639 1306 4696 heo
1323 4641 1386 4694 eiI
1433 4642 1467 4696 27
1486 4641 1645 4697 commisit
1662 4639 1726 4710 ΓἸ

293 4719 374 4802 (rip.)
428 4717 515 4771 3siui
531 4717 568 4770 Π
622 4713 705 4772 sfilii
725 4711 894 4839 heredibus}
906 4712 980 4777 llll,
1034 4711 1162 4768 ιιιιιΡι
1206 4714 1241 4768 34
1257 4713 1416 4768 uoleuatll·
1431 4713 1436 4778 i
1451 4712 1573 4767 osbitF¹
1610 4713 1647 4768 35
1660 4729 1730 4839 off:-

292 4787 355 4844 hlirs
372 4787 517 4843 heredibus
533 4787 566 4854 Q,
583 4786 632 4842 dlii
650 4786 685 4842 ab
702 4786 848 4842 heredibus
892 4783 981 4849 ,liliis
1033 4785 1173 4854 drigeutos
1186 4785 1212 4837 F
1246 4785 1280 4840 37
1299 4783 1575 4839 monumeut'o'umF
1611 4785 1650 4839 to

292 4859 397 4916 abher.
413 4859 600 4922 O,sbher.K
632 4859 734 4914 desint
748 4859 784 4911 Ρ
799 4861 804 4923 Ι
819 4855 980 4940 tripudiu
1032 4855 1154 4911 bendum
1172 4856 1226 4940 Ρ,
1256 4856 1290 4910 41
1310 4855 1444 4924 cuiusque
1461 4856 1497 4908 F·
1513 4857 1517 4918 Ι
1533 4855 1586 4910 uiri
1605 4854 1672 4912 boni
1689 4856 1733 4910 ι’

293 4931 485 5002 aemulos,
504 4931 668 4985 om.F²WD
703 4932 736 4984 11
746 4927 982 4984 fideicommissor
1033 4929 1068 4983 42
1087 4927 1219 4982 arbitratu
1228 4925 1247 4980 ι’
1260 4926 1298 4981 F*
1317 4929 1322 4996 1
1342 4926 1461 4997 oportet]
1480 4927 1547 4991 llo,
1570 4931 1682 4998 oportet
1698 4931 1735 4982 el:

291 5003 609 5148 ghurqilmlsg'ml?
621 5002 657 5056 F¹
690 5002 728 5127 ,ξι
741 4997 981 5128 ιιῖῧιιιῖιιιιιὲβ
1037 4997 1236 5065 WDE‘QIGK

367 5089 505 5134 euclem
560 5088 762 5142 ,securem
863 5085 980 5137 ,erem
