3504 5452
29 291 88 340 4444
111 297 273 356 meones
288 297 358 347 444
373 299 445 348 444
462 299 534 349 sora.
550 301 631 349 44444.
725 276 810 356 lli
1128 280 1483 350 XXXIH181-92

109 562 122 576 .
713 485 810 572 vill.

153 629 185 706 4
220 627 284 705 44
310 629 388 708 444
417 630 545 724 QUAE
571 631 663 709 rao
692 631 790 709 444
818 629 1024 710 sonoris
1042 595 1311 709 1444444444
1349 633 1387 710 e
1501 645 1577 700 asp

13 797 25 854 l
94 791 241 850 14444444
263 793 335 852 411444
357 797 561 868 septuagesimo
584 801 683 855 oetauo
706 797 884 868 digestorum.
923 796 953 854 si
970 798 1031 869 qnia
1049 797 1229 854 hereditatem
1248 797 1291 853 uel
1309 793 1482 882 [omem-Q}
1501 805 1523 862 s

39 878 170 950 lqttum
185 885 236 938 eibi
252 884 437 956 adscripserit,
455 887 604 957 quaeritur,
622 903 658 943 44
675 886 814 943 4444411144
831 886 876 943 uel
893 888 1014 958 legatum
1033 901 1084 958 pro
1100 901 1156 944 non
1173 887 1274 958 sorlpto
1286 885 1428 944 habentur.
1454 893 1483 944 et

47 969 132 1040 quid,
151 973 173 1027 si
188 971 369 1030 substitutum
386 973 488 1032 hebeat
504 975 660 1032 huiusmodi
677 976 832 1032 institutio?
861 975 1015 1046 respondit:
1040 991 1105 1048 pars
1122 975 1281 1032 hereditatis
1286 1017 1293 1047 ,
1312 975 1347 1032 de
1365 991 1421 1047 qua
1438 991 1482 1032 me
1500 987 1515 1029 4

51 1061 219 1132 4444414441,
238 1062 275 1118 441
293 1063 473 1120 substitutum
489 1066 623 1136 pertinet:
643 1082 707 1122 nam
725 1070 838 1122 senatus
856 1081 918 1120 oum
936 1079 1040 1136 poenas
1057 1065 1127 1136 legis
1145 1064 1287 1122 Corneliae
1305 1067 1483 1123 eonstitueret
1513 1111 1517 1120 .

57 1147 180 1206 aduersus
196 1165 269 1222 eum,
287 1154 335 1224 qni
349 1152 402 1208 sibi
413 1152 593 1211 hereditatem
606 1156 650 1212 uel
662 1156 784 1226 legatum
796 1153 960 1226 4444414444,
978 1153 1076 1210 eodem
1088 1153 1170 1210 modo
1182 1153 1352 1224 improbasse
1364 1157 1481 1229 uidetur,

61 1251 108 1306 ono
129 1239 293 1311 improbatae
310 1247 391 1298 4444Ι
410 1241 486 1298 illae:
506 1241 569 1314 'qua
586 1259 621 1300 er
638 1249 717 1316 parte
735 1259 779 1300 me
797 1245 887 1299 Titius
904 1243 1033 1300 heredem
1051 1244 1182 1314 seriptum
1200 1243 1229 1299 in
1244 1243 1347 1300 tabidis
1365 1245 1423 1302 suis
1439 1261 1481 1302 re
1595 1311 1597 1316 .

64 1326 191 1400 44444414,
213 1345 249 1386 ex
272 1346 308 1388 44
330 1337 409 1402 parte
432 1331 512 1388 heres
530 1332 606 1404 esto,
630 1337 663 1389 ot
678 1333 793 1405 perinde
809 1331 988 1404 haberentur,
1012 1347 1047 1388 44
1064 1332 1088 1388 41
1105 1333 1225 1389 44444444
1241 1335 1408 1392 testamento
1426 1349 1480 1392 non

69 1413 171 1474 ldaenl.
1499 1433 1528 1475 lo

52 1506 64 1564 4
111 1506 238 1564 Ammius
257 1507 359 1565 Uanus
377 1509 446 1566 libro
459 1511 556 1582 quinto
567 1511 746 1582 digesmmm
774 1511 850 1578 Quae
862 1511 890 1567 14
902 1515 1068 1568 testamento
1080 1510 1182 1582 aoripta
1192 1515 1287 1567 444444
1304 1507 1479 1595 Q
1497 1515 1521 1574 s

77 1609 140 1666 44444
154 1597 371 1668 intellegerentur
388 1599 455 1670 qnid
472 1599 671 1672 signifiearent,
695 1617 731 1659 44
747 1600 861 1673 perinde
879 1605 944 1657 sunt
960 1615 994 1658 ao
1011 1601 1036 1656 si
1052 1601 1156 1672 4441444
1172 1613 1227 1657 uon
1245 1607 1352 1657 esseut:
1375 1602 1480 1671 reliqna

80 1689 143 1740 mten
157 1701 203 1756 per
219 1703 250 1742 se
268 1687 331 1760 ipsa
347 1688 449 1744 441444.

61 1772 72 1831 1
115 1773 272 1832 1144444444
292 1775 362 1832 libro
379 1777 524 1834 uudeoimo
542 1779 752 1836 institutionum.
788 1777 819 1836 Si
837 1780 865 1836 ln
883 1779 1021 1836 metallum
1040 1779 1170 1836 damnato
1186 1778 1254 1849 quid
1272 1783 1351 1836 extra
1367 1793 1479 1836 oausam
1498 1775 1538 1848 ds

83 1859 232 1920 immonem
251 1865 377 1921 relietum
394 1865 485 1936 144414,
503 1883 554 1938 pro
571 1884 627 1924 uon
645 1869 748 1939 4441444
765 1869 877 1926 444444
895 1869 932 1924 ad
948 1867 1046 1925 1144444
1063 1869 1197 1940 pertinet:
1219 1885 1282 1924 4444
1299 1883 1405 1939 poenae
1423 1883 1479 1924 ser-
1498 1879 1527 1922 44

65 1959 117 2005 lue
129 1961 168 2022 444
184 1969 238 2010 444
250 1953 391 2010 Caesam:
410 1960 439 2011 et
455 1956 496 2012 144
513 1956 594 2014 dinus
606 1957 671 2013 Plus
683 1957 830 2028 rescripsit.
858 1957 914 2014 Sed
925 1963 954 2014 et
965 1959 989 2014 si
1001 1963 1065 2029 poet
1075 1961 1271 2014 testsmeotum
1284 1955 1386 2014 1444444
1399 1955 1479 2014 bores

65 2037 185 2098 4144144444
206 2044 251 2098 uel
268 2044 418 2114 legatarius
435 2045 463 2100 iu
481 2046 621 2101 metellum
638 2045 721 2102 dotus
738 2047 789 2118 sit,
812 2046 848 2103 ed
865 2045 963 2103 fisoum
981 2061 1036 2104 uon
1053 2047 1179 2116 pertinet
1216 2047 1285 2102 Item
1304 2043 1478 2130 [ΕΜ

84 2126 174 2186 siluno
195 2132 284 2189 alieno
306 2133 374 2204 quid
394 2134 516 2204 legatum
539 2133 622 2192 fuerit
644 2142 672 2191 et
693 2140 792 2206 444444
813 2139 980 2193 4444444444
998 2135 1156 2207 redemptus
1174 2136 1218 2206 sit,
1236 2135 1358 2206 legatum
1376 2136 1478 2191 exstin-

84 2215 157 2282 iffl‘iii:
176 2237 236 2276 nam
260 2223 382 2293 quaein
406 2237 468 2279 eam
491 2239 603 2280 4444444
627 2229 824 2296 peruenerunt,
849 2241 867 2282 4
889 2241 945 2296 444
968 2225 1088 2296 insipere
1110 2241 1166 2281 uon
1187 2229 1327 2296 44444444,
1351 2239 1402 2295 444
1423 2239 1478 2280 444

85 2305 312 2377 mbmmbentm.
893 2336 894 2340 ¹
1497 2326 1527 2368 so

64 2391 76 2447 4
120 2394 248 2457 1444444444
264 2400 334 2458 libro
351 2402 434 2458 tertio
451 2402 558 2459 deoimo
576 2403 612 2458 od
629 2404 719 2474 legem
736 2404 833 2460 lulium
851 2407 880 2460 et
897 2404 1019 2476 Papiam.
1052 2403 1082 2460 Si
1099 2417 1134 2460 44
1152 2407 1284 2474 tempore,
1303 2399 1478 2486 [li—{RQ
1496 2409 1524 2463 Ε

86 2493 121 2549 qm
133 2487 198 2544 441441
213 2489 336 2560 legatum
354 2490 575 2562 adsedbebatur,
593 2492 622 2547 iu
639 2491 722 2549 rebus
740 2491 883 2549 4444444414ι
901 2509 956 2550 non
973 2497 1046 2564 4444,
1064 2509 1115 2564 444
1132 2507 1188 2550 444
1206 2493 1308 2562 seripto
1326 2491 1378 2548 hoo
1395 2491 1477 2547 habe·

68 2565 140 2628 iun.
166 2575 216 2633 Sed
237 2583 267 2634 et
290 2580 314 2635 ei
335 2581 364 2635 in
381 2579 500 2637 hostium
518 2585 655 2652 potestate
673 2585 746 2652 erat,
768 2583 841 2653 444·
858 2587 1053 2640 testamentum
1071 2581 1169 2654 hebet,
1192 2595 1282 2652 44444
1300 2581 1335 2638 ab
1353 2581 1478 2638 hostibus

85 2657 475 2739 memoriensem:
494 2671 716 2728 4444444444
734 2672 837 2729 saeuit.
1214 2658 1477 2747 [4444444444
1496 2675 1527 2717 u
1631 2643 1632 2648 ‘

64 2743 76 2800 5
120 2749 216 2812 Pinnos
232 2756 302 2813 141444
320 2757 483 2816 duodeeimo
501 2760 701 2830 quaestionum.
738 2760 818 2828 Quod
835 2761 897 2832 qma
915 2760 968 2817 sibi
985 2759 1174 2832 asumpserit,
1197 2761 1222 2817 sl
1239 2761 1285 2816 alii
1317 2757 1477 2828 diffie]
1495 2767 1523 2822 P

85 2839 189 2901 ’41444444
210 2861 228 2902 4
247 2851 384 2904 testatore
404 2848 497 2904 imsus
521 2855 577 2920 444,
601 2865 664 2906 oum
685 2863 768 2906 onere
785 2848 1043 2908 iideioommiseum⁴
1060 2850 1089 2906 id
1107 2850 1181 2922 apud
1199 2849 1328 2907 heredem
1346 2854 1477 2920 remanet,

84 2933 173 2990 uum
187 2951 235 3007 pro
252 2952 308 2994 non
327 2937 429 3008 4441444
446 2940 529 2994 esset
558 2939 632 2995 idom
650 2943 695 2996 est
711 2944 740 2995 et
757 2939 785 2996 in
802 2943 969 2999 testamento
987 2941 1088 2998 militie.

584 3145 590 3168 '
742 3167 755 3250 i
807 3231 815 3250 .

188 3306 224 3385 e
263 3307 327 3384 nn
354 3307 431 3386 ans
460 3307 587 3402 4444
614 3309 679 3387 44
702 3165 912 3388 44444444
939 3309 1262 3388 umerorum
1301 3307 1338 3386 e
1494 3319 1593 3376 sep.

58 3447 68 3503 ¹
116 3459 269 3528 liemarus
285 3471 356 3529 libro
374 3478 454 3530 sexto
470 3473 682 3532 institutionum.
715 3476 780 3532 Diui
798 3475 917 3532 84444444
935 3480 965 3531 44
982 3473 1138 3532 Antoninus
1155 3475 1300 3545 reseripse-
1319 3465 1476 3558 Q
1495 3479 1517 3534 S

80 3552 124 3604 'lii
135 3560 201 3626 quad
217 3559 361 3632 indignum
379 3577 472 3619 oarere
490 3565 582 3634 legato
599 3579 649 3620 eeu
666 3562 878 3621 ddeioommisso
895 3563 1032 3634 libertum,
1053 3579 1125 3635 quae
1143 3564 1170 3620 ei
1185 3567 1351 3640 testamento
1368 3563 1476 3632 patroni
1494 3573 1523 3616 44

80 3633 145 3700 ffitb
157 3655 238 3720 44444,
256 3664 320 3706 oum
338 3655 484 3721 patronum
501 3669 582 3708 suum
600 3657 796 3723 postmortem
814 3654 874 3712 eius
891 3654 971 3724 44444
988 3654 1097 3710 illioitae
1109 3653 1207 3710 merois
1219 3653 1417 3724 negotiatorem
1430 3650 1476 3707 de·

79 3721 155 3807 1141444
168 3740 293 3810 quamuis
310 3745 340 3795 et
355 3741 507 3811 praemium
525 3743 633 3797 meruit.

6 3821 8 3844 ¹
58 3802 70 3861 ²
113 3819 256 3886 1444411444
274 3829 420 3887 uudeoimo
437 3831 649 3888 institutionum.
676 3830 808 3888 Aulertur
825 3831 964 3888 heredites
981 3847 1017 3888 ex
1035 3847 1098 3888 nese
1116 3837 1144 3888 44
1156 3831 1192 3887 sd
1203 3829 1299 3886 1144444
1332 3827 1476 3899 1444444
1494 3835 1515 3891 8

79 3911 170 3987 444444,
193 3919 216 3974 41
239 3921 429 3990 emancipatos
452 3919 525 3976 lilius
548 3925 644 3976 444444
662 3919 771 3976 44144144
789 3919 922 3977 bouomm
940 3922 1143 3992 possessionem
1160 3921 1246 3991 patris
1263 3925 1295 3976 ut
1311 3919 1476 3991 prseteritos
1494 3929 1523 3972 44

6 3999 8 4052 i
62 3995 154 4059 interit
171 4011 200 4063 44
221 4023 257 4064 44
280 4007 476 4067 substitutione
499 4009 648 4081 impuberis
671 4009 771 4066 adierit
794 4009 982 4066 hereditatem.
1018 4011 1089 4066 item
1113 4011 1137 4065 si
1154 4010 1217 4079 quis
1234 4013 1330 4065 eontra
1346 4008 1476 4064 mandata

79 4077 153 4149 dhorit
170 4111 284 4153 uxorem
307 4113 342 4154 er
366 4113 401 4155 44
421 4100 577 4171 444414414,
601 4099 630 4155 14
652 4115 708 4171 qna
731 4097 869 4156 oliorum
892 4098 996 4170 aliquid
1013 4099 1098 4169 44414,
1122 4098 1196 4170 quod
1214 4099 1240 4153 41
1258 4113 1294 4154 er
1310 4101 1476 4154 testamento

80 4179 141 4236 411414
153 4185 318 4256 4444141444
336 4193 381 4244 est
398 4188 455 4245 diui
473 4187 592 4246 Seuerus
610 4193 640 4244 et
652 4189 807 4245 Antoninus
819 4187 1018 4258 resoripseruut
1028 4187 1145 4243 retinere
1157 4203 1220 4243 eum
1232 4203 1287 4244 nou
1298 4202 1389 4258 posse,
1407 4191 1475 4241 tam·

79 4271 165 4330 Mel
180 4279 257 4332 tutor
273 4277 405 4348 pupillam
423 4281 518 4333 eontra
535 4278 676 4334 deeretum
695 4277 855 4349 amplissimi
873 4277 976 4334 ordinis
987 4278 1016 4332 in
1028 4276 1139 4334 domum
1152 4293 1230 4333 susm
1242 4277 1374 4332 duxisset.
1402 4281 1475 4332 ntro

80 4361 113 4416 pe
124 4373 178 4432 erpo
195 4379 263 4421 4444
281 4367 334 4422 emi
352 4381 388 4422 er
406 4381 468 4422 sese
486 4366 565 4423 beree
583 4367 725 4423 institutos
743 4365 841 4422 adierit
857 4366 1051 4438 hereditatem,
1074 4365 1141 4423 daeo
1159 4367 1236 4422 loeus
1252 4364 1297 4420 lit:
1315 4381 1378 4421 nam
1397 4365 1476 4435 quasi
1493 4375 1522 4418 44

63 4433 154 4516 'miae
169 4455 194 4508 ei
210 4453 336 4511 aufertur
353 4453 499 4512 heredites.
525 4456 578 4512 Per
595 4455 761 4539 eontrarium
779 4459 871 4512 autem
890 4456 975 4514 dueta
991 4461 1048 4514 tam
1067 4455 1103 4512 eb
1121 4471 1164 4526 eo,
1182 4456 1230 4526 qui
1242 4453 1361 4511 oilioium
1373 4454 1402 4510 iu
1413 4469 1475 4524 pro-

80 4539 282 4630 4444444444)

80 4693 253 4768 4444444444
271 4720 319 4766 rm.
382 4712 501 4768 ²ueu.
563 4711 716 4783 ³empore
734 4720 782 4768 rm.
800 4713 878 4781 (444.)
941 4709 1174 4768 morimundo
1191 4713 1227 4780 (a
1240 4711 1289 4780 444
1345 4707 1476 4767 ι444444

6 4855 8 4918 i
77 4841 286 4928 14444444
323 4859 729 4934 44444444444444,
775 4833 1298 4948 ‘nennrmeeemouppim
1340 4861 1475 4948 rapuere

6 4959 7 4964 1
73 4923 286 5048 fflibodlmtsm
297 4931 331 4999 Ε,
341 4941 401 5020 posi
411 4933 614 5006 adseripson'tl
621 4954 678 4990 cam
689 4936 729 4990 B:
802 4933 1032 5020 deloommrssnm]
1046 4935 1101 5000 lili,
1118 4933 1221 5020 horrore
1234 4931 1475 4988 fideroommrssum

117 5013 147 5058 ht
161 5001 189 5058 le
206 5005 316 5076 44444144
340 5005 434 5076 tripos
455 5006 628 5078 shapoaoniaa
648 5005 663 5059 l
682 5016 729 5060 ie·
784 5007 836 5072 10,
859 5019 942 5062 onere
960 5003 1165 5062 fideltommissi
1182 5003 1279 5070 otili,
1301 5017 1382 5060 omne
1399 5001 1474 5058 idei·

72 5061 597 5150 1414414πῷ4444444444(1“14.),4441’
640 5077 730 5134 11al-
784 5077 961 5135 commissum
975 5076 1014 5132 W
1063 5078 1099 5134 32
1117 5078 1212 5134 4441444
1228 5075 1356 5132 *fuerant
1372 5073 1423 5128 lii
