3584 5454
256 219 436 294 lxxxvii
456 224 477 290 9
495 229 592 286 4-10
787 265 791 272 -
936 216 1023 296 770
1127 239 1174 287 nn
1189 237 1355 287 monuero
1370 237 1482 288 mursa
1496 235 1714 285 arsurasque·

257 383 355 452 'gorint
376 397 411 436 an
429 395 501 450 quae
519 379 623 435 seruari
640 365 751 448 possint
765 376 1072 448 flagitioseinuassrint
1103 376 1221 446 ideoque
1239 377 1264 431 si
1281 391 1343 445 gra·
1363 361 1700 460 [QQQ-sn

257 471 326 526 “uior
343 468 447 539 praeda
470 470 499 523 ui
522 469 646 538 adpetita
669 465 820 535 uidebitur,
843 465 943 522 liberos
966 465 1078 536 quidem
1099 463 1219 522 insibus
1237 480 1334 520 oaesos
1351 466 1380 520 in
1397 465 1548 519 triennium
1568 462 1701 532 relegabit

258 558 323 627 ‘aut
341 558 365 612 si
383 556 548 612 sordidiores
567 561 655 626 erunt,
674 557 702 611 in
720 571 790 626 opus
807 554 947 626 publicum
966 553 1089 610 eiusdem
1107 555 1240 625 temporis
1253 553 1347 609 dabis:
1366 569 1463 608 seruos
1474 552 1594 622 flagellis
1607 566 1701 606 mesos

258 647 294 702 ‘in
311 647 451 702 metallum
471 644 624 700 damnabis.
652 645 676 700 si
688 661 743 700 uon
758 659 875 714 magnae
886 643 1020 713 pecuniae
1032 641 1199 712 residerint,
1217 642 1318 698 liberos
1330 641 1459 712 fustibus,
1477 655 1577 696 seruos
1589 638 1701 708 flagellis

258 735 363 791 'easeos
381 735 519 788 dimittere
536 731 657 803 poteris'.
688 737 717 788 et
734 734 844 788 omnino
862 733 939 788 utin
957 733 1066 801 eetaris,
1084 732 1123 787 ita
1141 731 1297 787 huiusmodi
1313 731 1421 786 oausis¹
1434 746 1470 785 ex
1482 745 1545 799 per·
1564 722 1729 811 [affro-le

258 839 388 879 sonarum
406 822 567 878 rondioione
586 825 615 876 et
632 837 722 878 rerum
740 823 872 891 qualitate
890 821 1036 890 diligenter
1054 824 1119 875 sunt
1136 820 1332 889 aestimandae,
1350 833 1386 874 ne
1403 818 1470 888 quid
1483 822 1534 872 ant
1546 817 1643 872 durius
1655 821 1702 871 ant
1722 857 1729 868 .

226 926 241 971 a
259 912 400 967 remissius
418 911 609 980 eonedtuatur,
628 926 711 980 quarn
729 926 814 966 eausa
830 909 990 981 postulabit.
1021 909 1081 965 Hae
1100 910 1223 965 aetiones
1241 907 1388 964 heredibus
1406 907 1518 962 dautur.
1546 907 1575 961 in
1586 901 1702 960 heredes

259 1005 374 1056 eatenus
393 997 501 1054 dandae
519 1003 592 1068 sunt,
608 1004 746 1070 quatenns
765 999 800 1054 ad
819 1015 867 1056 eos
885 998 1019 1069 peruenit.

222 1091 241 1150 5
312 1088 406 1144 (larus
429 1087 498 1142 libro
521 1088 673 1144 uitansimo
696 1088 785 1158 primo
809 1087 845 1142 ad
866 1087 986 1143 edietum
1004 1086 1180 1157 prouinoisle.
1218 1085 1327 1156 Siquis
1346 1101 1381 1141 ex
1399 1082 1738 1168 [ffifflffld

258 1175 403 1246 naufragio
426 1176 472 1230 uel
494 1191 529 1230 er
551 1176 678 1232 incendio
701 1177 815 1232 ruinaue
838 1181 976 1232 seruatam
995 1192 1053 1230 rem
1064 1181 1101 1231 ‘et
1118 1176 1172 1231 alio
1190 1176 1251 1231 loeo
1268 1175 1387 1244 positam
1405 1173 1578 1229 subtraxerit
1595 1177 1645 1226 aut
1661 1187 1699 1225 ra·
1715 1185 1738 1226 ιι

259 1266 362 1335 puerit,
386 1263 452 1318 furti
469 1264 574 1319 soilioet
592 1269 640 1320 aut
658 1265 726 1326 alias
745 1265 774 1320 ui
792 1264 925 1320 bonorum
944 1269 1085 1336 raptorum
1103 1264 1205 1320 iudioio
1223 1270 1345 1332 tenetur,
1369 1263 1490 1318 maxime
1509 1263 1534 1316 si
1552 1275 1609 1316 non
1626 1259 1700 1314 intel·

259 1353 371 1423 legebat
394 1368 429 1407 er
450 1351 597 1422 naufragio
612 1353 656 1408 uel
674 1353 802 1409 inoendio
820 1354 935 1409 ruinaue
952 1369 1014 1410 eam
1033 1367 1104 1408 esso.
1135 1353 1271 1408 iaoentem
1289 1367 1399 1422 quoque
1416 1366 1476 1406 rem
1494 1366 1532 1406 ex
1549 1347 1699 1417 nanneno,

183 1513 185 1517 Ι
260 1457 331 1512 quae
354 1441 482 1496 fluetibus
501 1443 616 1511 expulsa
634 1443 684 1512 sit,
709 1441 733 1497 si
751 1443 813 1512 quis
831 1441 987 1512 abstulerit,
1011 1443 1134 1512 plerique
1152 1441 1224 1496 idem
1243 1446 1351 1511 putant
1384 1439 1459 1511 quod
1477 1441 1518 1494 ita
1536 1454 1633 1494 uorum
1651 1440 1698 1504 est,

260 1531 284 1586 si
308 1529 418 1599 aliquod
441 1535 551 1599 tempus
573 1535 638 1600 post
655 1529 828 1600 naufragium
847 1531 1045 1586 intercesserit:
1070 1531 1191 1600 alioquin
1209 1530 1233 1585 si
1250 1531 1278 1584 in
1296 1531 1356 1600 ipso
1375 1527 1514 1598 naufragii
1531 1532 1658 1596 temporo
1673 1523 1698 1578 id

260 1618 404 1687 aesiderit,
423 1617 490 1674 nihll
507 1619 635 1688 interest,
657 1625 749 1675 utrum
768 1633 803 1674 ex
821 1620 881 1690 ipso
900 1620 969 1674 mari
987 1621 1104 1690 quisque
1122 1620 1213 1690 rapiat
1230 1636 1266 1674 au
1284 1635 1319 1674 ex
1336 1616 1489 1688 naufragiis
1508 1633 1545 1671 an
1564 1629 1599 1670 ex
1616 1614 1697 1669 litore
1713 1627 1734 1668 ιι

260 1706 296 1762 do
314 1721 347 1762 eo
366 1721 483 1778 quoqne,
503 1707 577 1778 quod
595 1723 631 1764 ex
648 1713 707 1764 rate
726 1721 798 1764 naue
816 1711 976 1779 expugnata
991 1712 1099 1778 raptum
1113 1709 1157 1778 sit,
1176 1707 1292 1764 eandem
1304 1706 1562 1776 interpretationem
1574 1701 1697 1759 adbibere

260 1795 403 1851 debemus.

223 1885 243 1942 6
314 1883 539 1940 cinnamaque
557 1883 626 1940 libro
644 1885 732 1954 primo
749 1884 833 1940 odisti
851 1885 997 1940 meritorii.
1024 1886 1208 1956 Expugnatnr
1225 1885 1314 1955 nanis,
1332 1899 1395 1939 eum
1413 1883 1552 1953 spoliatur
1569 1883 1619 1936 ant
1635 1891 1696 1934 mar·
1709 1879 1742 1952 iij

260 1973 335 2042 gitur
358 1977 407 2027 ant
429 1971 588 2028 dissololtur
611 1979 659 2028 aut
681 1973 856 2042 pertunditur
878 1981 928 2029 aut
950 1971 1031 2029 iones
1049 1975 1108 2030 eius
1126 1973 1322 2044 praeddontur
1339 1979 1389 2028 aut
1406 1973 1471 2027 uela
1488 1969 1697 2026 oonsoioduntur

261 2066 310 2116 aut
327 2075 444 2116 aneorae
462 2061 619 2117 inuolantur
636 2061 672 2117 de
691 2077 774 2116 mmo.
1710 2072 1731 2113 u

225 2151 243 2210 7
314 2149 392 2204 Ioum
414 2149 483 2205 libro
504 2149 626 2205 seeundo
644 2151 845 2220 quaestionum.
882 2151 924 2206 Ne
942 2151 1061 2220 quidex
1080 2149 1231 2221 naustagiis
1248 2151 1393 2221 diripiatur
1410 2149 1458 2204 nel
1476 2149 1542 2218 quis
1559 2146 1729 2203 extranemP

261 2238 426 2294 intersioniat
450 2238 610 2308 eolligendis
634 2239 688 2308 eis,
713 2237 890 2294 multifariam
914 2247 1090 2310 prospeotum
1113 2245 1166 2295 est.
1198 2255 1262 2295 narn
1285 2243 1314 2293 et
1336 2238 1418 2292 dinus
1436 2237 1598 2292 Hadrianus
1616 2234 1696 2290 edioto

261 2327 416 2398 praecepit,
436 2332 468 2382 ut
485 2327 527 2396 bi,
546 2327 594 2396 qni
612 2327 689 2382 iuxta
706 2327 787 2382 litora
805 2329 888 2384 maris
906 2329 1061 2399 possident,
1081 2329 1196 2399 seirent,
1215 2329 1239 2383 si
1257 2325 1367 2397 quando
1385 2327 1467 2381 nanis
1485 2327 1533 2380 nel
1549 2325 1645 2380 inflata
1660 2322 1697 2378 uel

262 2413 350 2470 sraeta
367 2416 440 2470 intra
458 2414 528 2470 fines
546 2415 606 2484 agri
624 2415 757 2486 cuiusque
775 2413 865 2485 inerit,
883 2431 919 2470 ne
937 2415 1081 2486 naufragia
1098 2416 1237 2487 diripiant,
1256 2416 1284 2471 in
1295 2416 1371 2486 ipsos
1383 2414 1488 2469 iudieia
1500 2414 1643 2484 praesides
1654 2411 1696 2480 bis,

262 2504 372 2574 quires
390 2519 455 2558 suas
474 2503 596 2573 direptas
614 2509 777 2573 queruntur,
796 2505 965 2575 reddituros,
989 2510 1021 2560 ut
1038 2505 1172 2576 quidquid
1190 2503 1367 2576 probauerint
1388 2503 1551 2573 ademptum
1571 2502 1623 2558 sibi
1640 2517 1695 2556 nau·
1708 2505 1728 2548 ιι

262 2591 359 2662 iragio,
378 2591 407 2647 id
425 2609 443 2650 a
460 2591 665 2662 possessoribus
683 2594 825 2663 recipiant.
853 2593 888 2648 de
906 2593 949 2648 bis
968 2599 1070 2663 auum,
1088 2609 1158 2663 qnos
1170 2593 1314 2664 diripuisse
1326 2591 1473 2661 probatum
1487 2592 1534 2661 sit,
1552 2589 1695 2660 praesidem

262 2686 294 2736 ιιι
312 2680 347 2736 do
365 2679 515 2736 latronibus
534 2696 647 2750 grauem
667 2682 831 2736 sententiam
851 2681 951 2736 dicere.
977 2687 1010 2736 ut
1026 2679 1131 2737 iaoilior
1149 2683 1185 2738 sit
1196 2681 1321 2752 probatio
1333 2680 1493 2736 huiusmodi
1505 2680 1629 2748 admissi,
1646 2693 1695 2748 per·

263 2769 339 2824 misit
356 2769 398 2824 his
417 2775 446 2824 et
463 2769 614 2840 quidquid²
630 2785 730 2840 passos
748 2785 778 2826 se
796 2769 952 2826 huiusmodi
970 2775 1135 2841 queruntur,
1160 2769 1236 2825 adire
1253 2767 1407 2840 praesentes
1427 2775 1456 2824 et
1473 2769 1511 2825 ad
1530 2785 1595 2824 eum
1613 2765 1695 2823 testari

263 2871 380 2928 reosque
398 2862 506 2928 potere,
528 2863 559 2914 ut
576 2873 626 2928 pro
645 2858 726 2914 modo
745 2859 842 2928 eulpae
861 2859 906 2914 uel
924 2859 1009 2913 uinoti
1027 2859 1072 2913 uel
1090 2858 1142 2913 snb
1160 2857 1367 2914 fideiussoribus
1385 2856 1421 2912 ad
1440 2857 1598 2928 praesidem
1616 2856 1694 2912 remil-

263 2951 364 3002 tantur.
393 2961 410 3000 a
428 2947 538 3002 domino
556 2962 665 3018 quoque
683 2947 875 3016 possessionis,
894 2948 921 3001 in
940 2947 1041 3016 quaid
1060 2947 1210 3002 admissum
1227 2947 1342 3014 ditatur,
1362 2945 1432 3001 satis
1450 2947 1550 3016 accipi,
1569 2961 1605 3002 ue
1616 2943 1694 3014 eequi-
1705 2948 1723 2988 ιι

263 3035 331 3091 tioni
350 3035 430 3105 desit,
448 3036 623 3105 praecipitur.
651 3035 701 3090 sed
719 3051 772 3092 neo
789 3035 954 3091 interuenire
972 3035 1123 3105 naufragiis
1141 3035 1301 3105 eolligendis
1319 3039 1367 3090 ant
1378 3035 1494 3090 militem
1508 3035 1692 3105 autpn'oatum

264 3129 313 3178 aut
334 3123 461 3178 libertum
479 3139 626 3179 seruumue
644 3125 775 3196 principis
792 3126 902 3194 plaeere
920 3123 974 3179 sibi
991 3125 1030 3179 ait
1047 3129 1169 3180 senatus.

226 3209 246 3268 8
318 3212 472 3266 sanamus
496 3211 565 3267 libro
589 3213 711 3268 seeundo
731 3227 935 3284 responsorum.
971 3213 1049 3268 Ratis
1067 3214 1096 3268 ui
1114 3211 1232 3270 fluminis
1249 3213 1278 3267 in
1296 3227 1393 3283 agrum
1412 3227 1508 3272 meum
1527 3211 1634 3267 delatae
1650 3199 1719 3264 norP

265 3299 344 3354 aliter
361 3305 527 3368 potestatem
546 3299 596 3356 tibi
614 3298 777 3372 satiendam,
796 3317 879 3372 quam
898 3302 922 3357 si
940 3302 975 3356 de
992 3303 1140 3372 praeterito
1159 3315 1268 3372 quoquo
1286 3301 1388 3357 damno
1406 3301 1474 3357 mihi
1493 3302 1626 3357 eanbses.
1702 3301 1720 3343 ιι

227 3387 246 3446 9
318 3387 412 3442 (larus
435 3387 505 3444 libro
528 3392 626 3458 quarto
650 3389 685 3444 ad
708 3391 797 3459 legem
823 3389 968 3446 duodeoim
991 3389 1155 3446 tabularum.
1191 3391 1243 3456 Qui
1261 3391 1344 3446 aedes
1362 3404 1533 3446 aoeroumue
1552 3379 1727 3475 [stosst‘sij

264 3474 395 3531 frumenti
413 3476 491 3530 iuxta
509 3475 621 3532 domum
639 3479 759 3546 positum
779 3479 960 3550 oonbusserit,
979 3481 1088 3536 uinctus
1101 3479 1262 3536 uerberatos
1275 3480 1332 3549 igni
1344 3481 1439 3534 neoari
1450 3467 1689 3550 iubetnrssi'modu

265 3565 356 3620 selena
378 3564 554 3634 prudensque
576 3565 605 3620 id
629 3568 805 3622 commiserit.
836 3568 860 3622 sl
884 3583 949 3624 uero
974 3585 1053 3638 osso,
1077 3568 1107 3623 ld
1130 3574 1174 3624 est
1196 3569 1384 3638 neglegentia,
1409 3573 1459 3623 aut
1476 3569 1590 3624 noriam
1607 3565 1689 3622 saroim

265 3653 376 3708 iubetur
393 3657 450 3722 aut,
469 3655 493 3708 si
512 3655 601 3709 minus
620 3653 735 3710 idoneus
754 3656 798 3726 sit,
816 3657 905 3712 leuius
924 3658 1085 3728 castigatur,
1113 3658 1295 3728 appellatione
1308 3663 1401 3713 autem
1414 3659 1528 3714 aedium
1540 3673 1633 3714 omnes
1644 3665 1688 3725 sps·

265 3743 322 3797 eles
341 3741 458 3798 aedifioii
476 3743 658 3797 eontinentur.
1699 3743 1716 3786 ιι
1775 3761 1781 3780 ·

210 3831 249 3890 10
319 3829 471 3886 Uarrauus
495 3830 564 3886 libro
588 3831 676 3900 primo
699 3832 868 3902 opinionum.
904 3833 946 3890 Ne
969 3834 1121 3905 pisoatores
1144 3839 1225 3890 noeto
1247 3833 1350 3890 lumine
1373 3838 1488 3890 ostenso
1514 3833 1609 3890 fallant
1629 3819 1712 3888 nan-S

265 3923 378 3990 gantes,
403 3919 484 3989 quasi
505 3919 533 3974 in
556 3925 664 3989 portum
688 3921 806 3991 aliquem
825 3923 956 3995 delaturi,
979 3937 1068 3994 eoque
1086 3923 1168 3980 modo
1186 3924 1214 3978 in
1232 3923 1384 3994 perieulum
1402 3939 1492 3979 naues
1510 3928 1541 3980 et
1558 3924 1604 3994 qui
1620 3917 1688 4008 insit

266 4025 460 4096 F(XYM00)

267 4185 276 4220 ¹
296 4188 327 4238 ut
344 4183 373 4238 in
391 4183 490 4238 ueteris
507 4184 598 4240 oausis
621 4185 660 4240 ita
677 4183 855 4242 huiusmodi?
944 4189 1003 4244 ²et
1020 4193 1051 4246 ut
1068 4186 1173 4244 faeilior
1195 4188 1232 4244 sit
1254 4187 1380 4258 probatio
1403 4187 1565 4246 huiusmodi
1587 4183 1689 4250 admbd

265 4255 390 4324 permisit
407 4253 450 4310 his
468 4256 515 4324 qui
533 4255 600 4324 quid
618 4258 666 4323 (ete
675 4259 738 4331 sere
756 4257 844 4325 eum?

267 4413 283 4466 1
302 4411 325 4465 si
343 4411 454 4498 grauior
467 4412 574 4502 praeda
591 4414 620 4501 ni
634 4413 758 4500 adpetita
775 4414 923 4502 uidebitur]
941 4413 957 4470 ὁ
1011 4418 1046 4472 16
1064 4417 1268 4502 expu'ta'gnata
1286 4417 1344 4486 1²⁴1
1364 4411 1691 4506 interpr'a'etatioueml'

268 4493 301 4536 lla
319 4501 396 4552 raupa
413 4493 507 4570 ripalta
526 4503 564 4570 aar
585 4495 806 4572 trataqcaousu‘oc
824 4505 957 4574 upasaara
1011 4489 1046 4543 19
1057 4489 1317 4574 praeuidenturF’
1353 4492 1388 4545 21
1402 4489 1593 4560 denpraturr
1620 4489 1691 4545 stu·

266 4557 282 4607 l.
317 4553 387 4636 dod,
407 4573 428 4607 ει
446 4593 481 4638 Ι...
499 4571 573 4639 ιιιιειΙ
587 4567 744 4642 respuatur·
761 4577 800 4611 ωε
814 4567 956 4630 Βιργιεριι
1010 4558 1084 4628 fieta]
1110 4558 1414 4623 salmantinam
1470 4563 1507 4616 24
1530 4555 1695 4632 deripiant!

266 4632 376 4708 opertas
394 4643 550 4710 uorucaurec
576 4627 660 4712 lion..
692 4627 957 4713 2hberoslquidem
1011 4631 1045 4684 27
1059 4631 1099 4699 ut]
1113 4632 1158 4695 F',
1177 4633 1272 4700 eiquo
1285 4632 1323 4684 F’
1376 4634 1412 4686 28
1425 4632 1520 4700 biset]
1535 4635 1580 4696 F',
1598 4625 1691 4692 osmi

266 4692 385 4786 fusbbus
403 4709 500 4782 passos
517 4712 546 4750 ιιι
562 4701 708 4783 trrenmum
724 4699 872 4784 relegabrs]
892 4709 901 4753 ι·
920 4719 957 4786 ιρι
1011 4701 1117 4784 ιιιψ,
1136 4701 1261 4770 apudF’
1313 4703 1349 4757 36
1367 4703 1587 4768 oonbuseritF³,
1606 4715 1692 4782 eonon

269 4765 388 4852 Graece
404 4775 535 4852 saesdepor
554 4785 700 4890 aeazuureo
720 4781 844 4857 pensauro
860 4789 957 4833 τγιιτο-
1011 4777 1078 4859 serit
1102 4773 1137 4824 Fi
1158 4775 1163 4839 Ι
1184 4771 1303 4858 uinctus]
1331 4773 1487 4860 riardo,
1515 4776 1605 4862 uictus
1628 4773 1659 4856 Fr
1682 4787 1693 4820 ⁰

266 4853 746 4979 llllll·'t'·llllt:⁰t2.⁰l'tltl'
764 4843 959 4980 {titillat
1000 4853 1693 4990 ¹22'1'llutt21320i*<ittillll‘lilii't

266 4977 409 5033 XYMOG
468 4979 484 5032 l
496 4977 567 5034 *hdo
587 4981 623 5033 F'
682 4984 716 5036 lb
734 4981 902 5052 naufragiis
920 4983 958 5037 F’
988 4983 1045 5060 χιι
1065 4983 1191 5040 nox‘i'am
1212 4981 1262 5038 ΡΙ

1760 5257 1766 5270 ι

1645 5391 1646 5396 ,
1672 5374 1687 5392 .·
1700 5315 1786 5444 ari*

1575 5417 1633 5443 firm.
