<?xml version="1.0" encoding="UTF-8"?>
<!DOCTYPE html PUBLIC "-//W3C//DTD XHTML 1.0 Transitional//EN"
    "http://www.w3.org/TR/xhtml1/DTD/xhtml1-transitional.dtd">
<html xmlns="http://www.w3.org/1999/xhtml" xml:lang="en" lang="en">
 <head>
  <title>
</title>
<meta http-equiv="Content-Type" content="text/html;charset=utf-8" />
  <meta name='ocr-system' content='tesseract 3.04.00' />
  <meta name='ocr-capabilities' content='ocr_page ocr_carea ocr_par ocr_line ocrx_word'/>
</head>
<body>
  <div class='ocr_page' id='page_1' title='image "./digestaiustinia00kruegoog_0408.png"; bbox 0 0 3728 5452; ppageno 0'>
   <div class='ocr_carea' id='block_1_1' title="bbox 120 221 1456 329">
    <p class='ocr_par' dir='ltr' id='par_1_1' title="bbox 120 221 1456 329">
     <span class='ocr_line' id='line_1_1' title="bbox 120 221 1456 329; baseline -0.004 -7"><span class='ocrx_word' id='word_1_1' title='bbox 120 275 137 322; x_wconf 82' lang='lat' dir='ltr'>a</span> <span class='ocrx_word' id='word_1_2' title='bbox 161 272 378 322; x_wconf 80' lang='lat' dir='ltr'>snocnnnnrs</span> <span class='ocrx_word' id='word_1_3' title='bbox 696 247 782 329; x_wconf 89' lang='grc'>393</span> <span class='ocrx_word' id='word_1_4' title='bbox 992 321 994 328; x_wconf 88' lang='grc'><em>,</em></span> <span class='ocrx_word' id='word_1_5' title='bbox 1100 255 1277 324; x_wconf 79' lang='lat' dir='ltr'><strong>XXXVIIII</strong></span> <span class='ocrx_word' id='word_1_6' title='bbox 1296 257 1317 324; x_wconf 77' lang='lat'><strong>2</strong></span> <span class='ocrx_word' id='word_1_7' title='bbox 1338 221 1456 319; x_wconf 74' lang='lat' dir='ltr'>ita-is</span> 
     </span>
    </p>
   </div>
   <div class='ocr_carea' id='block_1_2' title="bbox 120 409 1605 3790">
    <p class='ocr_par' dir='ltr' id='par_1_2' title="bbox 120 409 1605 575">
     <span class='ocr_line' id='line_1_2' title="bbox 132 409 1605 484; baseline 0 -16"><span class='ocrx_word' id='word_1_8' title='bbox 132 414 180 480; x_wconf 79' lang='lat' dir='ltr'>sit,</span> <span class='ocrx_word' id='word_1_9' title='bbox 199 411 457 483; x_wconf 78' lang='lat' dir='ltr'><strong>comprehendatur:</strong></span> <span class='ocrx_word' id='word_1_10' title='bbox 479 427 577 468; x_wconf 72' lang='lat' dir='ltr'>cauma</span> <span class='ocrx_word' id='word_1_11' title='bbox 595 417 688 468; x_wconf 88' lang='lat' dir='ltr'>autem</span> <span class='ocrx_word' id='word_1_12' title='bbox 707 409 859 467; x_wconf 86' lang='lat' dir='ltr'>debebitis</span> <span class='ocrx_word' id='word_1_13' title='bbox 877 413 925 482; x_wconf 93' lang='lat' dir='ltr'>qui</span> <span class='ocrx_word' id='word_1_14' title='bbox 942 413 1117 484; x_wconf 87' lang='lat' dir='ltr'>stipulabitnr</span> <span class='ocrx_word' id='word_1_15' title='bbox 1134 415 1273 472; x_wconf 89' lang='lat' dir='ltr'>dominum</span> <span class='ocrx_word' id='word_1_16' title='bbox 1291 419 1378 470; x_wconf 88' lang='lat' dir='ltr'>ratam</span> <span class='ocrx_word' id='word_1_17' title='bbox 1397 420 1545 470; x_wconf 70' lang='lat' dir='ltr'>semilae</span> <span class='ocrx_word' id='word_1_18' title='bbox 1604 443 1605 446; x_wconf 61' lang='lat'><em>=</em></span> 
     </span>
     <span class='ocr_line' id='line_1_3' title="bbox 120 501 1456 575; baseline 0.001 -17"><span class='ocrx_word' id='word_1_19' title='bbox 120 519 183 558; x_wconf 88' lang='lat' dir='ltr'>rum</span> <span class='ocrx_word' id='word_1_20' title='bbox 203 503 381 573; x_wconf 74' lang='lat' dir='ltr'>exceptioque</span> <span class='ocrx_word' id='word_1_21' title='bbox 399 502 587 572; x_wconf 84' lang='lat' dir='ltr'>procuratorio</span> <span class='ocrx_word' id='word_1_22' title='bbox 604 501 772 572; x_wconf 86' lang='lat' dir='ltr'>stipulationi</span> <span class='ocrx_word' id='word_1_23' title='bbox 790 501 935 556; x_wconf 89' lang='lat' dir='ltr'>inserenda</span> <span class='ocrx_word' id='word_1_24' title='bbox 952 503 1015 572; x_wconf 88' lang='lat' dir='ltr'>erit,</span> <span class='ocrx_word' id='word_1_25' title='bbox 1039 503 1111 560; x_wconf 90' lang='lat' dir='ltr'>siout</span> <span class='ocrx_word' id='word_1_26' title='bbox 1132 504 1161 560; x_wconf 89' lang='lat' dir='ltr'>in</span> <span class='ocrx_word' id='word_1_27' title='bbox 1183 504 1359 575; x_wconf 76' lang='lat' dir='ltr'>stipulatione</span> <span class='ocrx_word' id='word_1_28' title='bbox 1381 504 1456 574; x_wconf 82' lang='lat' dir='ltr'>lega-</span> 
     </span>
    </p>

    <p class='ocr_par' dir='ltr' id='par_1_3' title="bbox 120 590 1492 897">
     <span class='ocr_line' id='line_1_4' title="bbox 120 590 1456 664; baseline 0 -16"><span class='ocrx_word' id='word_1_29' title='bbox 120 611 128 648; x_wconf 84' lang='lat'>:</span> <span class='ocrx_word' id='word_1_30' title='bbox 148 593 225 663; x_wconf 91' lang='lat' dir='ltr'>qnod</span> <span class='ocrx_word' id='word_1_31' title='bbox 242 592 266 647; x_wconf 89' lang='lat' dir='ltr'>si</span> <span class='ocrx_word' id='word_1_32' title='bbox 283 593 310 646; x_wconf 89' lang='lat' dir='ltr'>ei</span> <span class='ocrx_word' id='word_1_33' title='bbox 327 607 382 646; x_wconf 91' lang='lat' dir='ltr'>non</span> <span class='ocrx_word' id='word_1_34' title='bbox 400 590 550 660; x_wconf 81' lang='lat' dir='ltr'>tenebitur,</span> <span class='ocrx_word' id='word_1_35' title='bbox 568 590 717 648; x_wconf 89' lang='lat' dir='ltr'>mittendus</span> <span class='ocrx_word' id='word_1_36' title='bbox 735 594 778 645; x_wconf 86' lang='lat' dir='ltr'>est</span> <span class='ocrx_word' id='word_1_37' title='bbox 795 591 823 645; x_wconf 88' lang='lat' dir='ltr'>in</span> <span class='ocrx_word' id='word_1_38' title='bbox 840 592 1041 660; x_wconf 89' lang='lat' dir='ltr'>possessionem</span> <span class='ocrx_word' id='word_1_39' title='bbox 1059 598 1219 664; x_wconf 88' lang='lat' dir='ltr'>procurator</span> <span class='ocrx_word' id='word_1_40' title='bbox 1235 593 1406 663; x_wconf 88' lang='lat' dir='ltr'>omnimodo,</span> <span class='ocrx_word' id='word_1_41' title='bbox 1424 597 1456 648; x_wconf 91' lang='lat' dir='ltr'>ut</span> 
     </span>
     <span class='ocr_line' id='line_1_5' title="bbox 120 679 1492 752; baseline 0 -14"><span class='ocrx_word' id='word_1_42' title='bbox 120 683 198 752; x_wconf 87' lang='lat' dir='ltr'>aptio</span> <span class='ocrx_word' id='word_1_43' title='bbox 216 681 403 752; x_wconf 68' lang='lat' dir='ltr'>procuratoris</span> <span class='ocrx_word' id='word_1_44' title='bbox 419 696 474 736; x_wconf 95' lang='lat' dir='ltr'>non</span> <span class='ocrx_word' id='word_1_45' title='bbox 491 686 598 736; x_wconf 89' lang='lat' dir='ltr'>noceat.</span> <span class='ocrx_word' id='word_1_46' title='bbox 634 681 666 736; x_wconf 92' lang='lat' dir='ltr'>ln</span> <span class='ocrx_word' id='word_1_47' title='bbox 684 679 853 736; x_wconf 87' lang='lat' dir='ltr'>aestimando</span> <span class='ocrx_word' id='word_1_48' title='bbox 871 695 943 735; x_wconf 90' lang='lat' dir='ltr'>nono</span> <span class='ocrx_word' id='word_1_49' title='bbox 961 682 1065 751; x_wconf 88' lang='lat' dir='ltr'>pariete</span> <span class='ocrx_word' id='word_1_50' title='bbox 1087 683 1157 738; x_wconf 87' lang='lat' dir='ltr'>ratio</span> <span class='ocrx_word' id='word_1_51' title='bbox 1179 680 1273 738; x_wconf 89' lang='lat' dir='ltr'>haberi</span> <span class='ocrx_word' id='word_1_52' title='bbox 1295 681 1379 738; x_wconf 87' lang='lat' dir='ltr'>debet</span> <span class='ocrx_word' id='word_1_53' title='bbox 1396 682 1456 738; x_wconf 87' lang='lat' dir='ltr'>eius</span> <span class='ocrx_word' id='word_1_54' title='bbox 1491 721 1492 726; x_wconf 20' lang='grc' dir='ltr'>η</span> 
     </span>
     <span class='ocr_line' id='line_1_6' title="bbox 120 769 1488 842; baseline -0.002 -16"><span class='ocrx_word' id='word_1_55' title='bbox 120 787 181 841; x_wconf 85' lang='lat' dir='ltr'>sae,</span> <span class='ocrx_word' id='word_1_56' title='bbox 204 785 275 842; x_wconf 87' lang='lat' dir='ltr'>qnae</span> <span class='ocrx_word' id='word_1_57' title='bbox 298 769 409 826; x_wconf 88' lang='lat' dir='ltr'>modum</span> <span class='ocrx_word' id='word_1_58' title='bbox 426 769 594 841; x_wconf 75' lang='lat' dir='ltr'>probabilem</span> <span class='ocrx_word' id='word_1_59' title='bbox 612 785 667 826; x_wconf 91' lang='lat' dir='ltr'>non</span> <span class='ocrx_word' id='word_1_60' title='bbox 685 769 801 826; x_wconf 83' lang='lat' dir='ltr'>excedet</span> <span class='ocrx_word' id='word_1_61' title='bbox 817 769 846 824; x_wconf 89' lang='lat' dir='ltr'>in</span> <span class='ocrx_word' id='word_1_62' title='bbox 868 775 962 826; x_wconf 84' lang='lat' dir='ltr'>uetere</span> <span class='ocrx_word' id='word_1_63' title='bbox 984 771 1043 826; x_wconf 90' lang='lat' dir='ltr'>eius</span> <span class='ocrx_word' id='word_1_64' title='bbox 1066 771 1169 842; x_wconf 88' lang='lat' dir='ltr'>cultus,</span> <span class='ocrx_word' id='word_1_65' title='bbox 1192 787 1247 828; x_wconf 91' lang='lat' dir='ltr'>non</span> <span class='ocrx_word' id='word_1_66' title='bbox 1268 773 1315 842; x_wconf 92' lang='lat' dir='ltr'>qui</span> <span class='ocrx_word' id='word_1_67' title='bbox 1336 787 1391 828; x_wconf 91' lang='lat' dir='ltr'>non</span> <span class='ocrx_word' id='word_1_68' title='bbox 1408 771 1488 826; x_wconf 79' lang='lat' dir='ltr'>ads</span> 
     </span>
     <span class='ocr_line' id='line_1_7' title="bbox 129 865 139 897; baseline 0 0"><span class='ocrx_word' id='word_1_69' title='bbox 129 865 139 897; x_wconf 86' lang='lat' dir='ltr'>l</span> 
     </span>
    </p>

    <p class='ocr_par' dir='ltr' id='par_1_4' title="bbox 120 945 1495 1200">
     <span class='ocr_line' id='line_1_8' title="bbox 120 945 1495 1034; baseline 0.002 -29"><span class='ocrx_word' id='word_1_70' title='bbox 120 963 231 1006; x_wconf 73' lang='lat' dir='ltr'>eunus</span> <span class='ocrx_word' id='word_1_71' title='bbox 248 948 317 1004; x_wconf 92' lang='lat' dir='ltr'>libro</span> <span class='ocrx_word' id='word_1_72' title='bbox 333 948 562 1019; x_wconf 79' lang='lat' dir='ltr'>quadragensimo</span> <span class='ocrx_word' id='word_1_73' title='bbox 580 948 662 1004; x_wconf 86' lang='lat' dir='ltr'>tertio</span> <span class='ocrx_word' id='word_1_74' title='bbox 680 947 716 1003; x_wconf 88' lang='lat' dir='ltr'>ad</span> <span class='ocrx_word' id='word_1_75' title='bbox 734 946 874 1004; x_wconf 84' lang='lat' dir='ltr'>Sabinum.</span> <span class='ocrx_word' id='word_1_76' title='bbox 909 947 952 1002; x_wconf 81' lang='lat' dir='ltr'>Ex</span> <span class='ocrx_word' id='word_1_77' title='bbox 976 947 1069 1004; x_wconf 86' lang='lat' dir='ltr'>damni</span> <span class='ocrx_word' id='word_1_78' title='bbox 1086 947 1179 1006; x_wconf 84' lang='lat' dir='ltr'>iniecti</span> <span class='ocrx_word' id='word_1_79' title='bbox 1196 950 1282 1021; x_wconf 90' lang='lat' dir='ltr'>stipn·</span> <span class='ocrx_word' id='word_1_80' title='bbox 1301 945 1456 1034; x_wconf 47' lang='lat' dir='ltr'>{stiffi</span> <span class='ocrx_word' id='word_1_81' title='bbox 1473 951 1495 1008; x_wconf 81' lang='lat' dir='ltr'><strong><em>S</em></strong></span> 
     </span>
     <span class='ocr_line' id='line_1_9' title="bbox 120 1036 1457 1110; baseline 0.001 -18"><span class='ocrx_word' id='word_1_82' title='bbox 120 1061 123 1092; x_wconf 73' lang='grc' dir='ltr'>ι</span> <span class='ocrx_word' id='word_1_83' title='bbox 143 1055 202 1094; x_wconf 92' lang='lat' dir='ltr'>non</span> <span class='ocrx_word' id='word_1_84' title='bbox 219 1041 327 1110; x_wconf 87' lang='lat' dir='ltr'>oportet</span> <span class='ocrx_word' id='word_1_85' title='bbox 344 1036 477 1094; x_wconf 86' lang='lat' dir='ltr'>infinitam</span> <span class='ocrx_word' id='word_1_86' title='bbox 496 1038 541 1094; x_wconf 92' lang='lat' dir='ltr'>uel</span> <span class='ocrx_word' id='word_1_87' title='bbox 557 1037 756 1094; x_wconf 83' lang='lat' dir='ltr'>inmoderatam</span> <span class='ocrx_word' id='word_1_88' title='bbox 774 1037 992 1094; x_wconf 76' lang='lat' dir='ltr'>aestimationem</span> <span class='ocrx_word' id='word_1_89' title='bbox 1009 1036 1081 1108; x_wconf 88' lang='lat' dir='ltr'>fieri,</span> <span class='ocrx_word' id='word_1_90' title='bbox 1105 1045 1136 1094; x_wconf 91' lang='lat' dir='ltr'>ut</span> <span class='ocrx_word' id='word_1_91' title='bbox 1152 1045 1221 1109; x_wconf 87' lang='lat' dir='ltr'>puts</span> <span class='ocrx_word' id='word_1_92' title='bbox 1241 1040 1278 1096; x_wconf 94' lang='lat' dir='ltr'>ob</span> <span class='ocrx_word' id='word_1_93' title='bbox 1295 1040 1411 1096; x_wconf 88' lang='lat' dir='ltr'>tectoria</span> <span class='ocrx_word' id='word_1_94' title='bbox 1427 1046 1457 1095; x_wconf 88' lang='lat' dir='ltr'>et</span> 
     </span>
     <span class='ocr_line' id='line_1_10' title="bbox 120 1125 1456 1200; baseline 0 -16"><span class='ocrx_word' id='word_1_95' title='bbox 120 1133 217 1184; x_wconf 70' lang='lat' dir='ltr'>tauram</span> <span class='ocrx_word' id='word_1_96' title='bbox 234 1128 298 1184; x_wconf 90' lang='lat' dir='ltr'>licet</span> <span class='ocrx_word' id='word_1_97' title='bbox 315 1128 387 1184; x_wconf 88' lang='lat' dir='ltr'>enim</span> <span class='ocrx_word' id='word_1_98' title='bbox 405 1128 434 1183; x_wconf 89' lang='lat' dir='ltr'>in</span> <span class='ocrx_word' id='word_1_99' title='bbox 450 1127 518 1182; x_wconf 87' lang='lat' dir='ltr'>haec</span> <span class='ocrx_word' id='word_1_100' title='bbox 536 1143 637 1196; x_wconf 83' lang='lat' dir='ltr'>magna</span> <span class='ocrx_word' id='word_1_101' title='bbox 654 1127 776 1198; x_wconf 79' lang='lat' dir='ltr'>erogatio</span> <span class='ocrx_word' id='word_1_102' title='bbox 794 1125 868 1182; x_wconf 86' lang='lat' dir='ltr'>fecta</span> <span class='ocrx_word' id='word_1_103' title='bbox 885 1133 936 1196; x_wconf 92' lang='lat' dir='ltr'>est,</span> <span class='ocrx_word' id='word_1_104' title='bbox 957 1133 1079 1184; x_wconf 60' lang='lat' dir='ltr'>atamen</span> <span class='ocrx_word' id='word_1_105' title='bbox 1096 1143 1131 1182; x_wconf 86' lang='lat' dir='ltr'>ox</span> <span class='ocrx_word' id='word_1_106' title='bbox 1149 1128 1242 1184; x_wconf 88' lang='lat' dir='ltr'>damni</span> <span class='ocrx_word' id='word_1_107' title='bbox 1259 1128 1353 1186; x_wconf 84' lang='lat' dir='ltr'>iniecti</span> <span class='ocrx_word' id='word_1_108' title='bbox 1370 1129 1456 1200; x_wconf 88' lang='lat' dir='ltr'>stipu-</span> 
     </span>
    </p>

    <p class='ocr_par' dir='ltr' id='par_1_5' title="bbox 120 1214 1504 1913">
     <span class='ocr_line' id='line_1_11' title="bbox 120 1214 1503 1289; baseline 0.001 -17"><span class='ocrx_word' id='word_1_109' title='bbox 120 1237 125 1272; x_wconf 77' lang='lat' dir='ltr'>r</span> <span class='ocrx_word' id='word_1_110' title='bbox 145 1217 316 1274; x_wconf 77' lang='lat' dir='ltr'>moderatam</span> <span class='ocrx_word' id='word_1_111' title='bbox 334 1217 552 1273; x_wconf 85' lang='lat' dir='ltr'>aestimationem</span> <span class='ocrx_word' id='word_1_112' title='bbox 571 1214 733 1284; x_wconf 85' lang='lat' dir='ltr'>faciendam,</span> <span class='ocrx_word' id='word_1_113' title='bbox 751 1216 816 1285; x_wconf 89' lang='lat' dir='ltr'>quia</span> <span class='ocrx_word' id='word_1_114' title='bbox 833 1216 963 1272; x_wconf 87' lang='lat' dir='ltr'>honestus</span> <span class='ocrx_word' id='word_1_115' title='bbox 982 1217 1080 1274; x_wconf 88' lang='lat' dir='ltr'>modus</span> <span class='ocrx_word' id='word_1_116' title='bbox 1098 1219 1249 1275; x_wconf 88' lang='lat' dir='ltr'>seruandus</span> <span class='ocrx_word' id='word_1_117' title='bbox 1265 1225 1316 1289; x_wconf 86' lang='lat' dir='ltr'>ost,</span> <span class='ocrx_word' id='word_1_118' title='bbox 1334 1234 1388 1276; x_wconf 95' lang='lat' dir='ltr'>non</span> <span class='ocrx_word' id='word_1_119' title='bbox 1406 1219 1456 1274; x_wconf 85' lang='lat' dir='ltr'>inr-</span> <span class='ocrx_word' id='word_1_120' title='bbox 1475 1225 1503 1266; x_wconf 87' lang='lat'>¹⁰</span> 
     </span>
     <span class='ocr_line' id='line_1_12' title="bbox 120 1303 1457 1378; baseline -0.001 -15"><span class='ocrx_word' id='word_1_121' title='bbox 120 1313 171 1363; x_wconf 82' lang='lat' dir='ltr'>ata</span> <span class='ocrx_word' id='word_1_122' title='bbox 193 1308 325 1377; x_wconf 66' lang='lat' dir='ltr'>ememus</span> <span class='ocrx_word' id='word_1_123' title='bbox 347 1307 455 1362; x_wconf 84' lang='lat' dir='ltr'>luxuria</span> <span class='ocrx_word' id='word_1_124' title='bbox 478 1305 679 1375; x_wconf 87' lang='lat' dir='ltr'>subsequenda.</span> <span class='ocrx_word' id='word_1_125' title='bbox 716 1303 848 1370; x_wconf 82' lang='lat' dir='ltr'>Quotiens</span> <span class='ocrx_word' id='word_1_126' title='bbox 869 1307 1020 1362; x_wconf 71' lang='lat' dir='ltr'>wmmunis</span> <span class='ocrx_word' id='word_1_127' title='bbox 1043 1307 1156 1376; x_wconf 88' lang='lat' dir='ltr'>parietis</span> <span class='ocrx_word' id='word_1_128' title='bbox 1178 1308 1246 1364; x_wconf 88' lang='lat' dir='ltr'>uitio</span> <span class='ocrx_word' id='word_1_129' title='bbox 1264 1307 1329 1378; x_wconf 92' lang='lat' dir='ltr'>quid</span> <span class='ocrx_word' id='word_1_130' title='bbox 1347 1307 1457 1377; x_wconf 83' lang='lat' dir='ltr'>accidit,</span> 
     </span>
     <span class='ocr_line' id='line_1_13' title="bbox 133 1394 1457 1476; baseline -0.002 -23"><span class='ocrx_word' id='word_1_131' title='bbox 133 1397 214 1454; x_wconf 86' lang='lat' dir='ltr'>socio</span> <span class='ocrx_word' id='word_1_132' title='bbox 230 1396 296 1452; x_wconf 88' lang='lat' dir='ltr'>nibil</span> <span class='ocrx_word' id='word_1_133' title='bbox 314 1394 567 1466; x_wconf 67' lang='lat' dir='ltr'>praesensisset,</span> <span class='ocrx_word' id='word_1_134' title='bbox 585 1409 647 1450; x_wconf 88' lang='lat' dir='ltr'>cum</span> <span class='ocrx_word' id='word_1_135' title='bbox 666 1395 818 1450; x_wconf 88' lang='lat' dir='ltr'>communis</span> <span class='ocrx_word' id='word_1_136' title='bbox 836 1395 875 1476; x_wconf 82' lang='lat' dir='ltr'>rei</span> <span class='ocrx_word' id='word_1_137' title='bbox 894 1395 961 1452; x_wconf 89' lang='lat' dir='ltr'>uitio</span> <span class='ocrx_word' id='word_1_138' title='bbox 979 1396 1132 1466; x_wconf 76' lang='lat' dir='ltr'>contigerit</span> <span class='ocrx_word' id='word_1_139' title='bbox 1159 1397 1232 1467; x_wconf 93' lang='lat' dir='ltr'>qnod</span> <span class='ocrx_word' id='word_1_140' title='bbox 1251 1397 1287 1467; x_wconf 89' lang='lat' dir='ltr'>si,</span> <span class='ocrx_word' id='word_1_141' title='bbox 1305 1397 1371 1466; x_wconf 87' lang='lat' dir='ltr'>quia</span> <span class='ocrx_word' id='word_1_142' title='bbox 1388 1396 1457 1452; x_wconf 84' lang='lat' dir='ltr'>alter</span> 
     </span>
     <span class='ocr_line' id='line_1_14' title="bbox 120 1482 1457 1554; baseline 0.003 -18"><span class='ocrx_word' id='word_1_143' title='bbox 120 1491 248 1542; x_wconf 71' lang='lat' dir='ltr'>cesserat</span> <span class='ocrx_word' id='word_1_144' title='bbox 264 1485 310 1540; x_wconf 91' lang='lat' dir='ltr'>uei</span> <span class='ocrx_word' id='word_1_145' title='bbox 327 1489 497 1553; x_wconf 85' lang='lat' dir='ltr'>oneranerat,</span> <span class='ocrx_word' id='word_1_146' title='bbox 512 1483 616 1540; x_wconf 87' lang='lat' dir='ltr'>idcirco</span> <span class='ocrx_word' id='word_1_147' title='bbox 635 1482 763 1540; x_wconf 71' lang='lat' dir='ltr'>damam</span> <span class='ocrx_word' id='word_1_148' title='bbox 781 1484 905 1554; x_wconf 78' lang='lat' dir='ltr'>contigit,</span> <span class='ocrx_word' id='word_1_149' title='bbox 922 1499 1092 1554; x_wconf 87' lang='lat' dir='ltr'>consequens</span> <span class='ocrx_word' id='word_1_150' title='bbox 1106 1490 1150 1540; x_wconf 87' lang='lat' dir='ltr'>est</span> <span class='ocrx_word' id='word_1_151' title='bbox 1161 1486 1252 1542; x_wconf 89' lang='lat' dir='ltr'>dicero</span> <span class='ocrx_word' id='word_1_152' title='bbox 1264 1485 1457 1542; x_wconf 87' lang='lat' dir='ltr'>detrimentum</span> 
     </span>
     <span class='ocr_line' id='line_1_15' title="bbox 120 1573 1457 1646; baseline -0.001 -16"><span class='ocrx_word' id='word_1_153' title='bbox 120 1575 182 1631; x_wconf 90' lang='lat' dir='ltr'>nod</span> <span class='ocrx_word' id='word_1_154' title='bbox 200 1573 332 1630; x_wconf 85' lang='lat' dir='ltr'>beneficio</span> <span class='ocrx_word' id='word_1_155' title='bbox 350 1574 409 1629; x_wconf 88' lang='lat' dir='ltr'>eins</span> <span class='ocrx_word' id='word_1_156' title='bbox 422 1573 564 1644; x_wconf 83' lang='lat' dir='ltr'>contingit,</span> <span class='ocrx_word' id='word_1_157' title='bbox 582 1573 671 1643; x_wconf 88' lang='lat' dir='ltr'>ipsum</span> <span class='ocrx_word' id='word_1_158' title='bbox 683 1574 784 1630; x_wconf 88' lang='lat' dir='ltr'>sarcire</span> <span class='ocrx_word' id='word_1_159' title='bbox 797 1573 905 1630; x_wconf 89' lang='lat' dir='ltr'>debere.</span> <span class='ocrx_word' id='word_1_160' title='bbox 932 1573 1007 1644; x_wconf 90' lang='lat' dir='ltr'>qnod</span> <span class='ocrx_word' id='word_1_161' title='bbox 1025 1575 1049 1630; x_wconf 90' lang='lat' dir='ltr'>si</span> <span class='ocrx_word' id='word_1_162' title='bbox 1067 1575 1217 1646; x_wconf 87' lang='lat' dir='ltr'>aequaliter</span> <span class='ocrx_word' id='word_1_163' title='bbox 1228 1575 1375 1644; x_wconf 47' lang='lat' dir='ltr'>*utriusque</span> <span class='ocrx_word' id='word_1_164' title='bbox 1393 1588 1457 1630; x_wconf 89' lang='lat' dir='ltr'>ono·</span> 
     </span>
     <span class='ocr_line' id='line_1_16' title="bbox 120 1661 1504 1735; baseline -0.001 -15"><span class='ocrx_word' id='word_1_165' title='bbox 120 1679 233 1735; x_wconf 84' lang='lat' dir='ltr'>pressus</span> <span class='ocrx_word' id='word_1_166' title='bbox 251 1663 366 1732; x_wconf 84' lang='lat' dir='ltr'>desidit,</span> <span class='ocrx_word' id='word_1_167' title='bbox 390 1663 541 1718; x_wconf 87' lang='lat' dir='ltr'>rectissime</span> <span class='ocrx_word' id='word_1_168' title='bbox 559 1661 677 1718; x_wconf 88' lang='lat' dir='ltr'>Sabinus</span> <span class='ocrx_word' id='word_1_169' title='bbox 695 1663 817 1732; x_wconf 75' lang='lat' dir='ltr'>scripsit,</span> <span class='ocrx_word' id='word_1_170' title='bbox 841 1679 929 1733; x_wconf 80' lang='lat' dir='ltr'>parom</span> <span class='ocrx_word' id='word_1_171' title='bbox 952 1663 1094 1734; x_wconf 90' lang='lat' dir='ltr'>utriusque</span> <span class='ocrx_word' id='word_1_172' title='bbox 1116 1679 1227 1720; x_wconf 89' lang='lat' dir='ltr'>oausam</span> <span class='ocrx_word' id='word_1_173' title='bbox 1249 1679 1319 1720; x_wconf 88' lang='lat' dir='ltr'>esse.</span> <span class='ocrx_word' id='word_1_174' title='bbox 1348 1663 1416 1719; x_wconf 88' lang='lat' dir='ltr'>rod¹</span> <span class='ocrx_word' id='word_1_175' title='bbox 1433 1663 1457 1719; x_wconf 88' lang='lat' dir='ltr'>si</span> <span class='ocrx_word' id='word_1_176' title='bbox 1475 1670 1504 1712; x_wconf 76' lang='lat'>¹⁵</span> 
     </span>
     <span class='ocr_line' id='line_1_17' title="bbox 120 1752 1457 1824; baseline -0.001 -14"><span class='ocrx_word' id='word_1_177' title='bbox 120 1756 207 1810; x_wconf 82' lang='lat' dir='ltr'>rlnres</span> <span class='ocrx_word' id='word_1_178' title='bbox 224 1753 268 1808; x_wconf 90' lang='lat' dir='ltr'>uel</span> <span class='ocrx_word' id='word_1_179' title='bbox 285 1753 460 1822; x_wconf 87' lang='lat' dir='ltr'>pretiosiores</span> <span class='ocrx_word' id='word_1_180' title='bbox 477 1767 521 1808; x_wconf 90' lang='lat' dir='ltr'>res</span> <span class='ocrx_word' id='word_1_181' title='bbox 539 1753 669 1821; x_wconf 89' lang='lat' dir='ltr'>amiserit,</span> <span class='ocrx_word' id='word_1_182' title='bbox 688 1752 785 1808; x_wconf 90' lang='lat' dir='ltr'>melius</span> <span class='ocrx_word' id='word_1_183' title='bbox 802 1756 846 1808; x_wconf 89' lang='lat' dir='ltr'>eet</span> <span class='ocrx_word' id='word_1_184' title='bbox 863 1752 962 1820; x_wconf 89' lang='lat' dir='ltr'>dicere,</span> <span class='ocrx_word' id='word_1_185' title='bbox 980 1753 1044 1822; x_wconf 88' lang='lat' dir='ltr'>quia</span> <span class='ocrx_word' id='word_1_186' title='bbox 1062 1752 1142 1810; x_wconf 86' lang='lat' dir='ltr'>ambo</span> <span class='ocrx_word' id='word_1_187' title='bbox 1160 1769 1244 1810; x_wconf 86' lang='lat' dir='ltr'>onera</span> <span class='ocrx_word' id='word_1_188' title='bbox 1261 1754 1457 1824; x_wconf 75' lang='lat' dir='ltr'>imposuerunt,</span> 
     </span>
     <span class='ocr_line' id='line_1_18' title="bbox 134 1840 1457 1913; baseline -0.001 -16"><span class='ocrx_word' id='word_1_189' title='bbox 134 1841 275 1898; x_wconf 83' lang='lat' dir='ltr'>aduersus</span> <span class='ocrx_word' id='word_1_190' title='bbox 299 1842 414 1897; x_wconf 88' lang='lat' dir='ltr'>alterum</span> <span class='ocrx_word' id='word_1_191' title='bbox 438 1847 593 1912; x_wconf 86' lang='lat' dir='ltr'>competere</span> <span class='ocrx_word' id='word_1_192' title='bbox 616 1841 761 1897; x_wconf 86' lang='lat' dir='ltr'>actionem.</span> <span class='ocrx_word' id='word_1_193' title='bbox 802 1840 934 1907; x_wconf 86' lang='lat' dir='ltr'>Quotiens</span> <span class='ocrx_word' id='word_1_194' title='bbox 957 1856 992 1896; x_wconf 83' lang='lat' dir='ltr'>ex</span> <span class='ocrx_word' id='word_1_195' title='bbox 1017 1841 1109 1897; x_wconf 87' lang='lat' dir='ltr'>damni</span> <span class='ocrx_word' id='word_1_196' title='bbox 1131 1840 1225 1898; x_wconf 85' lang='lat' dir='ltr'>iniecti</span> <span class='ocrx_word' id='word_1_197' title='bbox 1246 1843 1339 1913; x_wconf 89' lang='lat' dir='ltr'>plures</span> <span class='ocrx_word' id='word_1_198' title='bbox 1362 1846 1457 1911; x_wconf 81' lang='lat' dir='ltr'>agunt,</span> 
     </span>
    </p>

    <p class='ocr_par' dir='ltr' id='par_1_6' title="bbox 120 1929 1506 2717">
     <span class='ocr_line' id='line_1_19' title="bbox 120 1929 1458 2002; baseline -0.001 -14"><span class='ocrx_word' id='word_1_199' title='bbox 120 1950 134 1988; x_wconf 93' lang='lat' dir='ltr'>n</span> <span class='ocrx_word' id='word_1_200' title='bbox 154 1929 254 1986; x_wconf 87' lang='lat' dir='ltr'>eadem</span> <span class='ocrx_word' id='word_1_201' title='bbox 274 1945 303 1986; x_wconf 93' lang='lat' dir='ltr'>re</span> <span class='ocrx_word' id='word_1_202' title='bbox 320 1929 449 1986; x_wconf 87' lang='lat' dir='ltr'>damnum</span> <span class='ocrx_word' id='word_1_203' title='bbox 468 1931 544 2001; x_wconf 88' lang='lat' dir='ltr'>passi</span> <span class='ocrx_word' id='word_1_204' title='bbox 561 1934 636 2000; x_wconf 84' lang='lat' dir='ltr'>sunt,</span> <span class='ocrx_word' id='word_1_205' title='bbox 660 1930 688 1986; x_wconf 90' lang='lat' dir='ltr'>id</span> <span class='ocrx_word' id='word_1_206' title='bbox 706 1935 750 1986; x_wconf 89' lang='lat' dir='ltr'>est</span> <span class='ocrx_word' id='word_1_207' title='bbox 766 1930 794 1986; x_wconf 88' lang='lat' dir='ltr'>in</span> <span class='ocrx_word' id='word_1_208' title='bbox 818 1929 946 2000; x_wconf 89' lang='lat' dir='ltr'>aedibus,</span> <span class='ocrx_word' id='word_1_209' title='bbox 970 1945 1024 1987; x_wconf 90' lang='lat' dir='ltr'>non</span> <span class='ocrx_word' id='word_1_210' title='bbox 1049 1930 1132 1987; x_wconf 90' lang='lat' dir='ltr'>debet</span> <span class='ocrx_word' id='word_1_211' title='bbox 1155 1933 1342 2002; x_wconf 88' lang='lat' dir='ltr'>unusquisque</span> <span class='ocrx_word' id='word_1_212' title='bbox 1364 1945 1458 1988; x_wconf 88' lang='lat' dir='ltr'>eornm</span> 
     </span>
     <span class='ocr_line' id='line_1_20' title="bbox 120 2019 1458 2091; baseline -0.001 -15"><span class='ocrx_word' id='word_1_213' title='bbox 120 2020 192 2076; x_wconf 89' lang='lat' dir='ltr'>dum</span> <span class='ocrx_word' id='word_1_214' title='bbox 212 2035 302 2091; x_wconf 83' lang='lat' dir='ltr'>agere,</span> <span class='ocrx_word' id='word_1_215' title='bbox 321 2020 370 2076; x_wconf 92' lang='lat' dir='ltr'>sed</span> <span class='ocrx_word' id='word_1_216' title='bbox 389 2020 416 2075; x_wconf 94' lang='lat' dir='ltr'>in</span> <span class='ocrx_word' id='word_1_217' title='bbox 434 2025 540 2090; x_wconf 88' lang='lat' dir='ltr'>partem</span> <span class='ocrx_word' id='word_1_218' title='bbox 559 2020 688 2090; x_wconf 83' lang='lat' dir='ltr'>experiri:</span> <span class='ocrx_word' id='word_1_219' title='bbox 707 2019 886 2088; x_wconf 87' lang='lat' dir='ltr'>nequeenim</span> <span class='ocrx_word' id='word_1_220' title='bbox 905 2019 1044 2089; x_wconf 85' lang='lat' dir='ltr'>damnum,</span> <span class='ocrx_word' id='word_1_221' title='bbox 1063 2021 1136 2090; x_wconf 91' lang='lat' dir='ltr'>quod</span> <span class='ocrx_word' id='word_1_222' title='bbox 1153 2021 1276 2091; x_wconf 88' lang='lat' dir='ltr'>pluribus</span> <span class='ocrx_word' id='word_1_223' title='bbox 1294 2021 1388 2076; x_wconf 88' lang='lat' dir='ltr'>datum</span> <span class='ocrx_word' id='word_1_224' title='bbox 1406 2024 1458 2090; x_wconf 86' lang='lat' dir='ltr'>est,</span> 
     </span>
     <span class='ocr_line' id='line_1_21' title="bbox 120 2109 1506 2181; baseline 0 -17"><span class='ocrx_word' id='word_1_225' title='bbox 120 2125 177 2181; x_wconf 69' lang='lat' dir='ltr'>qne</span> <span class='ocrx_word' id='word_1_226' title='bbox 195 2109 357 2164; x_wconf 88' lang='lat' dir='ltr'>insolidum</span> <span class='ocrx_word' id='word_1_227' title='bbox 376 2109 471 2164; x_wconf 85' lang='lat' dir='ltr'>datum</span> <span class='ocrx_word' id='word_1_228' title='bbox 489 2114 547 2178; x_wconf 86' lang='lat' dir='ltr'>est,</span> <span class='ocrx_word' id='word_1_229' title='bbox 566 2109 615 2166; x_wconf 90' lang='lat' dir='ltr'>sod</span> <span class='ocrx_word' id='word_1_230' title='bbox 632 2110 661 2166; x_wconf 90' lang='lat' dir='ltr'>in</span> <span class='ocrx_word' id='word_1_231' title='bbox 678 2115 784 2179; x_wconf 89' lang='lat' dir='ltr'>partem</span> <span class='ocrx_word' id='word_1_232' title='bbox 803 2109 898 2164; x_wconf 83' lang='lat' dir='ltr'>dutum</span> <span class='ocrx_word' id='word_1_233' title='bbox 916 2124 978 2166; x_wconf 90' lang='lat' dir='ltr'>esso</span> <span class='ocrx_word' id='word_1_234' title='bbox 996 2109 1113 2166; x_wconf 90' lang='lat' dir='ltr'>uidetur.</span> <span class='ocrx_word' id='word_1_235' title='bbox 1139 2115 1169 2165; x_wconf 89' lang='lat' dir='ltr'>ot</span> <span class='ocrx_word' id='word_1_236' title='bbox 1185 2110 1247 2166; x_wconf 88' lang='lat' dir='ltr'>ideo</span> <span class='ocrx_word' id='word_1_237' title='bbox 1265 2110 1412 2178; x_wconf 88' lang='lat' dir='ltr'>unicuique</span> <span class='ocrx_word' id='word_1_238' title='bbox 1429 2109 1458 2164; x_wconf 91' lang='lat' dir='ltr'>in</span> <span class='ocrx_word' id='word_1_239' title='bbox 1477 2117 1506 2158; x_wconf 80' lang='lat'>¹⁰</span> 
     </span>
     <span class='ocr_line' id='line_1_22' title="bbox 120 2198 1458 2269; baseline 0.001 -15"><span class='ocrx_word' id='word_1_240' title='bbox 120 2218 126 2254; x_wconf 88' lang='lat' dir='ltr'>r</span> <span class='ocrx_word' id='word_1_241' title='bbox 149 2204 309 2268; x_wconf 87' lang='lat' dir='ltr'>competere</span> <span class='ocrx_word' id='word_1_242' title='bbox 327 2199 462 2254; x_wconf 87' lang='lat' dir='ltr'>actionem</span> <span class='ocrx_word' id='word_1_243' title='bbox 480 2199 601 2254; x_wconf 88' lang='lat' dir='ltr'>lulianus</span> <span class='ocrx_word' id='word_1_244' title='bbox 618 2199 735 2269; x_wconf 87' lang='lat' dir='ltr'>scripsit.</span> <span class='ocrx_word' id='word_1_245' title='bbox 771 2198 841 2255; x_wconf 85' lang='lat' dir='ltr'>item</span> <span class='ocrx_word' id='word_1_246' title='bbox 859 2199 883 2254; x_wconf 90' lang='lat' dir='ltr'>ei</span> <span class='ocrx_word' id='word_1_247' title='bbox 901 2199 1018 2268; x_wconf 88' lang='lat' dir='ltr'>plurium</span> <span class='ocrx_word' id='word_1_248' title='bbox 1036 2199 1091 2254; x_wconf 87' lang='lat' dir='ltr'>sint</span> <span class='ocrx_word' id='word_1_249' title='bbox 1109 2199 1201 2268; x_wconf 87' lang='lat' dir='ltr'>sedes,</span> <span class='ocrx_word' id='word_1_250' title='bbox 1219 2213 1290 2269; x_wconf 88' lang='lat' dir='ltr'>quae</span> <span class='ocrx_word' id='word_1_251' title='bbox 1308 2199 1458 2256; x_wconf 85' lang='lat' dir='ltr'>damnosae</span> 
     </span>
     <span class='ocr_line' id='line_1_23' title="bbox 120 2287 1458 2360; baseline 0 -16"><span class='ocrx_word' id='word_1_252' title='bbox 120 2293 186 2357; x_wconf 86' lang='lat' dir='ltr'>snt,</span> <span class='ocrx_word' id='word_1_253' title='bbox 211 2293 300 2342; x_wconf 73' lang='lat' dir='ltr'>unum</span> <span class='ocrx_word' id='word_1_254' title='bbox 319 2288 452 2344; x_wconf 85' lang='lat' dir='ltr'>aduersus</span> <span class='ocrx_word' id='word_1_255' title='bbox 470 2301 692 2357; x_wconf 87' lang='lat' dir='ltr'>unumquemque</span> <span class='ocrx_word' id='word_1_256' title='bbox 710 2287 879 2344; x_wconf 88' lang='lat' dir='ltr'>dominorum</span> <span class='ocrx_word' id='word_1_257' title='bbox 901 2289 930 2344; x_wconf 91' lang='lat' dir='ltr'>in</span> <span class='ocrx_word' id='word_1_258' title='bbox 951 2288 1067 2344; x_wconf 89' lang='lat' dir='ltr'>solidum</span> <span class='ocrx_word' id='word_1_259' title='bbox 1086 2289 1218 2360; x_wconf 90' lang='lat' dir='ltr'>competit</span> <span class='ocrx_word' id='word_1_260' title='bbox 1235 2304 1270 2344; x_wconf 91' lang='lat' dir='ltr'>an</span> <span class='ocrx_word' id='word_1_261' title='bbox 1287 2289 1316 2344; x_wconf 92' lang='lat' dir='ltr'>in</span> <span class='ocrx_word' id='word_1_262' title='bbox 1332 2287 1458 2359; x_wconf 79' lang='lat' dir='ltr'>pariens?</span> 
     </span>
     <span class='ocr_line' id='line_1_24' title="bbox 120 2376 1457 2450; baseline 0.001 -18"><span class='ocrx_word' id='word_1_263' title='bbox 120 2378 186 2450; x_wconf 86' lang='lat' dir='ltr'>psit</span> <span class='ocrx_word' id='word_1_264' title='bbox 195 2378 325 2447; x_wconf 89' lang='lat' dir='ltr'>lulianus,</span> <span class='ocrx_word' id='word_1_265' title='bbox 343 2377 418 2447; x_wconf 92' lang='lat' dir='ltr'>quod</span> <span class='ocrx_word' id='word_1_266' title='bbox 434 2382 463 2432; x_wconf 89' lang='lat' dir='ltr'>et</span> <span class='ocrx_word' id='word_1_267' title='bbox 475 2376 593 2434; x_wconf 87' lang='lat' dir='ltr'>Sabinus</span> <span class='ocrx_word' id='word_1_268' title='bbox 611 2376 717 2447; x_wconf 87' lang='lat' dir='ltr'>probat,</span> <span class='ocrx_word' id='word_1_269' title='bbox 736 2393 785 2447; x_wconf 92' lang='lat' dir='ltr'>pro</span> <span class='ocrx_word' id='word_1_270' title='bbox 803 2377 946 2434; x_wconf 83' lang='lat' dir='ltr'>dominicis</span> <span class='ocrx_word' id='word_1_271' title='bbox 963 2377 1087 2449; x_wconf 85' lang='lat' dir='ltr'>partibus</span> <span class='ocrx_word' id='word_1_272' title='bbox 1105 2378 1245 2434; x_wconf 90' lang='lat' dir='ltr'>conueniri</span> <span class='ocrx_word' id='word_1_273' title='bbox 1262 2392 1310 2434; x_wconf 90' lang='lat' dir='ltr'>eos</span> <span class='ocrx_word' id='word_1_274' title='bbox 1322 2383 1457 2448; x_wconf 88' lang='lat' dir='ltr'>oportere.</span> 
     </span>
     <span class='ocr_line' id='line_1_25' title="bbox 120 2465 1458 2538; baseline -0.001 -14"><span class='ocrx_word' id='word_1_275' title='bbox 120 2485 167 2524; x_wconf 84' lang='lat' dir='ltr'>res</span> <span class='ocrx_word' id='word_1_276' title='bbox 187 2466 289 2522; x_wconf 89' lang='lat' dir='ltr'>domini</span> <span class='ocrx_word' id='word_1_277' title='bbox 306 2468 361 2524; x_wconf 88' lang='lat' dir='ltr'>sint</span> <span class='ocrx_word' id='word_1_278' title='bbox 377 2467 499 2536; x_wconf 87' lang='lat' dir='ltr'>sedium,</span> <span class='ocrx_word' id='word_1_279' title='bbox 524 2467 570 2537; x_wconf 92' lang='lat' dir='ltr'>qui</span> <span class='ocrx_word' id='word_1_280' title='bbox 588 2466 681 2522; x_wconf 90' lang='lat' dir='ltr'>damni</span> <span class='ocrx_word' id='word_1_281' title='bbox 698 2465 791 2524; x_wconf 87' lang='lat' dir='ltr'>iniecti</span> <span class='ocrx_word' id='word_1_282' title='bbox 808 2465 861 2522; x_wconf 89' lang='lat' dir='ltr'>sibi</span> <span class='ocrx_word' id='word_1_283' title='bbox 877 2467 1033 2537; x_wconf 85' lang='lat' dir='ltr'>prospicere</span> <span class='ocrx_word' id='word_1_284' title='bbox 1050 2469 1160 2538; x_wconf 89' lang='lat' dir='ltr'>uolunt,</span> <span class='ocrx_word' id='word_1_285' title='bbox 1182 2482 1233 2524; x_wconf 90' lang='lat' dir='ltr'>nec</span> <span class='ocrx_word' id='word_1_286' title='bbox 1256 2467 1400 2537; x_wconf 86' lang='lat' dir='ltr'>quiequam</span> <span class='ocrx_word' id='word_1_287' title='bbox 1417 2467 1458 2522; x_wconf 89' lang='lat' dir='ltr'>eis</span> 
     </span>
     <span class='ocr_line' id='line_1_26' title="bbox 131 2554 1506 2628; baseline -0.001 -15"><span class='ocrx_word' id='word_1_288' title='bbox 131 2555 235 2613; x_wconf 80' lang='lat' dir='ltr'>iniecti</span> <span class='ocrx_word' id='word_1_289' title='bbox 251 2562 357 2626; x_wconf 70' lang='lat' dir='ltr'>murat,</span> <span class='ocrx_word' id='word_1_290' title='bbox 374 2555 500 2612; x_wconf 87' lang='lat' dir='ltr'>mittendi</span> <span class='ocrx_word' id='word_1_291' title='bbox 518 2571 613 2612; x_wconf 88' lang='lat' dir='ltr'>omnes</span> <span class='ocrx_word' id='word_1_292' title='bbox 629 2556 658 2611; x_wconf 93' lang='lat' dir='ltr'>in</span> <span class='ocrx_word' id='word_1_293' title='bbox 675 2557 877 2625; x_wconf 85' lang='lat' dir='ltr'>possessionem</span> <span class='ocrx_word' id='word_1_294' title='bbox 894 2561 974 2612; x_wconf 88' lang='lat' dir='ltr'>erunt</span> <span class='ocrx_word' id='word_1_295' title='bbox 991 2561 1020 2612; x_wconf 90' lang='lat' dir='ltr'>et</span> <span class='ocrx_word' id='word_1_296' title='bbox 1030 2557 1141 2628; x_wconf 89' lang='lat' dir='ltr'>quidem</span> <span class='ocrx_word' id='word_1_297' title='bbox 1154 2555 1313 2627; x_wconf 84' lang='lat' dir='ltr'>aequalibus</span> <span class='ocrx_word' id='word_1_298' title='bbox 1325 2554 1457 2628; x_wconf 89' lang='lat' dir='ltr'>partibus,</span> <span class='ocrx_word' id='word_1_299' title='bbox 1477 2563 1506 2606; x_wconf 66' lang='grc' dir='ltr'>’ὁ</span> 
     </span>
     <span class='ocr_line' id='line_1_27' title="bbox 120 2643 1163 2717; baseline 0 -15"><span class='ocrx_word' id='word_1_300' title='bbox 120 2648 152 2702; x_wconf 88' lang='lat' dir='ltr'>is</span> <span class='ocrx_word' id='word_1_301' title='bbox 173 2645 297 2700; x_wconf 89' lang='lat' dir='ltr'>diuersas</span> <span class='ocrx_word' id='word_1_302' title='bbox 314 2646 454 2716; x_wconf 89' lang='lat' dir='ltr'>portiones</span> <span class='ocrx_word' id='word_1_303' title='bbox 471 2645 583 2700; x_wconf 89' lang='lat' dir='ltr'>dominii</span> <span class='ocrx_word' id='word_1_304' title='bbox 601 2643 757 2700; x_wconf 88' lang='lat' dir='ltr'>habuerint:</span> <span class='ocrx_word' id='word_1_305' title='bbox 776 2651 804 2700; x_wconf 91' lang='lat' dir='ltr'>et</span> <span class='ocrx_word' id='word_1_306' title='bbox 821 2645 861 2701; x_wconf 89' lang='lat' dir='ltr'>ita</span> <span class='ocrx_word' id='word_1_307' title='bbox 876 2645 1043 2717; x_wconf 87' lang='lat' dir='ltr'>Pomponius</span> <span class='ocrx_word' id='word_1_308' title='bbox 1060 2645 1163 2702; x_wconf 89' lang='lat' dir='ltr'>scribit</span> 
     </span>
    </p>

    <p class='ocr_par' dir='ltr' id='par_1_7' title="bbox 120 2729 1507 3328">
     <span class='ocr_line' id='line_1_28' title="bbox 120 2729 1498 2819; baseline 0 -27"><span class='ocrx_word' id='word_1_309' title='bbox 120 2747 255 2792; x_wconf 76' lang='lat' dir='ltr'>marus</span> <span class='ocrx_word' id='word_1_310' title='bbox 272 2735 340 2792; x_wconf 91' lang='lat' dir='ltr'>libro</span> <span class='ocrx_word' id='word_1_311' title='bbox 358 2736 508 2792; x_wconf 88' lang='lat' dir='ltr'>uicensimo</span> <span class='ocrx_word' id='word_1_312' title='bbox 524 2735 613 2804; x_wconf 88' lang='lat' dir='ltr'>primo</span> <span class='ocrx_word' id='word_1_313' title='bbox 631 2734 667 2790; x_wconf 86' lang='lat' dir='ltr'>ad</span> <span class='ocrx_word' id='word_1_314' title='bbox 684 2734 825 2791; x_wconf 85' lang='lat' dir='ltr'>Sabinum.</span> <span class='ocrx_word' id='word_1_315' title='bbox 861 2734 893 2790; x_wconf 90' lang='lat' dir='ltr'>in</span> <span class='ocrx_word' id='word_1_316' title='bbox 916 2733 1062 2792; x_wconf 82' lang='lat' dir='ltr'>reficiendo</span> <span class='ocrx_word' id='word_1_317' title='bbox 1082 2735 1220 2792; x_wconf 88' lang='lat' dir='ltr'>communi</span> <span class='ocrx_word' id='word_1_318' title='bbox 1236 2751 1284 2806; x_wconf 85' lang='lat' dir='ltr'>po·</span> <span class='ocrx_word' id='word_1_319' title='bbox 1303 2729 1458 2819; x_wconf 60' lang='lat' dir='ltr'><em>Q</em></span> <span class='ocrx_word' id='word_1_320' title='bbox 1476 2735 1498 2792; x_wconf 79' lang='lat' dir='ltr'><em>S</em></span> 
     </span>
     <span class='ocr_line' id='line_1_29' title="bbox 120 2823 1457 2896; baseline 0.001 -18"><span class='ocrx_word' id='word_1_321' title='bbox 120 2827 136 2882; x_wconf 69' lang='lat' dir='ltr'>ri</span> <span class='ocrx_word' id='word_1_322' title='bbox 158 2825 254 2896; x_wconf 88' lang='lat' dir='ltr'>potine</span> <span class='ocrx_word' id='word_1_323' title='bbox 276 2823 393 2880; x_wconf 81' lang='lat' dir='ltr'>iacuttm</span> <span class='ocrx_word' id='word_1_324' title='bbox 416 2823 578 2880; x_wconf 87' lang='lat' dir='ltr'>aedificandi</span> <span class='ocrx_word' id='word_1_325' title='bbox 600 2828 768 2894; x_wconf 89' lang='lat' dir='ltr'>praestatur,</span> <span class='ocrx_word' id='word_1_326' title='bbox 791 2824 948 2894; x_wconf 75' lang='lat' dir='ltr'>quinegio</span> <span class='ocrx_word' id='word_1_327' title='bbox 970 2825 1068 2881; x_wconf 89' lang='lat' dir='ltr'>idonee</span> <span class='ocrx_word' id='word_1_328' title='bbox 1092 2823 1203 2881; x_wconf 88' lang='lat' dir='ltr'>reficere</span> <span class='ocrx_word' id='word_1_329' title='bbox 1227 2825 1359 2895; x_wconf 86' lang='lat' dir='ltr'>parietem</span> <span class='ocrx_word' id='word_1_330' title='bbox 1383 2826 1457 2881; x_wconf 82' lang='lat' dir='ltr'>uelit</span> 
     </span>
     <span class='ocr_line' id='line_1_30' title="bbox 120 2911 1458 2985; baseline -0.001 -14"><span class='ocrx_word' id='word_1_331' title='bbox 120 2931 154 2971; x_wconf 87' lang='lat' dir='ltr'>us</span> <span class='ocrx_word' id='word_1_332' title='bbox 181 2913 326 2970; x_wconf 88' lang='lat' dir='ltr'>dicendum</span> <span class='ocrx_word' id='word_1_333' title='bbox 349 2918 393 2970; x_wconf 82' lang='lat' dir='ltr'>est</span> <span class='ocrx_word' id='word_1_334' title='bbox 415 2919 444 2970; x_wconf 92' lang='lat' dir='ltr'>et</span> <span class='ocrx_word' id='word_1_335' title='bbox 471 2915 495 2969; x_wconf 90' lang='lat' dir='ltr'>si</span> <span class='ocrx_word' id='word_1_336' title='bbox 523 2913 558 2970; x_wconf 88' lang='lat' dir='ltr'>ds</span> <span class='ocrx_word' id='word_1_337' title='bbox 587 2913 684 2970; x_wconf 87' lang='lat' dir='ltr'>eodem</span> <span class='ocrx_word' id='word_1_338' title='bbox 708 2913 804 2969; x_wconf 88' lang='lat' dir='ltr'>itinere</span> <span class='ocrx_word' id='word_1_339' title='bbox 827 2913 922 2970; x_wconf 91' lang='lat' dir='ltr'>riuoue</span> <span class='ocrx_word' id='word_1_340' title='bbox 945 2911 1092 2971; x_wconf 83' lang='lat' dir='ltr'>reficiendo</span> <span class='ocrx_word' id='word_1_341' title='bbox 1114 2915 1185 2972; x_wconf 91' lang='lat' dir='ltr'>inter</span> <span class='ocrx_word' id='word_1_342' title='bbox 1207 2913 1277 2970; x_wconf 92' lang='lat' dir='ltr'>duos</span> <span class='ocrx_word' id='word_1_343' title='bbox 1299 2915 1345 2970; x_wconf 91' lang='lat' dir='ltr'>uel</span> <span class='ocrx_word' id='word_1_344' title='bbox 1367 2915 1458 2985; x_wconf 88' lang='lat' dir='ltr'>plures</span> 
     </span>
     <span class='ocr_line' id='line_1_31' title="bbox 120 3011 1507 3060; baseline -0.006 0"><span class='ocrx_word' id='word_1_345' title='bbox 120 3011 186 3060; x_wconf 72' lang='lat' dir='ltr'>itur.</span> <span class='ocrx_word' id='word_1_346' title='bbox 1477 3011 1507 3052; x_wconf 76' lang='lat' dir='ltr'>bb</span> 
     </span>
     <span class='ocr_line' id='line_1_32' title="bbox 120 3087 1498 3177; baseline -0.001 -27"><span class='ocrx_word' id='word_1_347' title='bbox 120 3105 226 3150; x_wconf 75' lang='lat' dir='ltr'>nanus</span> <span class='ocrx_word' id='word_1_348' title='bbox 251 3091 319 3148; x_wconf 87' lang='lat' dir='ltr'>libro</span> <span class='ocrx_word' id='word_1_349' title='bbox 346 3092 590 3162; x_wconf 71' lang='lat' dir='ltr'>quinquagensimo</span> <span class='ocrx_word' id='word_1_350' title='bbox 615 3097 715 3148; x_wconf 69' lang='lat' dir='ltr'>couno</span> <span class='ocrx_word' id='word_1_351' title='bbox 741 3090 915 3161; x_wconf 72' lang='lat' dir='ltr'>digatorum.</span> <span class='ocrx_word' id='word_1_352' title='bbox 955 3089 986 3148; x_wconf 80' lang='lat' dir='ltr'>Si</span> <span class='ocrx_word' id='word_1_353' title='bbox 1008 3107 1105 3148; x_wconf 88' lang='lat' dir='ltr'>seruus</span> <span class='ocrx_word' id='word_1_354' title='bbox 1127 3093 1278 3150; x_wconf 86' lang='lat' dir='ltr'>communis</span> <span class='ocrx_word' id='word_1_355' title='bbox 1302 3087 1498 3177; x_wconf 58' lang='lat' dir='ltr'>[siffis</span> 
     </span>
     <span class='ocr_line' id='line_1_33' title="bbox 134 3168 1458 3255; baseline 0.001 -17"><span class='ocrx_word' id='word_1_356' title='bbox 134 3181 236 3238; x_wconf 85' lang='lat' dir='ltr'>iniecti</span> <span class='ocrx_word' id='word_1_357' title='bbox 252 3183 398 3253; x_wconf 82' lang='lat' dir='ltr'>stipulatus</span> <span class='ocrx_word' id='word_1_358' title='bbox 415 3180 525 3251; x_wconf 74' lang='lat' dir='ltr'>suamc,</span> <span class='ocrx_word' id='word_1_359' title='bbox 549 3180 661 3251; x_wconf 87' lang='lat' dir='ltr'>perinde</span> <span class='ocrx_word' id='word_1_360' title='bbox 679 3179 809 3251; x_wconf 88' lang='lat' dir='ltr'>habetur,</span> <span class='ocrx_word' id='word_1_361' title='bbox 827 3196 861 3236; x_wconf 88' lang='lat' dir='ltr'>ac</span> <span class='ocrx_word' id='word_1_362' title='bbox 878 3181 903 3236; x_wconf 88' lang='lat' dir='ltr'>ai</span> <span class='ocrx_word' id='word_1_363' title='bbox 919 3181 973 3252; x_wconf 91' lang='lat' dir='ltr'>ipsi</span> <span class='ocrx_word' id='word_1_364' title='bbox 990 3180 1094 3238; x_wconf 87' lang='lat' dir='ltr'>domini</span> <span class='ocrx_word' id='word_1_365' title='bbox 1110 3197 1162 3238; x_wconf 89' lang='lat' dir='ltr'>sua</span> <span class='ocrx_word' id='word_1_366' title='bbox 1179 3197 1249 3239; x_wconf 90' lang='lat' dir='ltr'>noce</span> <span class='ocrx_word' id='word_1_367' title='bbox 1266 3168 1458 3255; x_wconf 39' lang='lat' dir='ltr'>promritus</span> 
     </span>
     <span class='ocr_line' id='line_1_34' title="bbox 120 3275 234 3328; baseline -0.018 0"><span class='ocrx_word' id='word_1_368' title='bbox 120 3275 234 3328; x_wconf 77' lang='lat' dir='ltr'>mtur.</span> 
     </span>
    </p>

    <p class='ocr_par' dir='ltr' id='par_1_8' title="bbox 120 3355 1557 3790">
     <span class='ocr_line' id='line_1_35' title="bbox 120 3355 1498 3445; baseline 0 -27"><span class='ocrx_word' id='word_1_369' title='bbox 120 3373 225 3418; x_wconf 72' lang='lat' dir='ltr'>rusus</span> <span class='ocrx_word' id='word_1_370' title='bbox 248 3359 349 3416; x_wconf 78' lang='lat' dir='ltr'>danus</span> <span class='ocrx_word' id='word_1_371' title='bbox 369 3359 439 3416; x_wconf 91' lang='lat' dir='ltr'>libro</span> <span class='ocrx_word' id='word_1_372' title='bbox 461 3359 583 3416; x_wconf 91' lang='lat' dir='ltr'>secundo</span> <span class='ocrx_word' id='word_1_373' title='bbox 606 3360 784 3430; x_wconf 79' lang='lat' dir='ltr'>digestorum.</span> <span class='ocrx_word' id='word_1_374' title='bbox 823 3361 923 3416; x_wconf 88' lang='lat' dir='ltr'>Damni</span> <span class='ocrx_word' id='word_1_375' title='bbox 945 3358 1039 3416; x_wconf 85' lang='lat' dir='ltr'>iniecti</span> <span class='ocrx_word' id='word_1_376' title='bbox 1061 3359 1173 3430; x_wconf 89' lang='lat' dir='ltr'>quidam</span> <span class='ocrx_word' id='word_1_377' title='bbox 1195 3361 1285 3416; x_wconf 91' lang='lat' dir='ltr'>uicino</span> <span class='ocrx_word' id='word_1_378' title='bbox 1303 3355 1498 3445; x_wconf 60' lang='lat' dir='ltr'>QS</span> 
     </span>
     <span class='ocr_line' id='line_1_36' title="bbox 120 3447 1507 3521; baseline 0 -15"><span class='ocrx_word' id='word_1_379' title='bbox 120 3453 252 3508; x_wconf 84' lang='lat' dir='ltr'>niaserai:</span> <span class='ocrx_word' id='word_1_380' title='bbox 273 3465 308 3505; x_wconf 85' lang='lat' dir='ltr'>ex</span> <span class='ocrx_word' id='word_1_381' title='bbox 325 3451 385 3506; x_wconf 89' lang='lat' dir='ltr'>cius</span> <span class='ocrx_word' id='word_1_382' title='bbox 402 3447 527 3504; x_wconf 88' lang='lat' dir='ltr'>aedificio</span> <span class='ocrx_word' id='word_1_383' title='bbox 545 3450 655 3519; x_wconf 78' lang='lat' dir='ltr'>tegulae</span> <span class='ocrx_word' id='word_1_384' title='bbox 673 3454 756 3506; x_wconf 91' lang='lat' dir='ltr'>uento</span> <span class='ocrx_word' id='word_1_385' title='bbox 774 3449 897 3506; x_wconf 88' lang='lat' dir='ltr'>deiectae</span> <span class='ocrx_word' id='word_1_386' title='bbox 914 3449 1070 3506; x_wconf 87' lang='lat' dir='ltr'>ceciderant</span> <span class='ocrx_word' id='word_1_387' title='bbox 1087 3451 1115 3506; x_wconf 88' lang='lat' dir='ltr'>in</span> <span class='ocrx_word' id='word_1_388' title='bbox 1132 3451 1214 3506; x_wconf 87' lang='lat' dir='ltr'>uicini</span> <span class='ocrx_word' id='word_1_389' title='bbox 1232 3451 1340 3521; x_wconf 71' lang='lat' dir='ltr'>tegulas</span> <span class='ocrx_word' id='word_1_390' title='bbox 1357 3466 1459 3521; x_wconf 84' lang='lat' dir='ltr'>sasque</span> <span class='ocrx_word' id='word_1_391' title='bbox 1478 3459 1507 3500; x_wconf 79' lang='lat'>³⁵</span> 
     </span>
     <span class='ocr_line' id='line_1_37' title="bbox 120 3537 1557 3610; baseline -0.003 -13"><span class='ocrx_word' id='word_1_392' title='bbox 120 3547 182 3597; x_wconf 84' lang='lat' dir='ltr'>snt:</span> <span class='ocrx_word' id='word_1_393' title='bbox 201 3539 354 3609; x_wconf 84' lang='lat' dir='ltr'>quaesitum</span> <span class='ocrx_word' id='word_1_394' title='bbox 373 3543 424 3608; x_wconf 86' lang='lat' dir='ltr'>est,</span> <span class='ocrx_word' id='word_1_395' title='bbox 443 3555 478 3594; x_wconf 93' lang='lat' dir='ltr'>an</span> <span class='ocrx_word' id='word_1_396' title='bbox 497 3540 508 3608; x_wconf 91' lang='grc' dir='ltr'>Ι</span> <span class='ocrx_word' id='word_1_397' title='bbox 527 3539 629 3608; x_wconf 87' lang='lat' dir='ltr'>aliquid</span> <span class='ocrx_word' id='word_1_398' title='bbox 647 3540 780 3610; x_wconf 84' lang='lat' dir='ltr'>praestari</span> <span class='ocrx_word' id='word_1_399' title='bbox 797 3544 915 3610; x_wconf 77' lang='lat' dir='ltr'>oportet.</span> <span class='ocrx_word' id='word_1_400' title='bbox 940 3539 1095 3610; x_wconf 85' lang='lat' dir='ltr'>respondit,</span> <span class='ocrx_word' id='word_1_401' title='bbox 1112 3540 1137 3596; x_wconf 93' lang='lat' dir='ltr'>si</span> <span class='ocrx_word' id='word_1_402' title='bbox 1154 3540 1221 3596; x_wconf 87' lang='lat' dir='ltr'>uiiio</span> <span class='ocrx_word' id='word_1_403' title='bbox 1240 3537 1355 3596; x_wconf 87' lang='lat' dir='ltr'>aedilicii</span> <span class='ocrx_word' id='word_1_404' title='bbox 1374 3543 1403 3596; x_wconf 89' lang='lat' dir='ltr'>et</span> <span class='ocrx_word' id='word_1_405' title='bbox 1419 3541 1458 3596; x_wconf 90' lang='lat' dir='ltr'>in·</span> <span class='ocrx_word' id='word_1_406' title='bbox 1477 3543 1494 3592; x_wconf 85' lang='lat' dir='ltr'>i.</span> <span class='ocrx_word' id='word_1_407' title='bbox 1505 3540 1557 3592; x_wconf 76' lang='lat'>194¹</span> 
     </span>
     <span class='ocr_line' id='line_1_38' title="bbox 120 3627 1461 3699; baseline 0 -14"><span class='ocrx_word' id='word_1_408' title='bbox 120 3637 156 3686; x_wconf 77' lang='lat' dir='ltr'>rte</span> <span class='ocrx_word' id='word_1_409' title='bbox 175 3628 280 3684; x_wconf 82' lang='lat' dir='ltr'>sactum</span> <span class='ocrx_word' id='word_1_410' title='bbox 298 3633 385 3698; x_wconf 86' lang='lat' dir='ltr'>esset,</span> <span class='ocrx_word' id='word_1_411' title='bbox 407 3627 508 3684; x_wconf 92' lang='lat' dir='ltr'>debere</span> <span class='ocrx_word' id='word_1_412' title='bbox 526 3629 671 3698; x_wconf 85' lang='lat' dir='ltr'>praestari:</span> <span class='ocrx_word' id='word_1_413' title='bbox 695 3629 744 3684; x_wconf 88' lang='lat' dir='ltr'>sed</span> <span class='ocrx_word' id='word_1_414' title='bbox 762 3630 882 3684; x_wconf 82' lang='lat' dir='ltr'>sitente</span> <span class='ocrx_word' id='word_1_415' title='bbox 898 3629 942 3684; x_wconf 94' lang='lat' dir='ltr'>uis</span> <span class='ocrx_word' id='word_1_416' title='bbox 959 3629 1035 3685; x_wconf 89' lang='lat' dir='ltr'>nenti</span> <span class='ocrx_word' id='word_1_417' title='bbox 1052 3627 1161 3699; x_wconf 65' lang='lat' dir='ltr'>iulum,</span> <span class='ocrx_word' id='word_1_418' title='bbox 1185 3635 1217 3684; x_wconf 91' lang='lat' dir='ltr'>ut</span> <span class='ocrx_word' id='word_1_419' title='bbox 1238 3629 1364 3699; x_wconf 89' lang='lat' dir='ltr'>quamuis</span> <span class='ocrx_word' id='word_1_420' title='bbox 1382 3628 1461 3686; x_wconf 88' lang='lat' dir='ltr'>lirma</span> 
     </span>
     <span class='ocr_line' id='line_1_39' title="bbox 120 3717 1461 3790; baseline 0 -16"><span class='ocrx_word' id='word_1_421' title='bbox 120 3722 154 3775; x_wconf 78' lang='lat' dir='ltr'>ria</span> <span class='ocrx_word' id='word_1_422' title='bbox 173 3719 348 3788; x_wconf 75' lang='lat' dir='ltr'>conuelleret,</span> <span class='ocrx_word' id='word_1_423' title='bbox 366 3733 421 3774; x_wconf 88' lang='lat' dir='ltr'>non</span> <span class='ocrx_word' id='word_1_424' title='bbox 439 3717 549 3774; x_wconf 83' lang='lat' dir='ltr'>debere.</span> <span class='ocrx_word' id='word_1_425' title='bbox 577 3723 605 3774; x_wconf 91' lang='lat' dir='ltr'>et</span> <span class='ocrx_word' id='word_1_426' title='bbox 622 3718 696 3788; x_wconf 92' lang='lat' dir='ltr'>quod</span> <span class='ocrx_word' id='word_1_427' title='bbox 714 3719 742 3774; x_wconf 90' lang='lat' dir='ltr'>in</span> <span class='ocrx_word' id='word_1_428' title='bbox 760 3719 934 3789; x_wconf 88' lang='lat' dir='ltr'>stipulatione</span> <span class='ocrx_word' id='word_1_429' title='bbox 952 3725 995 3774; x_wconf 88' lang='lat' dir='ltr'>est</span> <span class='ocrx_word' id='word_1_430' title='bbox 1006 3717 1072 3774; x_wconf 89' lang='lat' dir='ltr'>‘siue</span> <span class='ocrx_word' id='word_1_431' title='bbox 1084 3717 1151 3788; x_wconf 90' lang='lat' dir='ltr'>quid</span> <span class='ocrx_word' id='word_1_432' title='bbox 1162 3717 1201 3774; x_wconf 91' lang='lat' dir='ltr'>ibi</span> <span class='ocrx_word' id='word_1_433' title='bbox 1212 3717 1289 3790; x_wconf 90' lang='lat' dir='ltr'>ruet&#39;,</span> <span class='ocrx_word' id='word_1_434' title='bbox 1307 3733 1362 3774; x_wconf 89' lang='lat' dir='ltr'>non</span> <span class='ocrx_word' id='word_1_435' title='bbox 1374 3718 1461 3775; x_wconf 89' lang='lat' dir='ltr'>uideri</span> 
     </span>
    </p>
   </div>
   <div class='ocr_carea' id='block_1_3' title="bbox 120 3825 250 3895">
    <p class='ocr_par' dir='ltr' id='par_1_9' title="bbox 120 3825 250 3895">
     <span class='ocr_line' id='line_1_40' title="bbox 120 3825 250 3895; baseline 0 -14"><span class='ocrx_word' id='word_1_436' title='bbox 120 3825 250 3895; x_wconf 62' lang='lat' dir='ltr'>&#39;orroor</span> 
     </span>
    </p>
   </div>
   <div class='ocr_carea' id='block_1_4' title="bbox 120 3951 1318 4046">
    <p class='ocr_par' dir='ltr' id='par_1_10' title="bbox 120 3951 1318 4046">
     <span class='ocr_line' id='line_1_41' title="bbox 120 3951 1318 4046; baseline -0.002 -12"><span class='ocrx_word' id='word_1_437' title='bbox 120 3984 200 4034; x_wconf 82' lang='lat' dir='ltr'>atero</span> <span class='ocrx_word' id='word_1_438' title='bbox 219 3976 278 4032; x_wconf 84' lang='lat' dir='ltr'>eius</span> <span class='ocrx_word' id='word_1_439' title='bbox 296 3977 380 4046; x_wconf 86' lang='lat' dir='ltr'>cultu,</span> <span class='ocrx_word' id='word_1_440' title='bbox 398 3991 453 4032; x_wconf 92' lang='lat' dir='ltr'>non</span> <span class='ocrx_word' id='word_1_441' title='bbox 470 3976 517 4045; x_wconf 92' lang='lat' dir='ltr'>qui</span> <span class='ocrx_word' id='word_1_442' title='bbox 536 3990 586 4032; x_wconf 92' lang='lat' dir='ltr'>nos</span> <span class='ocrx_word' id='word_1_443' title='bbox 604 3978 652 4042; x_wconf 77' lang='lat' dir='ltr'>(otc</span> <span class='ocrx_word' id='word_1_444' title='bbox 670 3976 760 4044; x_wconf 78' lang='lat' dir='ltr'>laert)</span> <span class='ocrx_word' id='word_1_445' title='bbox 779 3959 931 4046; x_wconf 79' lang='lat' dir='ltr'>udgrauett</span> <span class='ocrx_word' id='word_1_446' title='bbox 1002 3977 1014 4012; x_wconf 84' lang='lat'>²</span> <span class='ocrx_word' id='word_1_447' title='bbox 1032 3982 1061 4032; x_wconf 88' lang='lat' dir='ltr'>ot</span> <span class='ocrx_word' id='word_1_448' title='bbox 1078 3985 1126 4032; x_wconf 79' lang='lat' dir='ltr'>ina.</span> <span class='ocrx_word' id='word_1_449' title='bbox 1143 3977 1228 4045; x_wconf 81' lang='lat' dir='ltr'>(Beat)</span> <span class='ocrx_word' id='word_1_450' title='bbox 1317 3951 1318 3954; x_wconf 8' lang='grc' dir='ltr'><strong>Ἴ</strong></span> 
     </span>
    </p>
   </div>
   <div class='ocr_carea' id='block_1_5' title="bbox 120 4125 1524 5131">
    <p class='ocr_par' dir='ltr' id='par_1_11' title="bbox 120 4125 1524 5059">
     <span class='ocr_line' id='line_1_42' title="bbox 120 4125 1460 4202; baseline 0.001 -20"><span class='ocrx_word' id='word_1_451' title='bbox 120 4125 313 4200; x_wconf 76' lang='lat' dir='ltr'>prehendatur</span> <span class='ocrx_word' id='word_1_452' title='bbox 332 4128 358 4190; x_wconf 79' lang='lat' dir='ltr'>F,</span> <span class='ocrx_word' id='word_1_453' title='bbox 377 4126 652 4196; x_wconf 80' lang='lat' dir='ltr'>comprehenderetur</span> <span class='ocrx_word' id='word_1_454' title='bbox 663 4127 695 4182; x_wconf 91' lang='lat' dir='ltr'><em>X</em></span> <span class='ocrx_word' id='word_1_455' title='bbox 698 4126 725 4181; x_wconf 85' lang='lat' dir='ltr'><em>Y</em></span> <span class='ocrx_word' id='word_1_456' title='bbox 774 4128 831 4182; x_wconf 77' lang='lat' dir='ltr'>bera</span> <span class='ocrx_word' id='word_1_457' title='bbox 854 4137 881 4182; x_wconf 84' lang='lat' dir='ltr'>trs</span> <span class='ocrx_word' id='word_1_458' title='bbox 897 4134 966 4183; x_wconf 81' lang='lat' dir='ltr'>statu</span> <span class='ocrx_word' id='word_1_459' title='bbox 989 4147 1018 4182; x_wconf 82' lang='lat' dir='ltr'>eo</span> <span class='ocrx_word' id='word_1_460' title='bbox 1041 4137 1086 4202; x_wconf 80' lang='lat' dir='ltr'>qui</span> <span class='ocrx_word' id='word_1_461' title='bbox 1099 4131 1158 4202; x_wconf 87' lang='lat' dir='ltr'>suit</span> <span class='ocrx_word' id='word_1_462' title='bbox 1180 4149 1224 4184; x_wconf 83' lang='lat' dir='ltr'>asc</span> <span class='ocrx_word' id='word_1_463' title='bbox 1246 4148 1275 4184; x_wconf 82' lang='lat' dir='ltr'>oo</span> <span class='ocrx_word' id='word_1_464' title='bbox 1298 4133 1365 4185; x_wconf 81' lang='lat' dir='ltr'>cultu</span> <span class='ocrx_word' id='word_1_465' title='bbox 1385 4149 1460 4184; x_wconf 82' lang='lat' dir='ltr'>reno·</span> 
     </span>
     <span class='ocr_line' id='line_1_43' title="bbox 120 4197 1460 4272; baseline 0.001 -18"><span class='ocrx_word' id='word_1_466' title='bbox 120 4201 141 4254; x_wconf 76' lang='lat'>[7</span> <span class='ocrx_word' id='word_1_467' title='bbox 193 4201 211 4254; x_wconf 75' lang='lat'><strong>2</strong></span> <span class='ocrx_word' id='word_1_468' title='bbox 235 4198 396 4253; x_wconf 68' lang='lat' dir='ltr'>inserenda⁴</span> <span class='ocrx_word' id='word_1_469' title='bbox 420 4197 457 4252; x_wconf 63' lang='lat' dir='ltr'>Fi</span> <span class='ocrx_word' id='word_1_470' title='bbox 478 4201 482 4266; x_wconf 96' lang='grc' dir='ltr'>Ι</span> <span class='ocrx_word' id='word_1_471' title='bbox 507 4199 659 4268; x_wconf 84' lang='lat' dir='ltr'>legatorum</span> <span class='ocrx_word' id='word_1_472' title='bbox 773 4209 833 4254; x_wconf 84' lang='lat' dir='ltr'>uari</span> <span class='ocrx_word' id='word_1_473' title='bbox 851 4200 946 4264; x_wconf 78' lang='lat' dir='ltr'>debore,</span> <span class='ocrx_word' id='word_1_474' title='bbox 965 4208 1010 4272; x_wconf 83' lang='lat' dir='ltr'>qui</span> <span class='ocrx_word' id='word_1_475' title='bbox 1026 4219 1073 4254; x_wconf 82' lang='lat' dir='ltr'>aaa</span> <span class='ocrx_word' id='word_1_476' title='bbox 1091 4201 1223 4272; x_wconf 73' lang='lat' dir='ltr'>adprcuet,</span> <span class='ocrx_word' id='word_1_477' title='bbox 1240 4209 1304 4271; x_wconf 83' lang='lat' dir='ltr'>patu</span> <span class='ocrx_word' id='word_1_478' title='bbox 1317 4220 1460 4255; x_wconf 84' lang='lat' dir='ltr'>marmoreo</span> 
     </span>
     <span class='ocr_line' id='line_1_44' title="bbox 120 4269 1461 4344; baseline 0 -18"><span class='ocrx_word' id='word_1_479' title='bbox 120 4273 264 4326; x_wconf 74' lang='lat' dir='ltr'>sessionem</span> <span class='ocrx_word' id='word_1_480' title='bbox 277 4289 325 4324; x_wconf 78' lang='lat' dir='ltr'>aar.</span> <span class='ocrx_word' id='word_1_481' title='bbox 335 4271 371 4323; x_wconf 65' lang='lat'>1²¹</span> <span class='ocrx_word' id='word_1_482' title='bbox 415 4269 564 4326; x_wconf 75' lang='lat' dir='ltr'>inoboF¹</span> <span class='ocrx_word' id='word_1_483' title='bbox 612 4271 721 4325; x_wconf 74' lang='lat' dir='ltr'>teroe-</span> <span class='ocrx_word' id='word_1_484' title='bbox 765 4273 1130 4344; x_wconf 80' lang='lat' dir='ltr'>fcrtoporietsprotctrrtcto</span> <span class='ocrx_word' id='word_1_485' title='bbox 1173 4272 1461 4326; x_wconf 65' lang='lat' dir='ltr'>einmooaratamrt</span> 
     </span>
     <span class='ocr_line' id='line_1_45' title="bbox 120 4341 1460 4415; baseline 0 -17"><span class='ocrx_word' id='word_1_486' title='bbox 120 4345 127 4378; x_wconf 78' lang='lat'>¹</span> <span class='ocrx_word' id='word_1_487' title='bbox 147 4347 153 4410; x_wconf 83' lang='grc' dir='ltr'>Ι</span> <span class='ocrx_word' id='word_1_488' title='bbox 174 4345 203 4398; x_wconf 91' lang='lat' dir='ltr'>in</span> <span class='ocrx_word' id='word_1_489' title='bbox 221 4347 313 4397; x_wconf 89' lang='lat' dir='ltr'>uetere</span> <span class='ocrx_word' id='word_1_490' title='bbox 331 4341 390 4396; x_wconf 91' lang='lat' dir='ltr'>eins</span> <span class='ocrx_word' id='word_1_491' title='bbox 408 4342 513 4398; x_wconf 87' lang='lat' dir='ltr'>cultu&#39;s&#39;</span> <span class='ocrx_word' id='word_1_492' title='bbox 530 4355 584 4397; x_wconf 94' lang='lat' dir='ltr'>non</span> <span class='ocrx_word' id='word_1_493' title='bbox 603 4342 649 4412; x_wconf 92' lang='lat' dir='ltr'>qui</span> <span class='ocrx_word' id='word_1_494' title='bbox 667 4357 722 4398; x_wconf 92' lang='lat' dir='ltr'>non</span> <span class='ocrx_word' id='word_1_495' title='bbox 775 4341 1014 4412; x_wconf 72' lang='lat' dir='ltr'>liquid1quiat⁷</span> <span class='ocrx_word' id='word_1_496' title='bbox 1056 4343 1089 4397; x_wconf 83' lang='lat'>14</span> <span class='ocrx_word' id='word_1_497' title='bbox 1098 4341 1240 4412; x_wconf 80' lang='lat' dir='ltr'>beneflcio]</span> <span class='ocrx_word' id='word_1_498' title='bbox 1250 4343 1302 4397; x_wconf 68' lang='lat' dir='ltr'>PX</span> <span class='ocrx_word' id='word_1_499' title='bbox 1305 4344 1331 4398; x_wconf 76' lang='grc' dir='ltr'><em>ἵ</em></span> <span class='ocrx_word' id='word_1_500' title='bbox 1337 4347 1460 4415; x_wconf 74' lang='lat' dir='ltr'>(ruma.</span> 
     </span>
     <span class='ocr_line' id='line_1_46' title="bbox 120 4411 1461 4486; baseline -0.001 -16"><span class='ocrx_word' id='word_1_501' title='bbox 120 4419 167 4470; x_wconf 89' lang='lat' dir='ltr'>net</span> <span class='ocrx_word' id='word_1_502' title='bbox 185 4414 231 4478; x_wconf 63' lang='lat' dir='ltr'>Fi,</span> <span class='ocrx_word' id='word_1_503' title='bbox 254 4413 282 4468; x_wconf 92' lang='lat' dir='ltr'>in</span> <span class='ocrx_word' id='word_1_504' title='bbox 303 4415 391 4468; x_wconf 87' lang='lat' dir='ltr'>ueteri</span> <span class='ocrx_word' id='word_1_505' title='bbox 412 4414 472 4468; x_wconf 88' lang='lat' dir='ltr'>eius</span> <span class='ocrx_word' id='word_1_506' title='bbox 495 4414 585 4470; x_wconf 87' lang='lat' dir='ltr'>cultus</span> <span class='ocrx_word' id='word_1_507' title='bbox 603 4415 649 4483; x_wconf 90' lang='lat' dir='ltr'>qui</span> <span class='ocrx_word' id='word_1_508' title='bbox 667 4429 722 4468; x_wconf 92' lang='lat' dir='ltr'>non</span> <span class='ocrx_word' id='word_1_509' title='bbox 775 4414 809 4468; x_wconf 85' lang='lat' dir='ltr'>el.</span> <span class='ocrx_word' id='word_1_510' title='bbox 820 4411 964 4482; x_wconf 85' lang='lat' dir='ltr'>maleficio)</span> <span class='ocrx_word' id='word_1_511' title='bbox 975 4415 1043 4480; x_wconf 83' lang='lat'><strong><em>0·0‚</em></strong></span> <span class='ocrx_word' id='word_1_512' title='bbox 1057 4412 1181 4478; x_wconf 74' lang='lat' dir='ltr'>uicioO‘,</span> <span class='ocrx_word' id='word_1_513' title='bbox 1194 4414 1356 4470; x_wconf 77' lang='lat' dir='ltr'>beneditcio</span> <span class='ocrx_word' id='word_1_514' title='bbox 1367 4419 1461 4486; x_wconf 80' lang='lat' dir='ltr'>(morp.</span> 
     </span>
     <span class='ocr_line' id='line_1_47' title="bbox 120 4477 1524 4556; baseline -0.001 -15"><span class='ocrx_word' id='word_1_515' title='bbox 120 4487 182 4550; x_wconf 87' lang='lat' dir='ltr'>iO,</span> <span class='ocrx_word' id='word_1_516' title='bbox 200 4486 229 4540; x_wconf 91' lang='lat' dir='ltr'>in</span> <span class='ocrx_word' id='word_1_517' title='bbox 248 4489 340 4540; x_wconf 81' lang='lat' dir='ltr'>uetere</span> <span class='ocrx_word' id='word_1_518' title='bbox 359 4484 457 4550; x_wconf 90' lang='lat' dir='ltr'>(ueteri</span> <span class='ocrx_word' id='word_1_519' title='bbox 472 4486 511 4550; x_wconf 89' lang='lat' dir='ltr'>M,</span> <span class='ocrx_word' id='word_1_520' title='bbox 529 4491 650 4540; x_wconf 85' lang='lat' dir='ltr'>ueterem</span> <span class='ocrx_word' id='word_1_521' title='bbox 661 4485 721 4552; x_wconf 83' lang='lat' dir='ltr'>Xi)</span> <span class='ocrx_word' id='word_1_522' title='bbox 774 4485 949 4552; x_wconf 84' lang='lat' dir='ltr'>ueledidcio)</span> <span class='ocrx_word' id='word_1_523' title='bbox 962 4483 998 4539; x_wconf 86' lang='lat' dir='ltr'><em>M</em></span> <span class='ocrx_word' id='word_1_524' title='bbox 1048 4485 1082 4540; x_wconf 80' lang='lat'>15</span> <span class='ocrx_word' id='word_1_525' title='bbox 1099 4486 1203 4556; x_wconf 89' lang='lat' dir='ltr'>parem]</span> <span class='ocrx_word' id='word_1_526' title='bbox 1217 4486 1355 4551; x_wconf 74' lang='lat' dir='ltr'>X‘Y&#39;OO,</span> <span class='ocrx_word' id='word_1_527' title='bbox 1373 4485 1460 4556; x_wconf 85' lang='lat' dir='ltr'>parie-</span> <span class='ocrx_word' id='word_1_528' title='bbox 1520 4477 1524 4494; x_wconf 74' lang='lat'><strong><em>⁴</em></strong></span> 
     </span>
     <span class='ocr_line' id='line_1_48' title="bbox 120 4557 1460 4628; baseline -0.001 -15"><span class='ocrx_word' id='word_1_529' title='bbox 120 4559 206 4614; x_wconf 84' lang='lat' dir='ltr'>cnltrrs</span> <span class='ocrx_word' id='word_1_530' title='bbox 230 4557 342 4620; x_wconf 79' lang='lat' dir='ltr'>(arritum</span> <span class='ocrx_word' id='word_1_531' title='bbox 360 4557 392 4612; x_wconf 89' lang='lat' dir='ltr'><em>X</em></span> <span class='ocrx_word' id='word_1_532' title='bbox 395 4557 419 4622; x_wconf 83' lang='lat' dir='ltr'>i)</span> <span class='ocrx_word' id='word_1_533' title='bbox 443 4571 498 4613; x_wconf 89' lang='lat' dir='ltr'>non</span> <span class='ocrx_word' id='word_1_534' title='bbox 520 4557 566 4626; x_wconf 92' lang='lat' dir='ltr'>qui</span> <span class='ocrx_word' id='word_1_535' title='bbox 589 4563 723 4626; x_wconf 81' lang='lat' dir='ltr'>aggrauot</span> <span class='ocrx_word' id='word_1_536' title='bbox 773 4562 830 4612; x_wconf 89' lang='lat' dir='ltr'>tem</span> <span class='ocrx_word' id='word_1_537' title='bbox 837 4557 1066 4626; x_wconf 84' lang='lat' dir='ltr'>FX·M‚paretem</span> <span class='ocrx_word' id='word_1_538' title='bbox 1078 4557 1126 4622; x_wconf 80' lang='lat' dir='ltr'>Y·l</span> <span class='ocrx_word' id='word_1_539' title='bbox 1138 4558 1327 4628; x_wconf 80' lang='lat' dir='ltr'>utriusquasl‘</span> <span class='ocrx_word' id='word_1_540' title='bbox 1345 4561 1378 4613; x_wconf 88' lang='lat'>16</span> <span class='ocrx_word' id='word_1_541' title='bbox 1388 4573 1460 4613; x_wconf 88' lang='lat' dir='ltr'>ame·</span> 
     </span>
     <span class='ocr_line' id='line_1_49' title="bbox 120 4628 1460 4700; baseline 0 -16"><span class='ocrx_word' id='word_1_542' title='bbox 120 4671 126 4694; x_wconf 85' lang='lat'>‚</span> <span class='ocrx_word' id='word_1_543' title='bbox 139 4631 167 4684; x_wconf 90' lang='lat' dir='ltr'>in</span> <span class='ocrx_word' id='word_1_544' title='bbox 181 4633 274 4684; x_wconf 85' lang='lat' dir='ltr'>uetere</span> <span class='ocrx_word' id='word_1_545' title='bbox 285 4630 343 4684; x_wconf 88' lang='lat' dir='ltr'>olus</span> <span class='ocrx_word' id='word_1_546' title='bbox 356 4630 430 4684; x_wconf 85' lang='lat' dir='ltr'>cultu</span> <span class='ocrx_word' id='word_1_547' title='bbox 441 4629 541 4698; x_wconf 89' lang='lat' dir='ltr'>(cultus</span> <span class='ocrx_word' id='word_1_548' title='bbox 550 4630 598 4698; x_wconf 93' lang='lat' dir='ltr'>qui</span> <span class='ocrx_word' id='word_1_549' title='bbox 610 4629 656 4694; x_wconf 66' lang='lat' dir='ltr'>Yt)</span> <span class='ocrx_word' id='word_1_550' title='bbox 667 4643 721 4684; x_wconf 93' lang='lat' dir='ltr'>non</span> <span class='ocrx_word' id='word_1_551' title='bbox 775 4630 841 4684; x_wconf 86' lang='lat' dir='ltr'>serit</span> <span class='ocrx_word' id='word_1_552' title='bbox 850 4631 886 4682; x_wconf 80' lang='lat' dir='ltr'>F⁰</span> <span class='ocrx_word' id='word_1_553' title='bbox 901 4630 905 4696; x_wconf 90' lang='grc' dir='ltr'>Ι</span> <span class='ocrx_word' id='word_1_554' title='bbox 922 4628 1003 4684; x_wconf 90' lang='lat' dir='ltr'>ambo</span> <span class='ocrx_word' id='word_1_555' title='bbox 1011 4643 1094 4684; x_wconf 90' lang='lat' dir='ltr'>onera</span> <span class='ocrx_word' id='word_1_556' title='bbox 1151 4630 1183 4684; x_wconf 84' lang='lat' dir='ltr'>ll</span> <span class='ocrx_word' id='word_1_557' title='bbox 1193 4630 1338 4700; x_wconf 87' lang='lat' dir='ltr'>actionem]</span> <span class='ocrx_word' id='word_1_558' title='bbox 1348 4631 1391 4692; x_wconf 73' lang='grc' dir='ltr'>Ρ,</span> <span class='ocrx_word' id='word_1_559' title='bbox 1404 4646 1460 4684; x_wconf 83' lang='lat' dir='ltr'>ann·</span> 
     </span>
     <span class='ocr_line' id='line_1_50' title="bbox 120 4699 1460 4770; baseline -0.002 -13"><span class='ocrx_word' id='word_1_560' title='bbox 120 4708 169 4758; x_wconf 76' lang='lat' dir='ltr'>uei</span> <span class='ocrx_word' id='word_1_561' title='bbox 185 4701 223 4755; x_wconf 83' lang='lat' dir='ltr'>Y:</span> <span class='ocrx_word' id='word_1_562' title='bbox 241 4701 296 4770; x_wconf 76' lang='lat' dir='ltr'>napi</span> <span class='ocrx_word' id='word_1_563' title='bbox 316 4701 405 4762; x_wconf 77' lang='grc' dir='ltr'>κοικοῨ</span> <span class='ocrx_word' id='word_1_564' title='bbox 421 4701 509 4770; x_wconf 77' lang='lat' dir='ltr'>[imaro</span> <span class='ocrx_word' id='word_1_565' title='bbox 522 4700 620 4769; x_wconf 56' lang='lat' dir='ltr'>uersor]</span> <span class='ocrx_word' id='word_1_566' title='bbox 633 4701 721 4770; x_wconf 81' lang='grc' dir='ltr'>τοίχογ</span> <span class='ocrx_word' id='word_1_567' title='bbox 775 4699 845 4756; x_wconf 82' lang='lat' dir='ltr'>bone</span> <span class='ocrx_word' id='word_1_568' title='bbox 854 4703 913 4766; x_wconf 82' lang='lat' dir='ltr'>(om.</span> <span class='ocrx_word' id='word_1_569' title='bbox 922 4717 998 4756; x_wconf 79' lang='lat' dir='ltr'>ra...</span> <span class='ocrx_word' id='word_1_570' title='bbox 1010 4701 1155 4766; x_wconf 79' lang='lat' dir='ltr'>actionem)</span> <span class='ocrx_word' id='word_1_571' title='bbox 1165 4702 1199 4753; x_wconf 86' lang='lat' dir='ltr'>F²</span> <span class='ocrx_word' id='word_1_572' title='bbox 1249 4703 1282 4756; x_wconf 87' lang='grc'>19</span> <span class='ocrx_word' id='word_1_573' title='bbox 1292 4699 1414 4770; x_wconf 76' lang='lat' dir='ltr'>nequ‘a&#39;e</span> <span class='ocrx_word' id='word_1_574' title='bbox 1424 4703 1449 4754; x_wconf 76' lang='lat' dir='ltr'><em>F</em></span> <span class='ocrx_word' id='word_1_575' title='bbox 1455 4702 1460 4767; x_wconf 87' lang='grc' dir='ltr'>Ι</span> 
     </span>
     <span class='ocr_line' id='line_1_51' title="bbox 120 4771 1465 4842; baseline 0 -14"><span class='ocrx_word' id='word_1_576' title='bbox 120 4773 212 4828; x_wconf 68' lang='lat' dir='ltr'>rendae</span> <span class='ocrx_word' id='word_1_577' title='bbox 226 4773 353 4827; x_wconf 80' lang='lat' dir='ltr'>caoneirur</span> <span class='ocrx_word' id='word_1_578' title='bbox 372 4773 411 4826; x_wconf 80' lang='lat' dir='ltr'>aei</span> <span class='ocrx_word' id='word_1_579' title='bbox 428 4773 488 4826; x_wconf 83' lang='lat' dir='ltr'>noia</span> <span class='ocrx_word' id='word_1_580' title='bbox 502 4771 540 4826; x_wconf 82' lang='grc' dir='ltr'>ἒπὶ</span> <span class='ocrx_word' id='word_1_581' title='bbox 553 4773 602 4834; x_wconf 62' lang='lat' dir='ltr'>rot</span> <span class='ocrx_word' id='word_1_582' title='bbox 614 4771 722 4834; x_wconf 60' lang='lat' dir='ltr'>natam?</span> <span class='ocrx_word' id='word_1_583' title='bbox 774 4772 857 4841; x_wconf 88' lang='lat' dir='ltr'>quod]</span> <span class='ocrx_word' id='word_1_584' title='bbox 876 4772 941 4842; x_wconf 87' lang='lat' dir='ltr'>quid</span> <span class='ocrx_word' id='word_1_585' title='bbox 960 4773 985 4824; x_wconf 87' lang='lat' dir='ltr'><em>F</em></span> <span class='ocrx_word' id='word_1_586' title='bbox 986 4773 996 4806; x_wconf 81' lang='lat'><strong><em>¹</em></strong></span> <span class='ocrx_word' id='word_1_587' title='bbox 1044 4773 1078 4826; x_wconf 76' lang='lat'>21</span> <span class='ocrx_word' id='word_1_588' title='bbox 1096 4773 1205 4842; x_wconf 82' lang='lat' dir='ltr'>scripsit</span> <span class='ocrx_word' id='word_1_589' title='bbox 1223 4773 1257 4825; x_wconf 84' lang='lat' dir='ltr'>F¹</span> <span class='ocrx_word' id='word_1_590' title='bbox 1274 4774 1279 4842; x_wconf 80' lang='grc' dir='ltr'>Ι</span> <span class='ocrx_word' id='word_1_591' title='bbox 1294 4773 1426 4828; x_wconf 82' lang='lat' dir='ltr'>damnose</span> <span class='ocrx_word' id='word_1_592' title='bbox 1440 4774 1465 4827; x_wconf 83' lang='lat' dir='ltr'><em>F</em></span> 
     </span>
     <span class='ocr_line' id='line_1_52' title="bbox 120 4843 1460 4914; baseline -0.001 -13"><span class='ocrx_word' id='word_1_593' title='bbox 120 4849 191 4912; x_wconf 74' lang='lat' dir='ltr'>oue-i,</span> <span class='ocrx_word' id='word_1_594' title='bbox 209 4843 498 4898; x_wconf 60' lang='lat' dir='ltr'>admiscebantur</span> <span class='ocrx_word' id='word_1_595' title='bbox 514 4847 661 4898; x_wconf 69' lang='lat' dir='ltr'>intellexisse</span> <span class='ocrx_word' id='word_1_596' title='bbox 678 4863 721 4898; x_wconf 80' lang='lat' dir='ltr'>rr·</span> <span class='ocrx_word' id='word_1_597' title='bbox 775 4845 810 4898; x_wconf 81' lang='lat'>24</span> <span class='ocrx_word' id='word_1_598' title='bbox 832 4845 904 4898; x_wconf 59' lang='lat' dir='ltr'>sinti*</span> <span class='ocrx_word' id='word_1_599' title='bbox 927 4843 964 4896; x_wconf 74' lang='lat' dir='ltr'>F’</span> <span class='ocrx_word' id='word_1_600' title='bbox 984 4845 989 4913; x_wconf 84' lang='grc' dir='ltr'>Ι</span> <span class='ocrx_word' id='word_1_601' title='bbox 1010 4843 1171 4913; x_wconf 68' lang='lat' dir='ltr'>quisquam*</span> <span class='ocrx_word' id='word_1_602' title='bbox 1194 4845 1231 4899; x_wconf 78' lang='lat' dir='ltr'>F’</span> <span class='ocrx_word' id='word_1_603' title='bbox 1290 4846 1324 4900; x_wconf 84' lang='lat'>31</span> <span class='ocrx_word' id='word_1_604' title='bbox 1348 4844 1460 4914; x_wconf 78' lang='lat' dir='ltr'>digitto·</span> 
     </span>
     <span class='ocr_line' id='line_1_53' title="bbox 133 4915 1461 4988; baseline 0.002 -19"><span class='ocrx_word' id='word_1_605' title='bbox 133 4917 165 4970; x_wconf 77' lang='lat' dir='ltr'>dc</span> <span class='ocrx_word' id='word_1_606' title='bbox 183 4923 266 4970; x_wconf 72' lang='lat' dir='ltr'>uatem</span> <span class='ocrx_word' id='word_1_607' title='bbox 281 4916 578 4986; x_wconf 66' lang='lat' dir='ltr'>portatusqueoultns</span> <span class='ocrx_word' id='word_1_608' title='bbox 590 4917 720 4986; x_wconf 77' lang='lat' dir='ltr'>moyirie-</span> <span class='ocrx_word' id='word_1_609' title='bbox 774 4931 833 4970; x_wconf 82' lang='lat' dir='ltr'>rum</span> <span class='ocrx_word' id='word_1_610' title='bbox 847 4917 872 4968; x_wconf 87' lang='lat' dir='ltr'><em>F</em></span> <span class='ocrx_word' id='word_1_611' title='bbox 882 4920 886 4980; x_wconf 81' lang='grc' dir='ltr'>Ι</span> <span class='ocrx_word' id='word_1_612' title='bbox 902 4915 1111 4972; x_wconf 77' lang='lat' dir='ltr'>soroommunis</span> <span class='ocrx_word' id='word_1_613' title='bbox 1124 4916 1160 4969; x_wconf 74' lang='grc' dir='ltr'>1Ὶ</span> <span class='ocrx_word' id='word_1_614' title='bbox 1205 4916 1461 4988; x_wconf 75' lang='lat' dir='ltr'>35eusquelmeus·</span> 
     </span>
     <span class='ocr_line' id='line_1_54' title="bbox 127 4986 884 5059; baseline -0.001 -18"><span class='ocrx_word' id='word_1_615' title='bbox 127 5007 203 5059; x_wconf 78' lang='lat' dir='ltr'>quara</span> <span class='ocrx_word' id='word_1_616' title='bbox 226 4987 315 5042; x_wconf 79' lang='lat' dir='ltr'>omen:</span> <span class='ocrx_word' id='word_1_617' title='bbox 338 4994 366 5042; x_wconf 82' lang='lat' dir='ltr'>ot</span> <span class='ocrx_word' id='word_1_618' title='bbox 387 4994 528 5058; x_wconf 79' lang='lat' dir='ltr'>requiritur</span> <span class='ocrx_word' id='word_1_619' title='bbox 550 4986 638 5055; x_wconf 81' lang='lat' dir='ltr'>cultu,</span> <span class='ocrx_word' id='word_1_620' title='bbox 661 5006 721 5040; x_wconf 82' lang='lat' dir='ltr'>nom</span> <span class='ocrx_word' id='word_1_621' title='bbox 774 5002 828 5057; x_wconf 85' lang='lat' dir='ltr'>que</span> <span class='ocrx_word' id='word_1_622' title='bbox 845 4987 884 5040; x_wconf 74' lang='lat' dir='ltr'>F’</span> 
     </span>
    </p>

    <p class='ocr_par' dir='ltr' id='par_1_12' title="bbox 120 5059 719 5131">
     <span class='ocr_line' id='line_1_55' title="bbox 120 5059 719 5131; baseline 0 -17"><span class='ocrx_word' id='word_1_623' title='bbox 120 5063 197 5114; x_wconf 77' lang='lat' dir='ltr'>buter</span> <span class='ocrx_word' id='word_1_624' title='bbox 210 5065 335 5131; x_wconf 70' lang='lat' dir='ltr'>portam</span> <span class='ocrx_word' id='word_1_625' title='bbox 353 5066 430 5114; x_wconf 81' lang='lat' dir='ltr'>ctiam</span> <span class='ocrx_word' id='word_1_626' title='bbox 447 5077 540 5114; x_wconf 78' lang='lat' dir='ltr'>meum</span> <span class='ocrx_word' id='word_1_627' title='bbox 557 5077 658 5114; x_wconf 79' lang='lat' dir='ltr'>monere</span> <span class='ocrx_word' id='word_1_628' title='bbox 676 5059 719 5114; x_wconf 83' lang='lat' dir='ltr'>dr·</span> 
     </span>
    </p>
   </div>
   <div class='ocr_carea' id='block_1_6' title="bbox 0 0 1868 5452">
    <p class='ocr_par' dir='ltr' id='par_1_13' title="bbox 0 0 1868 5452">
     <span class='ocr_line' id='line_1_56' title="bbox 0 0 1868 5452; baseline 0 0"><span class='ocrx_word' id='word_1_629' title='bbox 0 0 1868 5452; x_wconf 95' lang='lat' dir='ltr'> </span> 
     </span>
    </p>
   </div>
  </div>
 </body>
</html>
