4350 5438
357 1491 507 1588 Praesto
524 1529 612 1586 11111
629 1528 994 1600 1111111111111111
1011 1531 1138 1588 ensem
1159 1529 1240 1586 11111
1257 1529 1402 1586 Iustiniani
1419 1530 1590 1600 1111111111
1612 1527 1736 1586 susem

303 1621 476 1690 rationesque
493 1619 560 1676 data
576 1632 661 1688 opera
677 1619 864 1690 explanatum,
882 1619 990 1676 interim
1009 1620 1143 1690 quaedem
1156 1633 1268 1676 monere
1279 1619 1372 1676 visum
1383 1624 1427 1674 est
1438 1619 1474 1674 de
1486 1619 1580 1674 critico
1592 1623 1735 1689 apparatu.

304 1725 368 1766 1111
386 1709 453 1764 satis
471 1713 568 1778 aperta
584 1712 649 1764 sunt
665 1722 716 1777 per
733 1721 763 1762 se
781 1708 877 1777 opinor
894 1723 965 1778 quae
982 1709 1010 1764 in
1028 1708 1142 1764 huiusce
1154 1708 1282 1764 editionis
1293 1706 1462 1778 marginibus
1473 1701 1661 1778 ‘proponuntur
1673 1723 1735 1764 cum

304 1803 446 1854 auctorum
464 1797 623 1854 Latinorum
640 1797 870 1866 interpretumque
888 1797 1054 1854 Graecorum
1077 1798 1220 1854 citationes
1243 1801 1302 1852 tum
1325 1797 1505 1852 indicationes
1528 1801 1657 1866 quattuor
1673 1812 1735 1866 par·

303 1887 373 1944 tium
391 1902 498 1956 111111,
522 1887 636 1956 inques
654 1885 794 1941 uolumina
810 1885 980 1955 digestorum
998 1903 1083 1944 causa
1100 1903 1118 1942 a
1133 1886 1291 1942 Iustinianis
1309 1884 1468 1942 auctoribus
1486 1887 1630 1942 enucleata
1647 1885 1736 1940 distri·

303 1975 372 2034 buta
388 1991 450 2034 esse
467 1975 591 2032 Blumius
608 1974 736 2044 repperit,
755 1971 930 2032 Sabinianam
943 1976 986 2045 (8)
1005 1975 1149 2032 edictalem
1163 1975 1211 2042 (Ε)
1228 1975 1407 2045 Papinienam
1419 1975 1464 2042 (Ρ)
1482 1974 1661 2044 appendicem
1674 1975 1737 2042 (Ais

304 2064 357 2122 boo
368 2070 475 2120 tantum
487 2063 644 2120 addendum
655 2063 963 2134 legesunamquamque
977 2069 1082 2134 partem
1095 2062 1221 2119 linientes
1236 2063 1367 2134 distingui
1382 2063 1477 2118 addita
1490 2066 1628 2137 notef(e.
1641 2078 1666 2118 1.
1680 2063 1737 2136 ds),

303 2154 370 2212 item
386 2153 463 2223 leges
480 2153 520 2208 ita
538 2152 725 2222 transpositas,
743 2156 776 2208 ut
791 2156 897 2222 purtem
915 2168 993 2208 susm
1011 2168 1067 2209 non
1083 2152 1292 2223 egrederentur,
1310 2152 1443 2222 distingui
1461 2153 1592 2208 asterisco
1609 2156 1674 2221 post
1695 2151 1737 2205 lit·

304 2247 392 2300 111111
415 2242 545 2300 collocato
563 2244 599 2310 (e.
612 2256 636 2298 1
649 2241 710 2311 S'),
732 2254 768 2296 ex
792 2256 843 2296 sua
865 2245 958 2298 autem
980 2245 1059 2312 parte
1079 2241 1108 2297 in
1125 2243 1206 2298 sliam
1223 2242 1371 2298 translatus
1389 2240 1519 2296 asterisco
1538 2247 1602 2296 ante
1619 2240 1737 2296 litteram

215 2349 218 2360 ·
304 2331 438 2388 collocato
455 2333 527 2397 (1.1.
541 2330 597 2400 ’8)
624 2328 747 2386 subsidia
764 2332 857 2384 autern
874 2330 921 2386 illa
938 2345 1007 2402 mea,
1026 2330 1061 2388 de
1078 2346 1193 2402 quornm
1206 2331 1279 2387 iusto
1291 2335 1320 2386 et
1329 2330 1440 2402 proprio
1452 2345 1505 2384 usn
1517 2329 1597 2384 huius
1610 2328 1737 2392 editionis

304 2420 408 2476 utilitas
424 2424 485 2476 tota
496 2418 606 2490 pendet,
624 2418 822 2490 quadripartita
833 2423 911 2474 sunt:
930 2419 1035 2476 scilicet
1047 2420 1200 2476 consistunt
1216 2419 1331 2476 inlibris
1343 2419 1445 2476 ordinis
1457 2418 1584 2488 melioris,
1603 2419 1632 2474 in
1644 2420 1737 2474 aucto·

304 2525 365 2566 rum
386 2509 454 2566 locis
471 2507 536 2564 alibi
553 2507 684 2579 laudatis,
698 2508 738 2566 in
755 2506 921 2564 Graecarum
938 2508 1191 2579 interpretationum
1208 2508 1342 2580 reliquiis,
1365 2507 1483 2577 denique
1501 2507 1623 2564 inlibris
1642 2521 1737 2564 secun·

303 2598 397 2656 dariis
424 2596 459 2654 de
476 2596 551 2654 bisce
568 2597 624 2654 iarn
642 2597 737 2653 ordine
755 2611 893 2667 agemus*

356 2687 379 2744 Ι.
405 2686 480 2743 Inter
497 2685 605 2744 codices
622 2685 702 2758 primi
719 2685 822 2742 ordinis
838 2685 920 2756 longe
937 2685 1095 2757 primarium
1111 2685 1202 2742 locum
1213 2690 1308 2742 tenere
1319 2685 1506 2742 Florentinum
1523 2699 1604 2742 nemo
1615 2684 1738 2755 ignorat:

304 2791 368 2834 1111
392 2774 488 2846 reliqui
510 2775 563 2832 etsi
584 2789 640 2832 non
660 2774 810 2831 deteriores
833 2779 910 2845 sunt,
939 2779 1033 2830 tamen
1059 2787 1115 2831 non
1140 2774 1243 2832 babent
1271 2774 1323 2831 nisi
1350 2775 1470 2846 ingentis
1492 2774 1613 2846 eorporis
1635 2787 1739 2845 pausat

359 2956 384 3009 1.
412 2951 583 3009 Florentinus
600 2950 669 3008 bber
685 2955 830 3023 postquam
849 2951 958 3008 11513
976 2950 1072 3008 sedulo
1089 2951 1181 3008 editus
1198 2955 1242 3008 est
1259 2951 1422 3010 a'Fanrellis
1434 2951 1543 3010 duobm
1554 2950 1647 3008 Laelio
1659 2953 1739 3021 patre

306 3046 336 3098 et
350 3041 497 3098 Francisoo
514 3038 570 3096 filio
587 3039 631 3098 bis
648 3039 723 3111 quod
739 3041 826 3098 sciam
842 3040 958 3098 collatus
975 3045 1020 3096 est
1036 3045 1125 3112 totus,
1142 3040 1259 3112 primum
1278 3056 1303 3098 a
1317 3042 1387 3098 1680
1405 3040 1582 3098 aLaurentio
1593 3039 1739 3096 Theodoro

307 3129 453 3201 Gronouio,
465 3145 548 3200 quam
560 3129 731 3186 collationem
743 3129 824 3186 hodie
836 3133 930 3186 seruat
941 3127 1105 3186 bibliotheca
1115 3130 1302 3186 uniuersitatis
1310 3129 1512 3201 Lugdunensis,
1521 3128 1621 3186 deinde
1633 3144 1659 3184 a.
1669 3129 1738 3184 1711

306 3218 342 3276 ab
365 3220 483 3276 ilenrico
505 3219 708 3289 Brencmanno,
736 3233 819 3290 quam
842 3218 1015 3276 collationem
1036 3223 1134 3289 postea
1155 3219 1258 3274 iustam
1282 3219 1311 3274 in
1333 3218 1526 3278 bibliothecam
1553 3216 1739 3274 uniuersitatis

306 3307 496 3378 Gottingensis
520 3309 581 3376 (ms.
599 3307 678 3363 iurid.
695 3309 742 3378 38,
765 3308 1061 3364 Breucmaunianorum
1088 3307 1142 3364 nol.
1156 3307 1194 3376 Χ)
1224 3307 1349 3364 adhibuit
1370 3309 1399 3364 in
1423 3307 1542 3364 editione
1565 3305 1740 3376 Gottingensi

306 3413 332 3454 a
351 3399 421 3454 1776
444 3396 478 3454 G.
497 3395 560 3453 Glnr.
578 3395 714 3454 (iebaueu
746 3397 878 3467 usurpsni
900 3401 1043 3467 utramque
1065 3396 1252 3467 collationem,
1279 3397 1330 3452 sed
1353 3396 1624 3452 Brenemannisnum
1640 3393 1739 3449 librum

306 3486 438 3557 scriptum
455 3486 508 3541 etei
525 3485 639 3557 inspexi,
656 3489 749 3540 tamen
766 3485 878 3556 iusuper
894 3483 978 3542 hebui
995 3490 1024 3542 11
1041 3490 1185 3542 contentus
1197 3483 1237 3542 iul
1249 3485 1330 3542 editis
1341 3485 1405 3542 inde
1420 3483 1602 3541 aGebanerc.
1629 3484 1740 3539 tertium

307 3574 451 3638 1186213
467 3573 566 3630 librum
583 3578 763 3630 11111111111
785 3588 847 3632 meo
870 3574 947 3632 imru
969 3573 1025 3630 duo
1048 3575 1101 3630 uiri
1118 3574 1222 3630 suenni
1239 3575 1375 3645 peritique
1392 3572 1536 3644 Adolpbus
1553 3573 1693 3642 Kiessling
1710 3577 1740 3628 et

306 3661 453 3734 Angustus
469 3662 663 3720 Reifferscheid
680 3663 728 3733 ita,
746 3667 779 3718 ut
795 3677 850 3720 non
867 3663 955 3720 solum
973 3663 1009 3718 ad
1025 3663 1181 3734 primariam
1198 3664 1361 3734 scripturam
1379 3662 1560 3732 attenderent,
1579 3661 1651 3718 sicut
1667 3659 1739 3717 fece·

306 3755 371 3808 runt
387 3749 445 3808 iere
462 3752 511 3822 qui
527 3757 609 3808 antea
626 3751 723 3808 eodem
740 3749 831 3808 officio
849 3749 936 3808 iuneti
953 3755 1039 3822 sunt,
1051 3750 1100 3808 sed
1117 3757 1261 3822 praeterea
1277 3752 1399 3808 cuiusuis
1417 3751 1516 3808 aetads
1535 3749 1740 3808 emendationes

306 3840 336 3896 in
352 3855 386 3900 eo
403 3839 472 3896 libro
489 3841 654 3912 perscriptas
672 3841 732 3911 pari
749 3840 891 3910 diligentis
908 3845 1035 3898 notarent
1050 3855 1202 3911 manusque
1225 3841 1431 3898 emendatorum
1449 3845 1586 3910 quatenus
1603 3839 1663 3896 eius
1680 3837 1741 3894 deri

306 3934 402 3999 posset
418 3928 454 3984 ad
471 3929 594 3999 eingrrlse
611 3929 816 3986 emendationes
834 3927 1042 4000 distinguerent
1068 3933 1212 4002 praeterea
1229 3921 1292 3986 cum
1310 3927 1465 3986 conterrent
1486 3928 1584 3984 librum
1602 3943 1665 3984 eum
1683 3927 1740 3983 edi·

295 4017 381 4074 'tione
396 4016 595 4090 (iebauerians,
615 4017 755 4074 attendere
772 4032 821 4074 sos
838 4017 906 4073 inssi
922 4018 1004 4074 simul
1021 4017 1058 4074 ad
1075 4033 1117 4090 ea,
1135 4033 1207 4089 qnae
1225 4018 1260 4076 de
1277 4019 1434 4092 Florentino
1451 4017 1520 4074 libro
1537 4018 1567 4074 iu
1584 4017 1656 4074 notis
1674 4017 1739 4098 affe

306 4111 403 4162 runtur
420 4111 532 4164 auctore
548 4107 746 4178 Brenomauno,
764 4121 852 4178 eaque
870 4109 920 4164 aut
937 4105 1097 4165 confirmare
1115 4108 1271 4164 testimonio
1289 4123 1340 4164 suo
1358 4112 1407 4162 aut
1424 4105 1583 4163 emendare:
1602 4105 1675 4162 unde
1692 4103 1740 4161 ubi

306 4194 391 4252 editio
413 4193 482 4250 haee
499 4195 616 4252 discedit
632 4212 651 4252 a
666 4196 908 4252 Brencmsnnianis
924 4195 1074 4266 Gebausri,
1097 4196 1127 4252 id
1149 4195 1224 4266 quod
1241 4210 1325 4266 saepe
1347 4194 1380 4252 iit
1396 4197 1516 4252 maxime
1532 4195 1561 4250 in
1578 4193 1687 4250 iudiciis
1705 4194 1740 4250 de

307 4282 528 4342 emendationum
546 4283 684 4340 aetatibus
701 4289 731 4340 et
747 4283 916 4353 auctoribus,
940 4283 993 4340 hoc
1009 4283 1113 4340 iactum
1135 4299 1191 4340 non
1210 4289 1256 4342 est
1278 4284 1331 4340 nisi
1352 4284 1489 4342 11111111
1510 4284 1657 4340 testatione
1680 4299 1740 4354 per-

306 4387 393 4442 pensa
410 4371 484 4428 etin
501 4387 532 4428 re
553 4374 691 4443 praesenti
713 4373 823 4430 reiecta
851 4372 968 4444 denique
992 4388 1039 4444 ea,
1064 4373 1099 4430 de
1121 4373 1221 4444 quibus
1244 4379 1355 4444 postea,
1378 4377 1411 4428 ut
1431 4371 1477 4443 lit,
1501 4373 1627 4428 dubitare
1653 4373 1740 4444 coepi,

306 4461 467 4531 praesertim
484 4460 606 4516 adbibita
623 4462 766 4518 oollstione
785 4461 967 4534 Gronouiana,
985 4477 1151 4534 quemquam
1169 4477 1258 4534 pauca
1274 4461 1385 4518 inerunt
1400 4465 1430 4518 et
1446 4459 1504 4517 iere
1521 4463 1630 4532 exigua,
1648 4467 1741 4518 tamen

307 4549 399 4604 omnis
415 4548 530 4606 submisi
547 4549 769 4606 Reifferscheidio
787 4565 874 4622 nuper
891 4551 920 4608 in
936 4551 1043 4608 ltaliam
1062 4567 1188 4622 reuerso,
1206 4551 1253 4622 qui
1269 4551 1338 4608 libro
1356 4551 1448 4607 denuo
1465 4551 1588 4620 inspecto
1606 4549 1691 4606 dubia
1708 4565 1741 4606 es

308 4638 399 4694 soluit.
430 4638 470 4694 ita
491 4639 546 4694 iam
570 4653 625 4695 non
646 4644 704 4695 tam
727 4655 790 4696 mea
806 4655 891 4710 opera
908 4655 990 4711 quam
1008 4641 1116 4698 illorum
1133 4640 1269 4697 industria
1285 4641 1330 4698 uel
1347 4641 1376 4696 in
1393 4640 1511 4696 minimis
1533 4639 1568 4695 de
1585 4640 1742 4696 Florentino

306 4725 424 4782 lectione
441 4727 509 4782 satis
525 4727 635 4783 uidetur
652 4733 786 4784 constare.
814 4729 948 4784 eiusmodi
965 4734 1059 4786 autem
1077 4745 1144 4786 cura
1160 4730 1189 4784 in
1207 4729 1259 4785 hoo
1276 4733 1351 4785 certe
1366 4728 1436 4785 libro
1448 4729 1558 4784 minime
1569 4743 1742 4799 superuseua

307 4820 364 4886 est,
388 4831 451 4872 oum
469 4816 497 4872 in
514 4817 674 4886 quaestione
691 4816 914 4888 implicatissima,
933 4823 1068 4889 quatenus
1085 4818 1199 4874 secundi
1219 4817 1322 4874 ordinis
1339 4817 1400 4874 lrbri
1423 4817 1553 4888 descripti
1575 4831 1637 4873 esse
1654 4816 1741 4872 uideri

306 4904 415 4974 possint
432 4918 467 4960 ex
483 4904 654 4975 Florentino,
675 4905 721 4962 uel
741 4920 792 4962 111
809 4906 975 4963 mutationes
993 4911 1162 4964 momentum
1180 4923 1261 4964 snum
1278 4905 1406 4978 habeant,
1426 4922 1497 4978 quse
1515 4922 1569 4962 non
1587 4904 1689 4962 habent
1706 4904 1742 4962 sd

202 5025 204 5028 -
307 4989 452 5050 lectionem
475 4993 704 5052 constituendam.
729 4994 780 5052 sed
802 4995 910 5052 accedit
926 4996 1001 5054 alind
1022 4997 1105 5069 idque
1122 4996 1329 5068 graubdmum,
1352 4997 1457 5054 scilicet
1478 4995 1553 5066 quod
1569 4995 1742 5052 Florentium
1765 5043 1770 5054 .
