3608 5460
262 243 465 314 xxxxvl1
489 251 613 308 10-161
932 237 1019 320 688
1237 285 1243 302 .
1347 264 1395 312 na
1416 263 1687 318 rmerueeoareus

262 405 352 460 dones
370 404 467 459 offerat
484 406 514 458 et
530 415 626 458 omnes
643 399 880 471 oonddeiussores,
898 401 945 471 qni
962 401 1054 457 idonei
1072 415 1134 456 esse
1146 371 1163 471 ll
1182 355 1319 472 dieantur,
1337 407 1448 472 praesto
1466 402 1539 458 sint:
1557 417 1609 458 nee
1626 404 1690 458 enin
1703 406 1755 454 lest

231 501 243 545 1
263 509 372 564 semper
388 492 476 549 laeilis
493 493 537 548 eet
554 490 671 546 nominis
688 491 803 561 emptio,
829 506 891 546 eum
915 491 1067 546 numeratio
1090 489 1175 568 totius
1193 489 1279 546 debiti
1301 505 1357 546 non
1380 491 1463 547 sitin
1481 491 1621 562 expedito.
1655 492 1691 546 lta

264 583 374 640 demum
397 583 470 638 inter
491 579 667 636 fideiussores
690 579 822 636 diuiditur
845 580 933 650 aetio,
960 580 983 635 si
1006 595 1061 636 non
1084 577 1249 635 infitientur:
1275 594 1340 634 uam
1363 577 1546 636 initiantibus
1568 580 1692 636 auxilium

117 663 121 676 ¹
230 672 407 728 adiurisionis
425 686 479 726 non
497 674 540 724 est
558 668 763 739 indulgendum.
800 669 885 725 Filius
902 667 1020 724 familiae
1038 683 1087 740 pro
1105 674 1185 740 patre
1201 669 1303 738 poterit
1320 666 1471 725 fideiubere
1494 685 1548 725 nee
1571 670 1625 724 erit
1640 670 1692 724 sine

264 761 364 818 ellectu
386 760 454 816 haee
478 757 633 828 fideiussio,
656 758 744 830 primo
768 757 892 828 quidem,
917 757 991 828 quod
1015 759 1058 813 sui
1082 758 1149 814 iuris
1172 759 1288 814 effeetus
1306 759 1407 830 poterit
1424 760 1513 815 teneri
1532 761 1561 815 in
1579 758 1608 814 id
1626 757 1718 829 quode

263 849 354 906 faeere
372 853 472 921 potest,
490 847 554 904 dein
572 845 646 919 quod
665 853 701 917 et,
719 846 786 902 dum
803 847 988 916 inpotestate
1006 851 1106 918 manet,
1125 847 1301 904 condemnari
1318 852 1418 918 potest.
1446 849 1496 904 sed
1515 865 1552 904 an
1570 853 1649 920 pater
1664 865 1694 904 er

263 939 316 995 bae
333 953 417 994 eausa
434 937 509 1008 qnod
526 937 602 992 iussu
619 941 753 1006 teneatur,
772 936 930 992 uideamus:
954 940 982 991 et
999 941 1066 1006 puto
1085 935 1120 992 ad
1139 951 1234 992 omnes
1252 942 1409 994 contractus
1426 938 1502 1008 quod
1520 938 1600 994 iussu
1617 939 1693 993 etiam

264 1027 366 1084 referri.
393 1026 442 1084 sed
461 1027 485 1082 si
501 1027 645 1096 ignorante
663 1030 741 1096 petre
758 1040 808 1094 pro
826 1039 860 1080 eo
879 1023 1057 1095 fideiueserit,
1082 1030 1174 1082 oessat
1195 1027 1250 1081 ista
1267 1027 1354 1081 aetio:
1377 1031 1471 1081 tamen
1493 1028 1574 1098 quasi
1597 1029 1625 1082 in
1643 1042 1693 1082 mm

264 1117 350 1188 patris
368 1131 479 1172 uersum
497 1116 541 1188 sit,
559 1120 653 1187 potest
670 1115 715 1185 agl
734 1129 796 1170 oum
815 1119 902 1184 patre.
931 1114 1014 1184 plane
1031 1115 1055 1169 si
1073 1115 1262 1185 emancipatus
1280 1116 1406 1186 soluerit,
1424 1115 1500 1171 utilis
1518 1115 1545 1170 ei
1563 1116 1636 1171 aetr'o
1654 1115 1694 1170 de
1764 1125 1766 1128 ’

264 1205 342 1262 bebit
359 1209 528 1276 eompetere:
547 1205 575 1260 in
593 1209 731 1275 potestate
749 1204 832 1260 etiam
851 1204 972 1259 manenti
991 1202 1087 1260 Mem
1106 1204 1178 1260 aetio
1197 1205 1338 1275 oompetit,
1356 1204 1380 1260 si
1398 1203 1434 1260 de
1446 1205 1555 1276 peculio
1568 1203 1693 1260 antrensi
1709 1213 1730 1254 ro

264 1311 314 1368 pro
332 1301 410 1366 patre
426 1295 548 1351 soluerit.
1217 1345 1220 1350 .

208 1381 245 1440 11
318 1385 460 1441 iudanos
484 1383 552 1438 libro
575 1382 739 1438 duodeoimo
761 1381 939 1453 digestomm.
982 1381 1034 1449 Qui
1056 1387 1152 1438 onuba
1176 1387 1288 1438 senatus
1312 1397 1375 1438 eon-
1399 1378 1487 1466 Q,
1487 1397 1519 1464 Ξ,
1529 1395 1566 1440 11.
1588 1393 1629 1454 ep.
1638 1385 1723 1450 read

265 1474 366 1530 sultum
384 1471 440 1529 lilio
458 1471 575 1528 lamdiae
593 1470 751 1541 crediderit,
775 1477 882 1528 mortuo
901 1486 934 1527 eo
952 1469 1139 1527 fideiussorem
1158 1487 1176 1526 a
1193 1475 1272 1542 patre
1290 1471 1415 1542 anoipsre
1434 1487 1488 1527 non
1506 1477 1612 1541 potest,
1635 1471 1692 1542 qnia

265 1577 355 1634 neque
372 1562 480 1618 eiuilem
498 1575 588 1631 neque
605 1559 776 1618 honorariam
796 1561 929 1618 adderem
951 1565 1058 1632 patrem
1083 1561 1217 1616 aetionem
1242 1560 1326 1616 babet
1348 1575 1400 1616 nee
1417 1566 1461 1615 est
1478 1561 1536 1616 ralla
1553 1561 1690 1631 hereditas,

266 1653 344 1708 euius
361 1652 470 1706 nomine
487 1649 663 1706 fideiussores
680 1649 795 1720 obligari
813 1655 934 1720 possent.
1704 1657 1724 1697 n

210 1738 247 1796 12
318 1741 396 1796 burn
418 1739 486 1795 libro
509 1739 738 1810 quadragensimo
762 1739 842 1794 tertio
866 1738 1044 1809 digestorum.
1081 1741 1165 1796 Plane
1188 1739 1248 1794 eius
1266 1738 1382 1794 aetionis
1399 1734 1487 1821 [lt-aq
1497 1753 1519 1806 1,
1530 1751 1567 1796 rs.
1588 1741 1727 1810 apreli*

265 1830 383 1900 nomine,
402 1843 474 1900 quae
491 1827 527 1884 de
544 1829 650 1910 peoplio
668 1827 802 1884 adderam
820 1843 882 1884 eum
901 1831 1040 1900 competit,
1058 1827 1203 1884 fideiussor
1221 1833 1295 1882 reete
1313 1827 1455 1897 aoeipitur.

210 1915 248 1975 13
319 1920 396 1974 lesu
419 1916 487 1974 libro
510 1922 608 1988 quarto
631 1917 737 1973 deoimo
761 1917 939 1987 digestorum.
976 1917 1005 1974 Si
1028 1917 1159 1973 mandatu
1177 1931 1239 1972 meo
1257 1917 1330 1972 'litio
1349 1916 1445 1971 donem
1465 1931 1523 1972 ere·
1542 1909 1716 2000 [effid

265 2007 368 2064 dideris
391 2013 420 2062 et
442 2021 550 2062 meeum
573 2005 694 2062 mandati
718 2006 821 2076 egeria,
845 2021 899 2062 non
923 2005 1083 2064 liberabitur
1106 2007 1209 2062 Titius:
1232 2005 1282 2061 sod
1305 2019 1357 2075 ego
1381 2004 1431 2060 tibi
1454 2021 1510 2060 non
1535 2005 1613 2060 aliter
1634 2019 1686 2060 oon-

266 2096 388 2153 demnari
406 2093 521 2170 debebo,
540 2110 622 2166 quam
641 2096 665 2151 si
683 2095 815 2166 meones,
832 2111 902 2165 quas
921 2096 1054 2151 aduersus
1066 2097 1167 2152 Titium
1187 2095 1280 2165 babes,
1299 2094 1365 2150 mibi
1383 2095 1563 2165 praestiteris.
1590 2096 1652 2150 item
1666 2094 1686 2147 ei
1700 2097 1721 2140 ll

266 2201 328 2242 oum
346 2185 420 2242 Titio
438 2183 540 2255 egeris,
559 2199 613 2254 ego
631 2200 685 2242 non
703 2183 852 2255 liberabor,
871 2185 920 2240 sed
938 2186 966 2240 in
984 2184 1013 2240 id
1031 2185 1176 2240 dumtaxat
1192 2183 1243 2240 tibi
1261 2183 1399 2254 obligatus
1417 2199 1478 2254 ero,
1497 2183 1573 2254 quod
1591 2201 1607 2239 a
1624 2183 1685 2239 lide

266 2289 376 2332 semare
394 2289 450 2330 non
467 2273 598 2344 potueris.

211 2361 249 2421 14
319 2365 396 2420 lours
413 2362 482 2420 libro
500 2361 729 2432 quadragensimo
747 2363 865 2438 septimo
883 2361 1060 2433 digestorum.
1085 2363 1163 2436 ¹llum
1182 2377 1246 2418 reus
1263 2363 1440 2434 promittendi
1456 2361 1525 2418 lide·
1558 2355 1713 2444 {defit

266 2453 366 2508 iusseri
382 2467 433 2508 sno
452 2451 530 2508 berea
548 2451 666 2522 exstitit,
684 2451 816 2522 obligatio
833 2451 1005 2510 fideiussoris
1022 2452 1178 2522 peremitur.
1204 2452 1271 2522 quid
1289 2465 1355 2522 ergo
1372 2451 1435 2508 est?
1456 2457 1599 2524 umquam
1618 2469 1634 2507 a
1649 2465 1686 2506 reo

267 2541 390 2599 debitum
407 2545 518 2612 petatur
536 2545 576 2611 et,
600 2541 624 2597 si
642 2541 802 2612 exeeptione
819 2540 973 2598 fideinsaori
992 2545 1166 2613 competente
1183 2557 1251 2598 usus
1269 2539 1363 2612 inerit,
1387 2541 1415 2597 in
1434 2539 1540 2597 laetum
1559 2537 1686 2612 repliosb'o
1700 2543 1719 2586 o

266 2631 326 2688 dari
344 2630 456 2688 debebit
474 2635 522 2686 aut
540 2629 595 2686 doli
613 2630 677 2686 mali
695 2631 823 2702 proderit.

212 2720 250 2781 lb
321 2721 398 2777 lenm
419 2719 489 2775 libro
512 2719 757 2790 quinquagensimo
780 2721 868 2792 primo
892 2721 1069 2792 digestorum.
1112 2720 1141 2776 si
1165 2720 1311 2791 stipulatus
1334 2733 1411 2776 esses
1434 2734 1452 2774 a
1474 2735 1520 2775 me
1544 2711 1714 2803 [ιζ’-ωδ

267 2809 326 2866 aine
343 2825 428 2866 eausa
445 2814 474 2864 et
490 2807 678 2865 fideiussorem
696 2807 833 2881 dedissem
852 2815 882 2865 et
899 2811 998 2866 nollem
1017 2825 1079 2866 enm
1098 2810 1259 2880 exeeptione
1278 2809 1330 2879 uti,
1348 2808 1398 2864 ssd
1415 2809 1510 2879 polius
1529 2810 1648 2879 soluere,
1662 2809 1687 2861 nl

268 2913 375 2954 meeum
398 2897 519 2954 mandati
537 2897 638 2953 iuditio
656 2903 765 2970 ageret,
788 2897 942 2956 fideiussori
964 2901 1048 2955 etiam
1070 2899 1157 2954 inuito
1181 2913 1224 2954 me
1243 2898 1369 2968 exeeptis
1388 2897 1448 2953 dari
1466 2897 1565 2954 debet:
1587 2899 1688 2953 inanes

236 2996 247 3040 1
267 2987 340 3044 enim
359 2988 418 3043 eius
435 2987 580 3058 peeuuiam
597 2987 715 3043 retinere
737 2989 829 3058 potius
852 3003 933 3058 quam
953 2989 1070 3044 solutam
1090 2987 1244 3058 stipulatori
1261 3003 1280 3042 a
1297 3001 1344 3043 reo
1361 2992 1496 3058 repetere.
1533 2986 1564 3043 Si
1581 3003 1615 3042 en
1633 2987 1687 3041 duo·
1701 2987 1719 3030 ³⁰

267 3077 328 3148 bus,
347 3077 395 3148 qui
412 3075 485 3148 apud
502 3081 531 3132 te
548 3074 741 3132 fideiusserant
758 3077 786 3132 in
804 3077 911 3148 uiginti,
929 3078 1012 3147 alter,
1030 3091 1065 3132 us
1083 3076 1120 3133 ab
1138 3091 1171 3132 eo
1189 3083 1305 3148 peteres,
1324 3077 1444 3146 quinque
1462 3075 1515 3131 tibi
1533 3076 1639 3132 dederit
1653 3072 1687 3129 nel

267 3166 435 3239 promiserit,
459 3169 528 3221 neol
547 3165 616 3221 alter
633 3165 792 3222 liberabitur
810 3171 850 3237 et,
873 3167 897 3222 si
916 3165 951 3222 ab
969 3168 1054 3224 altero
1072 3166 1228 3236 quindeeim
1249 3171 1345 3236 petere
1366 3166 1534 3236 institueris,
1558 3165 1633 3221 nulla
1652 3178 1687 3220 er·

267 3257 393 3327 eaptione
411 3255 604 3312 summoueris:
623 3255 727 3325 reliqna
744 3260 837 3312 antem
855 3256 975 3326 quinque
993 3257 1016 3312 si
1034 3271 1052 3310 a
1066 3255 1156 3325 priore
1168 3253 1346 3310 fideiussore²
1357 3260 1452 3326 petere
1469 3255 1629 3326 institueris,
1646 3249 1687 3308 doli

267 3345 332 3400 mali
350 3343 512 3414 exeeptione
529 3343 710 3400 submoueris.
1701 3341 1722 3386 ³⁴

212 3429 250 3488 16
320 3433 398 3488 leun
415 3431 483 3488 libro
501 3433 751 3503 quinquagensimo
765 3435 846 3490 tertio
859 3433 1037 3505 digestorum.
1063 3431 1221 3488 lideiussor
1237 3431 1351 3503 obligari
1364 3447 1419 3488 uon
1432 3437 1526 3502 potest
1545 3423 1716 3517 fflss

267 3523 306 3592 ei,
330 3521 403 3593 apud
426 3537 508 3592 quem
532 3537 595 3577 reus
616 3522 793 3591 promittendi
816 3521 954 3594 obligatus
977 3537 1032 3578 non
1056 3527 1107 3578 est.
1134 3537 1219 3592 qnare
1242 3523 1266 3576 si
1290 3536 1388 3578 seruus
1411 3524 1567 3578 eommunis
1585 3523 1689 3578 Titiiet

268 3609 421 3681 Sempronii
438 3612 597 3668 nominatim
615 3611 689 3668 Titio
707 3611 766 3668 dari
784 3613 930 3684 stipulatus
953 3611 1036 3668 luerit
1058 3615 1087 3666 et
1109 3609 1297 3667 fideiussorem
1318 3613 1358 3666 ita
1375 3611 1603 3681 interrogauerit:
1623 3608 1689 3666 'Titio

268 3699 324 3756 'ant
341 3699 548 3772 Sempronioid
566 3699 632 3756 dare
649 3700 806 3772 spondesl',
830 3701 920 3757 iltius
943 3701 1053 3770 quidem
1077 3704 1171 3771 petere
1196 3717 1213 3755 a
1230 3699 1390 3756 fideiussore
1407 3701 1526 3770 poterit,
1549 3695 1689 3772 Sempronii

266 3803 334 3846 nero
352 3805 469 3861 persona
486 3790 514 3845 in
531 3789 584 3846 boe
601 3791 688 3845 solum
708 3790 868 3859 interposita
885 3790 1031 3860 uidebitur,
1050 3795 1081 3844 nt
1099 3789 1169 3844 solui
1186 3790 1213 3844 ei
1225 3793 1289 3845 aute
1301 3791 1377 3852 litem
1390 3793 1575 3845 eontestalam
1587 3795 1617 3846 et
1627 3791 1690 3860 iguo
1702 3782 1722 3828 θ’

236 3887 249 3933 1
267 3884 346 3934 rante
363 3879 408 3935 uel
425 3879 511 3935 inuito
529 3879 603 3935 Titio
619 3879 716 3950 possit.
747 3878 800 3945 Qui
817 3884 892 3936 eerte
910 3881 971 3935 loeo
989 3879 1048 3934 dari
1062 3877 1072 3948 ll
1084 3880 1218 3949 promisit,
1238 3881 1408 3950 aliquatenus
1427 3879 1532 3934 duriori
1550 3874 1690 3936 eondioioni
1701 3849 1754 3921 l·m

268 3967 413 4038 obligatur,
429 3983 512 4038 quam
531 3967 554 4024 si
572 3983 640 4038 pure
657 3968 842 4038 interrogatus
859 3965 971 4024 fuisset:
990 3968 1064 4024 nullo
1082 3968 1154 4023 enim
1172 3969 1233 4024 loeo
1252 3969 1312 4038 alio,
1332 3983 1413 4038 quam
1432 3969 1460 4024 iu
1473 3983 1557 4038 quern
1571 3966 1690 4040 promisit

268 4056 375 4113 soluere
397 4056 484 4112 inulto
508 4057 668 4128 stipulatore
691 4062 791 4127 potest.
819 4071 904 4127 quare
927 4058 950 4112 si
973 4073 1051 4112 reum
1074 4071 1142 4128 pure
1159 4059 1366 4128 interrogauero
1384 4061 1413 4112 et
1430 4055 1623 4114 fideiussorem
1640 4071 1690 4113 eum

236 4144 420 4200 asdisotioue
438 4145 491 4202 loei
508 4160 654 4216 aeespero,
680 4160 733 4202 non
752 4144 919 4216 obligabitur
936 4143 1090 4202 fideiussor.
1126 4145 1181 4202 Sed
1200 4153 1229 4202 et
1251 4148 1276 4202 si
1298 4161 1374 4217 reus,
1397 4147 1504 4203 Rornae
1528 4150 1690 4212 eonstitutus,

269 4233 380 4306 Capuae
398 4233 458 4289 dari
475 4235 643 4306 promiserit,
665 4233 810 4291 fideiussor
829 4235 943 4307 Ephesi,
966 4235 1081 4306 perinde
1098 4251 1153 4292 non
1171 4235 1337 4307 obligabitur
1360 4233 1522 4308 fideiussor,
1547 4253 1582 4293 ao
1599 4239 1623 4292 si
1639 4247 1691 4292 rsus

236 4322 321 4396 eeub
338 4323 498 4380 eondieione
515 4324 699 4396 promisisset,
724 4322 869 4381 fideiussor
887 4330 979 4382 antem
997 4326 1025 4382 in
1043 4325 1116 4382 diem
1135 4329 1237 4382 oertam
1255 4327 1301 4382 nel
1318 4339 1386 4396 pure
1403 4326 1588 4396 promisisset
1624 4319 1724 4382 lide*⁵

270 4549 279 4584 ²
299 4561 351 4602 neo
368 4547 415 4602 del
485 4547 497 4580 ²
515 4561 532 4601 a
549 4547 639 4618 priore
656 4546 818 4604 fideiussore
836 4550 883 4604 del.

269 4679 401 4749 3si1isi
424 4679 461 4732 F·
516 4681 635 4750 lpater
653 4682 689 4733 F¹
710 4683 714 4750 Ι
735 4681 795 4750 erit]
820 4680 897 4736 beret
921 4684 956 4736 Εἰ
1010 4681 1138 4752 quinque]
1149 4681 1180 4736 ri
1189 4683 1330 4738 leonenses
1340 4681 1580 4752 utareBMnnn.)
1614 4683 1693 4739 dier·

270 4750 549 4820 edeinuelnquod
567 4755 625 4819 (sle)
644 4753 682 4806 F’
735 4753 877 4808 9neleum
895 4753 957 4856 ΕΙ]
1009 4754 1312 4880 ἓῧρὲἰεὲᾗὲῃζρθθᾶί
1325 4755 1424 4896 off
1442 4749 1699 4884 efffffomffllf

271 4895 305 4948 13
322 4892 529 4949 fideiussorem
543 4893 598 4982 F‘·¹
612 4896 658 4980 ‚15
669 4897 777 4999 pomini
788 4892 853 4980 F’b
869 4898 915 4982 ,21
929 4896 957 4985 in
1009 4897 1120 4982 genitur
1139 4897 1194 4962 F¹l
1216 4897 1297 4951 etsi
1318 4843 1355 4949 β’
1408 4843 1445 4953 44
1463 4913 1517 4968 oap
1592 4901 1629 4968 ΡΙ
1643 4911 1695 4970 per·

277 4963 332 5020 brd
351 4966 387 5018 Β)
430 4967 466 5021 22
482 4967 672 5036 potuerrtsl'
729 4969 765 5022 24
783 4971 906 5022 exstrue*
920 4969 958 5020 l*
1009 4967 1156 5023 rnde⁴non
1175 4967 1212 5020 F’
1255 4968 1496 5038 lbpromssrstset
1527 4971 1555 5025 d.
1568 4973 1603 5024 F’
1616 4973 1622 5040 l
1635 4981 1696 5042 part

270 5037 305 5092 28
322 5035 526 5109 exceptione'm'
541 5038 582 5094 uti
602 5037 637 5091 F’
689 5037 725 5093 33
742 5039 846 5109 reliqna
864 5043 957 5094 autem
1008 5038 1189 5109 promisisset]
1208 5040 1252 5104 Ρ,
1270 5055 1339 5110 pure
1357 5041 1547 5111 promi‘s'siset
1565 5041 1600 5096 l*

269 4823 294 4876 si
316 4822 531 4892 *enannipstuq
554 4824 600 4889 F’,
624 4823 647 4878 ei
666 4822 705 4878 ‘is'
724 4825 895 4894 mancipatus
919 4826 945 4878 F
