<?xml version="1.0" encoding="UTF-8"?>
<!DOCTYPE html PUBLIC "-//W3C//DTD XHTML 1.0 Transitional//EN"
    "http://www.w3.org/TR/xhtml1/DTD/xhtml1-transitional.dtd">
<html xmlns="http://www.w3.org/1999/xhtml" xml:lang="en" lang="en">
 <head>
  <title>
</title>
<meta http-equiv="Content-Type" content="text/html;charset=utf-8" />
  <meta name='ocr-system' content='tesseract 3.04.00' />
  <meta name='ocr-capabilities' content='ocr_page ocr_carea ocr_par ocr_line ocrx_word'/>
</head>
<body>
  <div class='ocr_page' id='page_1' title='image "./digestaiustinia00kruegoog_0795.png"; bbox 0 0 3584 5454; ppageno 0'>
   <div class='ocr_carea' id='block_1_1' title="bbox 268 253 1708 334">
    <p class='ocr_par' dir='ltr' id='par_1_1' title="bbox 268 253 1708 334">
     <span class='ocr_line' id='line_1_1' title="bbox 268 253 1708 334; baseline -0.008 -3"><span class='ocrx_word' id='word_1_1' title='bbox 268 261 448 331; x_wconf 82' lang='lat' dir='ltr'>XXXXVII</span> <span class='ocrx_word' id='word_1_2' title='bbox 471 263 566 326; x_wconf 71' lang='lat'>1017</span> <span class='ocrx_word' id='word_1_3' title='bbox 941 253 1028 334; x_wconf 78' lang='grc'>780</span> <span class='ocrx_word' id='word_1_4' title='bbox 1499 275 1547 322; x_wconf 83' lang='lat' dir='ltr'>na</span> <span class='ocrx_word' id='word_1_5' title='bbox 1569 273 1708 322; x_wconf 81' lang='lat' dir='ltr'>mrnnns</span> 
     </span>
    </p>
   </div>
   <div class='ocr_carea' id='block_1_2' title="bbox 235 413 1709 485">
    <p class='ocr_par' dir='ltr' id='par_1_2' title="bbox 235 413 1709 485">
     <span class='ocr_line' id='line_1_2' title="bbox 235 413 1709 485; baseline -0.006 -9"><span class='ocrx_word' id='word_1_6' title='bbox 235 433 378 476; x_wconf 81' lang='lat' dir='ltr'>ecessare</span> <span class='ocrx_word' id='word_1_7' title='bbox 401 419 561 474; x_wconf 89' lang='lat' dir='ltr'>iniuriarum</span> <span class='ocrx_word' id='word_1_8' title='bbox 585 414 730 470; x_wconf 90' lang='lat' dir='ltr'>actionem.</span> <span class='ocrx_word' id='word_1_9' title='bbox 767 413 870 471; x_wconf 84' lang='lat' dir='ltr'>Seruus</span> <span class='ocrx_word' id='word_1_10' title='bbox 894 431 972 471; x_wconf 88' lang='lat' dir='ltr'>meua</span> <span class='ocrx_word' id='word_1_11' title='bbox 995 430 1080 485; x_wconf 88' lang='lat' dir='ltr'>opera</span> <span class='ocrx_word' id='word_1_12' title='bbox 1102 415 1147 470; x_wconf 92' lang='lat' dir='ltr'>ncl</span> <span class='ocrx_word' id='word_1_13' title='bbox 1169 414 1290 484; x_wconf 74' lang='lat' dir='ltr'><strong>querella</strong></span> <span class='ocrx_word' id='word_1_14' title='bbox 1312 417 1362 470; x_wconf 89' lang='lat' dir='ltr'>tua</span> <span class='ocrx_word' id='word_1_15' title='bbox 1378 413 1496 483; x_wconf 79' lang='lat' dir='ltr'>flagellis</span> <span class='ocrx_word' id='word_1_16' title='bbox 1515 429 1618 468; x_wconf 78' lang='lat' dir='ltr'>caesum</span> <span class='ocrx_word' id='word_1_17' title='bbox 1635 417 1709 468; x_wconf 85' lang='lat' dir='ltr'>csta</span> 
     </span>
    </p>
   </div>
   <div class='ocr_carea' id='block_1_3' title="bbox 222 590 1746 2264">
    <p class='ocr_par' dir='ltr' id='par_1_3' title="bbox 222 590 1746 2264">
     <span class='ocr_line' id='line_1_3' title="bbox 269 590 1709 665; baseline -0.005 -12"><span class='ocrx_word' id='word_1_18' title='bbox 269 613 326 653; x_wconf 91' lang='lat' dir='ltr'>rem</span> <span class='ocrx_word' id='word_1_19' title='bbox 346 611 464 665; x_wconf 87' lang='lat' dir='ltr'>aequum</span> <span class='ocrx_word' id='word_1_20' title='bbox 482 593 566 648; x_wconf 91' lang='lat' dir='ltr'>iudici</span> <span class='ocrx_word' id='word_1_21' title='bbox 584 591 730 662; x_wconf 89' lang='lat' dir='ltr'>uidebitur,</span> <span class='ocrx_word' id='word_1_22' title='bbox 749 598 778 648; x_wconf 89' lang='lat' dir='ltr'>ct</span> <span class='ocrx_word' id='word_1_23' title='bbox 795 594 820 648; x_wconf 95' lang='lat' dir='ltr'>si</span> <span class='ocrx_word' id='word_1_24' title='bbox 838 609 935 648; x_wconf 86' lang='lat' dir='ltr'>seruus</span> <span class='ocrx_word' id='word_1_25' title='bbox 953 593 1111 663; x_wconf 75' lang='lat' dir='ltr'>decesserit,</span> <span class='ocrx_word' id='word_1_26' title='bbox 1128 593 1269 648; x_wconf 88' lang='lat' dir='ltr'>dominum</span> <span class='ocrx_word' id='word_1_27' title='bbox 1287 592 1347 647; x_wconf 87' lang='lat' dir='ltr'>eins</span> <span class='ocrx_word' id='word_1_28' title='bbox 1365 605 1546 661; x_wconf 80' lang='lat' dir='ltr'>agerepcsse</span> <span class='ocrx_word' id='word_1_29' title='bbox 1557 590 1654 646; x_wconf 87' lang='lat' dir='ltr'>Labeo</span> <span class='ocrx_word' id='word_1_30' title='bbox 1665 591 1709 661; x_wconf 86' lang='lat' dir='ltr'>ait,</span> 
     </span>
     <span class='ocr_line' id='line_1_4' title="bbox 235 678 1709 756; baseline -0.005 -14"><span class='ocrx_word' id='word_1_31' title='bbox 235 698 250 742; x_wconf 79' lang='lat' dir='ltr'>a</span> <span class='ocrx_word' id='word_1_32' title='bbox 269 687 335 756; x_wconf 87' lang='lat' dir='ltr'>quia</span> <span class='ocrx_word' id='word_1_33' title='bbox 353 686 388 740; x_wconf 90' lang='lat' dir='ltr'>ds</span> <span class='ocrx_word' id='word_1_34' title='bbox 406 684 519 752; x_wconf 90' lang='lat' dir='ltr'>damno,</span> <span class='ocrx_word' id='word_1_35' title='bbox 538 680 612 751; x_wconf 89' lang='lat' dir='ltr'>quod</span> <span class='ocrx_word' id='word_1_36' title='bbox 630 696 680 750; x_wconf 88' lang='lat' dir='ltr'>per</span> <span class='ocrx_word' id='word_1_37' title='bbox 697 681 822 736; x_wconf 87' lang='lat' dir='ltr'>iniuriam</span> <span class='ocrx_word' id='word_1_38' title='bbox 841 680 944 736; x_wconf 84' lang='lat' dir='ltr'>iactum</span> <span class='ocrx_word' id='word_1_39' title='bbox 963 687 1014 751; x_wconf 91' lang='lat' dir='ltr'>est,</span> <span class='ocrx_word' id='word_1_40' title='bbox 1033 685 1140 750; x_wconf 78' lang='lat' dir='ltr'>agatur.</span> <span class='ocrx_word' id='word_1_41' title='bbox 1167 686 1197 736; x_wconf 88' lang='lat' dir='ltr'>et</span> <span class='ocrx_word' id='word_1_42' title='bbox 1213 682 1253 735; x_wconf 90' lang='lat' dir='ltr'>ita</span> <span class='ocrx_word' id='word_1_43' title='bbox 1269 679 1401 734; x_wconf 76' lang='lat' dir='ltr'>Trebatio</span> <span class='ocrx_word' id='word_1_44' title='bbox 1418 680 1532 750; x_wconf 81' lang='lat' dir='ltr'>placuit</span> <span class='ocrx_word' id='word_1_45' title='bbox 1570 678 1709 746; x_wconf 78' lang='lat' dir='ltr'>Quaedam</span> 
     </span>
     <span class='ocr_line' id='line_1_5' title="bbox 269 767 1738 838; baseline -0.005 -8"><span class='ocrx_word' id='word_1_46' title='bbox 269 774 384 830; x_wconf 87' lang='lat' dir='ltr'>iniuriae</span> <span class='ocrx_word' id='word_1_47' title='bbox 403 789 420 826; x_wconf 93' lang='lat' dir='ltr'>a</span> <span class='ocrx_word' id='word_1_48' title='bbox 437 769 529 826; x_wconf 91' lang='lat' dir='ltr'>liberis</span> <span class='ocrx_word' id='word_1_49' title='bbox 547 767 703 826; x_wconf 90' lang='lat' dir='ltr'>hominibus</span> <span class='ocrx_word' id='word_1_50' title='bbox 720 768 810 824; x_wconf 83' lang='lat' dir='ltr'>factae</span> <span class='ocrx_word' id='word_1_51' title='bbox 828 771 903 826; x_wconf 87' lang='lat' dir='ltr'>leues</span> <span class='ocrx_word' id='word_1_52' title='bbox 922 773 988 838; x_wconf 93' lang='lat' dir='ltr'>(non</span> <span class='ocrx_word' id='word_1_53' title='bbox 1005 771 1105 825; x_wconf 89' lang='lat' dir='ltr'>nullius</span> <span class='ocrx_word' id='word_1_54' title='bbox 1123 770 1264 836; x_wconf 84' lang='lat' dir='ltr'>momenti)</span> <span class='ocrx_word' id='word_1_55' title='bbox 1283 769 1419 838; x_wconf 87' lang='lat' dir='ltr'>uidentur,</span> <span class='ocrx_word' id='word_1_56' title='bbox 1437 769 1583 824; x_wconf 88' lang='lat' dir='ltr'>enimuero</span> <span class='ocrx_word' id='word_1_57' title='bbox 1595 783 1613 823; x_wconf 91' lang='lat' dir='ltr'>a</span> <span class='ocrx_word' id='word_1_58' title='bbox 1625 767 1738 824; x_wconf 81' lang='lat' dir='ltr'>seruiat</span> 
     </span>
     <span class='ocr_line' id='line_1_6' title="bbox 235 854 1708 934; baseline -0.005 -14"><span class='ocrx_word' id='word_1_59' title='bbox 235 875 250 920; x_wconf 80' lang='lat' dir='ltr'>e</span> <span class='ocrx_word' id='word_1_60' title='bbox 269 877 369 934; x_wconf 78' lang='lat' dir='ltr'>graues</span> <span class='ocrx_word' id='word_1_61' title='bbox 388 867 466 916; x_wconf 88' lang='lat' dir='ltr'>sunt:</span> <span class='ocrx_word' id='word_1_62' title='bbox 486 859 585 914; x_wconf 91' lang='lat' dir='ltr'>crescit</span> <span class='ocrx_word' id='word_1_63' title='bbox 602 858 675 912; x_wconf 90' lang='lat' dir='ltr'>enim</span> <span class='ocrx_word' id='word_1_64' title='bbox 694 859 859 914; x_wconf 86' lang='lat' dir='ltr'>contumelia</span> <span class='ocrx_word' id='word_1_65' title='bbox 877 873 912 914; x_wconf 85' lang='lat' dir='ltr'>ex</span> <span class='ocrx_word' id='word_1_66' title='bbox 929 874 1048 929; x_wconf 90' lang='lat' dir='ltr'>persona</span> <span class='ocrx_word' id='word_1_67' title='bbox 1065 859 1125 913; x_wconf 90' lang='lat' dir='ltr'>eius</span> <span class='ocrx_word' id='word_1_68' title='bbox 1142 859 1189 928; x_wconf 84' lang='lat' dir='ltr'>qrri</span> <span class='ocrx_word' id='word_1_69' title='bbox 1208 857 1400 914; x_wconf 86' lang='lat' dir='ltr'>contumeliam</span> <span class='ocrx_word' id='word_1_70' title='bbox 1418 854 1495 912; x_wconf 81' lang='lat' dir='ltr'>iecit</span> <span class='ocrx_word' id='word_1_71' title='bbox 1523 856 1597 912; x_wconf 81' lang='lat' dir='ltr'>ilum</span> <span class='ocrx_word' id='word_1_72' title='bbox 1614 871 1708 912; x_wconf 89' lang='lat' dir='ltr'>seruus</span> 
     </span>
     <span class='ocr_line' id='line_1_7' title="bbox 269 944 1707 1018; baseline -0.004 -11"><span class='ocrx_word' id='word_1_73' title='bbox 269 952 395 1007; x_wconf 89' lang='lat' dir='ltr'>iniuriam</span> <span class='ocrx_word' id='word_1_74' title='bbox 413 949 489 1018; x_wconf 85' lang='lat' dir='ltr'>lacit,</span> <span class='ocrx_word' id='word_1_75' title='bbox 509 944 672 1002; x_wconf 85' lang='lat' dir='ltr'>maleficium</span> <span class='ocrx_word' id='word_1_76' title='bbox 691 961 755 1001; x_wconf 89' lang='lat' dir='ltr'>enm</span> <span class='ocrx_word' id='word_1_77' title='bbox 773 947 918 1002; x_wconf 73' lang='lat' dir='ltr'>admittere</span> <span class='ocrx_word' id='word_1_78' title='bbox 936 948 1027 1017; x_wconf 89' lang='lat' dir='ltr'>palam</span> <span class='ocrx_word' id='word_1_79' title='bbox 1045 951 1102 1003; x_wconf 88' lang='lat' dir='ltr'>est:</span> <span class='ocrx_word' id='word_1_80' title='bbox 1122 949 1217 1004; x_wconf 86' lang='lat' dir='ltr'>meritc</span> <span class='ocrx_word' id='word_1_81' title='bbox 1236 948 1320 1018; x_wconf 86' lang='lat' dir='ltr'>igitur</span> <span class='ocrx_word' id='word_1_82' title='bbox 1337 947 1419 1002; x_wconf 90' lang='lat' dir='ltr'>sicuti</span> <span class='ocrx_word' id='word_1_83' title='bbox 1432 961 1467 1001; x_wconf 91' lang='lat' dir='ltr'>ex</span> <span class='ocrx_word' id='word_1_84' title='bbox 1481 946 1584 1002; x_wconf 86' lang='lat' dir='ltr'>ceteris</span> <span class='ocrx_word' id='word_1_85' title='bbox 1596 946 1707 1017; x_wconf 88' lang='lat' dir='ltr'>delictis,</span> 
     </span>
     <span class='ocr_line' id='line_1_8' title="bbox 268 1033 1707 1104; baseline -0.003 -9"><span class='ocrx_word' id='word_1_86' title='bbox 268 1041 308 1095; x_wconf 91' lang='lat' dir='ltr'>ita</span> <span class='ocrx_word' id='word_1_87' title='bbox 325 1043 354 1094; x_wconf 89' lang='lat' dir='ltr'>et</span> <span class='ocrx_word' id='word_1_88' title='bbox 372 1053 406 1096; x_wconf 91' lang='lat' dir='ltr'>ex</span> <span class='ocrx_word' id='word_1_89' title='bbox 425 1037 476 1092; x_wconf 93' lang='lat' dir='ltr'>boc</span> <span class='ocrx_word' id='word_1_90' title='bbox 494 1035 652 1090; x_wconf 89' lang='lat' dir='ltr'>iniuriarum</span> <span class='ocrx_word' id='word_1_91' title='bbox 672 1033 778 1089; x_wconf 90' lang='lat' dir='ltr'>noxalis</span> <span class='ocrx_word' id='word_1_92' title='bbox 797 1035 869 1090; x_wconf 88' lang='lat' dir='ltr'>actio</span> <span class='ocrx_word' id='word_1_93' title='bbox 887 1035 976 1092; x_wconf 90' lang='lat' dir='ltr'>datur.</span> <span class='ocrx_word' id='word_1_94' title='bbox 1003 1036 1099 1091; x_wconf 91' lang='lat' dir='ltr'>sedin</span> <span class='ocrx_word' id='word_1_95' title='bbox 1117 1035 1229 1092; x_wconf 89' lang='lat' dir='ltr'>arbitrio</span> <span class='ocrx_word' id='word_1_96' title='bbox 1248 1035 1351 1091; x_wconf 92' lang='lat' dir='ltr'>domini</span> <span class='ocrx_word' id='word_1_97' title='bbox 1368 1041 1419 1104; x_wconf 83' lang='lat' dir='ltr'>eat,</span> <span class='ocrx_word' id='word_1_98' title='bbox 1439 1051 1475 1090; x_wconf 89' lang='lat' dir='ltr'>an</span> <span class='ocrx_word' id='word_1_99' title='bbox 1494 1035 1564 1090; x_wconf 88' lang='lat' dir='ltr'>uelit</span> <span class='ocrx_word' id='word_1_100' title='bbox 1575 1051 1639 1090; x_wconf 92' lang='lat' dir='ltr'>eum</span> <span class='ocrx_word' id='word_1_101' title='bbox 1651 1051 1707 1090; x_wconf 83' lang='lat' dir='ltr'>uer·</span> 
     </span>
     <span class='ocr_line' id='line_1_9' title="bbox 269 1121 1708 1196; baseline -0.004 -12"><span class='ocrx_word' id='word_1_102' title='bbox 269 1127 420 1184; x_wconf 88' lang='lat' dir='ltr'>berandum</span> <span class='ocrx_word' id='word_1_103' title='bbox 439 1124 583 1193; x_wconf 88' lang='lat' dir='ltr'>exhibere,</span> <span class='ocrx_word' id='word_1_104' title='bbox 601 1128 633 1178; x_wconf 88' lang='lat' dir='ltr'>nt</span> <span class='ocrx_word' id='word_1_105' title='bbox 649 1123 690 1177; x_wconf 91' lang='lat' dir='ltr'>ita</span> <span class='ocrx_word' id='word_1_106' title='bbox 707 1121 824 1178; x_wconf 84' lang='lat' dir='ltr'>satisfiat</span> <span class='ocrx_word' id='word_1_107' title='bbox 842 1124 868 1178; x_wconf 89' lang='lat' dir='ltr'>ei</span> <span class='ocrx_word' id='word_1_108' title='bbox 886 1125 933 1194; x_wconf 86' lang='lat' dir='ltr'>qni</span> <span class='ocrx_word' id='word_1_109' title='bbox 951 1124 1077 1180; x_wconf 91' lang='lat' dir='ltr'>iniuriam</span> <span class='ocrx_word' id='word_1_110' title='bbox 1095 1141 1194 1196; x_wconf 86' lang='lat' dir='ltr'>passas</span> <span class='ocrx_word' id='word_1_111' title='bbox 1212 1129 1268 1181; x_wconf 87' lang='lat' dir='ltr'>est:</span> <span class='ocrx_word' id='word_1_112' title='bbox 1286 1137 1376 1194; x_wconf 88' lang='lat' dir='ltr'>neque</span> <span class='ocrx_word' id='word_1_113' title='bbox 1394 1124 1447 1179; x_wconf 86' lang='lat' dir='ltr'>erit</span> <span class='ocrx_word' id='word_1_114' title='bbox 1463 1137 1582 1179; x_wconf 86' lang='lat' dir='ltr'>necesse</span> <span class='ocrx_word' id='word_1_115' title='bbox 1600 1124 1708 1179; x_wconf 90' lang='lat' dir='ltr'>domino</span> 
     </span>
     <span class='ocr_line' id='line_1_10' title="bbox 268 1211 1746 1286; baseline -0.005 -14"><span class='ocrx_word' id='word_1_116' title='bbox 268 1217 363 1286; x_wconf 88' lang='lat' dir='ltr'>utique</span> <span class='ocrx_word' id='word_1_117' title='bbox 381 1231 444 1270; x_wconf 91' lang='lat' dir='ltr'>eum</span> <span class='ocrx_word' id='word_1_118' title='bbox 464 1211 664 1269; x_wconf 89' lang='lat' dir='ltr'>uerberandum</span> <span class='ocrx_word' id='word_1_119' title='bbox 682 1215 836 1283; x_wconf 89' lang='lat' dir='ltr'>praestare,</span> <span class='ocrx_word' id='word_1_120' title='bbox 855 1211 905 1268; x_wconf 85' lang='lat' dir='ltr'>sed</span> <span class='ocrx_word' id='word_1_121' title='bbox 923 1212 1034 1268; x_wconf 92' lang='lat' dir='ltr'>dabitur</span> <span class='ocrx_word' id='word_1_122' title='bbox 1051 1215 1077 1270; x_wconf 92' lang='lat' dir='ltr'>ei</span> <span class='ocrx_word' id='word_1_123' title='bbox 1093 1213 1211 1270; x_wconf 82' lang='lat' dir='ltr'>incultas</span> <span class='ocrx_word' id='word_1_124' title='bbox 1229 1218 1370 1284; x_wconf 87' lang='lat' dir='ltr'>praestare</span> <span class='ocrx_word' id='word_1_125' title='bbox 1387 1213 1414 1268; x_wconf 95' lang='lat' dir='ltr'>ei</span> <span class='ocrx_word' id='word_1_126' title='bbox 1431 1227 1546 1267; x_wconf 88' lang='lat' dir='ltr'>seruum</span> <span class='ocrx_word' id='word_1_127' title='bbox 1565 1211 1706 1267; x_wconf 87' lang='lat' dir='ltr'>uerberan-</span> <span class='ocrx_word' id='word_1_128' title='bbox 1722 1224 1746 1263; x_wconf 84' lang='lat' dir='ltr'>rc</span> 
     </span>
     <span class='ocr_line' id='line_1_11' title="bbox 268 1293 1706 1374; baseline -0.003 -14"><span class='ocrx_word' id='word_1_129' title='bbox 268 1306 335 1360; x_wconf 90' lang='lat' dir='ltr'>dum</span> <span class='ocrx_word' id='word_1_130' title='bbox 353 1307 416 1374; x_wconf 91' lang='lat' dir='ltr'>aut,</span> <span class='ocrx_word' id='word_1_131' title='bbox 435 1303 458 1358; x_wconf 91' lang='lat' dir='ltr'>si</span> <span class='ocrx_word' id='word_1_132' title='bbox 476 1301 512 1357; x_wconf 91' lang='lat' dir='ltr'>de</span> <span class='ocrx_word' id='word_1_133' title='bbox 530 1316 563 1356; x_wconf 90' lang='lat' dir='ltr'>co</span> <span class='ocrx_word' id='word_1_134' title='bbox 581 1299 743 1356; x_wconf 87' lang='lat' dir='ltr'>uerberibus</span> <span class='ocrx_word' id='word_1_135' title='bbox 761 1301 829 1355; x_wconf 87' lang='lat' dir='ltr'>satis</span> <span class='ocrx_word' id='word_1_136' title='bbox 847 1317 902 1356; x_wconf 93' lang='lat' dir='ltr'>non</span> <span class='ocrx_word' id='word_1_137' title='bbox 919 1299 977 1372; x_wconf 87' lang='lat' dir='ltr'>liat,</span> <span class='ocrx_word' id='word_1_138' title='bbox 996 1317 1085 1358; x_wconf 89' lang='lat' dir='ltr'>noxae</span> <span class='ocrx_word' id='word_1_139' title='bbox 1103 1293 1258 1358; x_wconf 89' lang='lat' dir='ltr'>dedendum</span> <span class='ocrx_word' id='word_1_140' title='bbox 1277 1303 1322 1357; x_wconf 90' lang='lat' dir='ltr'>uel</span> <span class='ocrx_word' id='word_1_141' title='bbox 1339 1302 1395 1357; x_wconf 91' lang='lat' dir='ltr'>litis</span> <span class='ocrx_word' id='word_1_142' title='bbox 1412 1300 1637 1356; x_wconf 71' lang='lat' dir='ltr'>aestimationem</span> <span class='ocrx_word' id='word_1_143' title='bbox 1655 1299 1706 1356; x_wconf 87' lang='lat' dir='ltr'>sni·</span> 
     </span>
     <span class='ocr_line' id='line_1_12' title="bbox 235 1387 1704 1462; baseline -0.001 -16"><span class='ocrx_word' id='word_1_144' title='bbox 235 1401 249 1446; x_wconf 78' lang='grc'><strong>5</strong></span> <span class='ocrx_word' id='word_1_145' title='bbox 268 1393 418 1449; x_wconf 87' lang='lat' dir='ltr'>serendam.</span> <span class='ocrx_word' id='word_1_146' title='bbox 455 1391 504 1446; x_wconf 86' lang='lat' dir='ltr'>Ait</span> <span class='ocrx_word' id='word_1_147' title='bbox 520 1393 632 1461; x_wconf 88' lang='lat' dir='ltr'>praetor</span> <span class='ocrx_word' id='word_1_148' title='bbox 650 1387 791 1444; x_wconf 86' lang='lat' dir='ltr'>&#39;arbitratu</span> <span class='ocrx_word' id='word_1_149' title='bbox 809 1388 928 1445; x_wconf 82' lang='lat' dir='ltr'>iudicis&#39;:</span> <span class='ocrx_word' id='word_1_150' title='bbox 948 1391 1044 1460; x_wconf 83' lang='lat' dir='ltr'>utique</span> <span class='ocrx_word' id='word_1_151' title='bbox 1062 1391 1141 1462; x_wconf 87' lang='lat' dir='ltr'>quasi</span> <span class='ocrx_word' id='word_1_152' title='bbox 1159 1392 1210 1447; x_wconf 90' lang='lat' dir='ltr'>uiri</span> <span class='ocrx_word' id='word_1_153' title='bbox 1228 1390 1301 1460; x_wconf 90' lang='lat' dir='ltr'>boni,</span> <span class='ocrx_word' id='word_1_154' title='bbox 1318 1395 1351 1446; x_wconf 89' lang='lat' dir='ltr'>ut</span> <span class='ocrx_word' id='word_1_155' title='bbox 1366 1390 1412 1446; x_wconf 92' lang='lat' dir='ltr'>ille</span> <span class='ocrx_word' id='word_1_156' title='bbox 1431 1389 1545 1444; x_wconf 90' lang='lat' dir='ltr'>modum</span> <span class='ocrx_word' id='word_1_157' title='bbox 1564 1388 1704 1444; x_wconf 88' lang='lat' dir='ltr'>nerbernm</span> 
     </span>
     <span class='ocr_line' id='line_1_13' title="bbox 235 1476 1704 1552; baseline -0.002 -16"><span class='ocrx_word' id='word_1_158' title='bbox 235 1483 400 1552; x_wconf 76' lang='lat' dir='ltr'>simpouat.</span> <span class='ocrx_word' id='word_1_159' title='bbox 437 1477 467 1535; x_wconf 85' lang='lat' dir='ltr'>Si</span> <span class='ocrx_word' id='word_1_160' title='bbox 491 1483 555 1534; x_wconf 89' lang='lat' dir='ltr'>ante</span> <span class='ocrx_word' id='word_1_161' title='bbox 579 1477 698 1532; x_wconf 88' lang='lat' dir='ltr'>iudicem</span> <span class='ocrx_word' id='word_1_162' title='bbox 720 1476 848 1532; x_wconf 91' lang='lat' dir='ltr'>dominus</span> <span class='ocrx_word' id='word_1_163' title='bbox 872 1478 1071 1536; x_wconf 88' lang='lat' dir='ltr'>uerberandum</span> <span class='ocrx_word' id='word_1_164' title='bbox 1090 1495 1200 1535; x_wconf 69' lang='lat' dir='ltr'>manum</span> <span class='ocrx_word' id='word_1_165' title='bbox 1219 1479 1386 1550; x_wconf 83' lang='lat' dir='ltr'>exhibuerit,</span> <span class='ocrx_word' id='word_1_166' title='bbox 1411 1483 1444 1535; x_wconf 90' lang='lat' dir='ltr'>ut</span> <span class='ocrx_word' id='word_1_167' title='bbox 1460 1479 1532 1534; x_wconf 88' lang='lat' dir='ltr'>satis</span> <span class='ocrx_word' id='word_1_168' title='bbox 1549 1477 1704 1534; x_wconf 89' lang='lat' dir='ltr'>uerberibus</span> 
     </span>
     <span class='ocr_line' id='line_1_14' title="bbox 269 1563 1704 1646; baseline -0.003 -20"><span class='ocrx_word' id='word_1_169' title='bbox 269 1572 295 1627; x_wconf 92' lang='lat' dir='ltr'>ei</span> <span class='ocrx_word' id='word_1_170' title='bbox 313 1569 404 1646; x_wconf 85' lang='lat' dir='ltr'>lieret,</span> <span class='ocrx_word' id='word_1_171' title='bbox 423 1572 452 1623; x_wconf 87' lang='lat' dir='ltr'>at</span> <span class='ocrx_word' id='word_1_172' title='bbox 470 1568 522 1622; x_wconf 90' lang='lat' dir='ltr'>erit</span> <span class='ocrx_word' id='word_1_173' title='bbox 540 1565 643 1622; x_wconf 87' lang='lat' dir='ltr'>iactum</span> <span class='ocrx_word' id='word_1_174' title='bbox 663 1563 796 1621; x_wconf 87' lang='lat' dir='ltr'>arbitratu</span> <span class='ocrx_word' id='word_1_175' title='bbox 814 1567 929 1624; x_wconf 79' lang='lat' dir='ltr'>adonius</span> <span class='ocrx_word' id='word_1_176' title='bbox 937 1572 956 1638; x_wconf 82' lang='lat'>¹,</span> <span class='ocrx_word' id='word_1_177' title='bbox 973 1574 1072 1639; x_wconf 89' lang='lat' dir='ltr'>postea</span> <span class='ocrx_word' id='word_1_178' title='bbox 1089 1574 1166 1624; x_wconf 88' lang='lat' dir='ltr'>actor</span> <span class='ocrx_word' id='word_1_179' title='bbox 1183 1584 1266 1639; x_wconf 79' lang='lat' dir='ltr'>agere</span> <span class='ocrx_word' id='word_1_180' title='bbox 1283 1569 1443 1624; x_wconf 86' lang='lat' dir='ltr'>iniuriarum</span> <span class='ocrx_word' id='word_1_181' title='bbox 1460 1573 1638 1639; x_wconf 77' lang='lat' dir='ltr'>personent,</span> <span class='ocrx_word' id='word_1_182' title='bbox 1655 1581 1704 1622; x_wconf 92' lang='lat' dir='ltr'>non</span> 
     </span>
     <span class='ocr_line' id='line_1_15' title="bbox 269 1655 1741 1728; baseline -0.005 -14"><span class='ocrx_word' id='word_1_183' title='bbox 269 1663 313 1714; x_wconf 89' lang='lat' dir='ltr'>est</span> <span class='ocrx_word' id='word_1_184' title='bbox 335 1655 501 1713; x_wconf 88' lang='lat' dir='ltr'>audiendus:</span> <span class='ocrx_word' id='word_1_185' title='bbox 527 1657 574 1725; x_wconf 86' lang='lat' dir='ltr'>qui</span> <span class='ocrx_word' id='word_1_186' title='bbox 597 1655 670 1710; x_wconf 88' lang='lat' dir='ltr'>anim</span> <span class='ocrx_word' id='word_1_187' title='bbox 693 1655 799 1724; x_wconf 81' lang='lat' dir='ltr'>accepit</span> <span class='ocrx_word' id='word_1_188' title='bbox 823 1655 1052 1728; x_wconf 72' lang='lat' dir='ltr'>satisfactionem,</span> <span class='ocrx_word' id='word_1_189' title='bbox 1075 1657 1200 1712; x_wconf 86' lang='lat' dir='ltr'>iniuriam</span> <span class='ocrx_word' id='word_1_190' title='bbox 1219 1663 1297 1714; x_wconf 83' lang='lat' dir='ltr'>auam</span> <span class='ocrx_word' id='word_1_191' title='bbox 1315 1657 1430 1712; x_wconf 82' lang='lat' dir='ltr'>remisit</span> <span class='ocrx_word' id='word_1_192' title='bbox 1462 1672 1528 1711; x_wconf 89' lang='lat' dir='ltr'>nam</span> <span class='ocrx_word' id='word_1_193' title='bbox 1548 1660 1577 1711; x_wconf 88' lang='lat' dir='ltr'>et</span> <span class='ocrx_word' id='word_1_194' title='bbox 1595 1656 1620 1712; x_wconf 87' lang='lat' dir='ltr'>si</span> <span class='ocrx_word' id='word_1_195' title='bbox 1637 1655 1704 1711; x_wconf 88' lang='lat' dir='ltr'>nuda</span> <span class='ocrx_word' id='word_1_196' title='bbox 1718 1664 1741 1706; x_wconf 78' lang='lat' dir='ltr'>ns</span> 
     </span>
     <span class='ocr_line' id='line_1_16' title="bbox 222 1741 1702 1815; baseline -0.002 -12"><span class='ocrx_word' id='word_1_197' title='bbox 222 1754 223 1758; x_wconf 77' lang='grc'>’</span> <span class='ocrx_word' id='word_1_198' title='bbox 268 1747 411 1804; x_wconf 88' lang='lat' dir='ltr'>uoluntate</span> <span class='ocrx_word' id='word_1_199' title='bbox 429 1745 554 1800; x_wconf 89' lang='lat' dir='ltr'>iniuriam</span> <span class='ocrx_word' id='word_1_200' title='bbox 573 1743 685 1812; x_wconf 87' lang='lat' dir='ltr'>remisit,</span> <span class='ocrx_word' id='word_1_201' title='bbox 703 1741 858 1799; x_wconf 87' lang='lat' dir='ltr'>indubitate</span> <span class='ocrx_word' id='word_1_202' title='bbox 872 1745 1018 1801; x_wconf 88' lang='lat' dir='ltr'>dicendum</span> <span class='ocrx_word' id='word_1_203' title='bbox 1032 1749 1075 1801; x_wconf 89' lang='lat' dir='ltr'>est</span> <span class='ocrx_word' id='word_1_204' title='bbox 1087 1745 1210 1815; x_wconf 77' lang='lat' dir='ltr'>extingui</span> <span class='ocrx_word' id='word_1_205' title='bbox 1222 1746 1381 1802; x_wconf 88' lang='lat' dir='ltr'>iniuriarum</span> <span class='ocrx_word' id='word_1_206' title='bbox 1393 1746 1531 1802; x_wconf 88' lang='lat' dir='ltr'>actionem</span> <span class='ocrx_word' id='word_1_207' title='bbox 1543 1759 1600 1801; x_wconf 92' lang='lat' dir='ltr'>non</span> <span class='ocrx_word' id='word_1_208' title='bbox 1613 1746 1702 1814; x_wconf 89' lang='lat' dir='ltr'>minus,</span> 
     </span>
     <span class='ocr_line' id='line_1_17' title="bbox 236 1829 1703 1906; baseline 0 -18"><span class='ocrx_word' id='word_1_209' title='bbox 236 1842 352 1906; x_wconf 70' lang='lat' dir='ltr'>¹irruam</span> <span class='ocrx_word' id='word_1_210' title='bbox 376 1834 400 1889; x_wconf 91' lang='lat' dir='ltr'>si</span> <span class='ocrx_word' id='word_1_211' title='bbox 423 1839 546 1903; x_wconf 88' lang='lat' dir='ltr'>tempore</span> <span class='ocrx_word' id='word_1_212' title='bbox 570 1830 674 1887; x_wconf 86' lang='lat' dir='ltr'>abolita</span> <span class='ocrx_word' id='word_1_213' title='bbox 696 1829 779 1886; x_wconf 85' lang='lat' dir='ltr'>luerit</span> <span class='ocrx_word' id='word_1_214' title='bbox 800 1833 907 1888; x_wconf 86' lang='lat' dir='ltr'>iniuria.</span> <span class='ocrx_word' id='word_1_215' title='bbox 945 1832 974 1890; x_wconf 85' lang='lat' dir='ltr'>Si</span> <span class='ocrx_word' id='word_1_216' title='bbox 998 1835 1074 1890; x_wconf 87' lang='lat' dir='ltr'>iussn</span> <span class='ocrx_word' id='word_1_217' title='bbox 1099 1833 1201 1890; x_wconf 91' lang='lat' dir='ltr'>domini</span> <span class='ocrx_word' id='word_1_218' title='bbox 1219 1849 1316 1890; x_wconf 90' lang='lat' dir='ltr'>seruus</span> <span class='ocrx_word' id='word_1_219' title='bbox 1333 1835 1461 1892; x_wconf 86' lang='lat' dir='ltr'>iniuriam</span> <span class='ocrx_word' id='word_1_220' title='bbox 1480 1832 1593 1903; x_wconf 86' lang='lat' dir='ltr'>iecerit,</span> <span class='ocrx_word' id='word_1_221' title='bbox 1616 1833 1703 1904; x_wconf 81' lang='lat' dir='ltr'>utique</span> 
     </span>
     <span class='ocr_line' id='line_1_18' title="bbox 269 1919 1703 1994; baseline -0.001 -16"><span class='ocrx_word' id='word_1_222' title='bbox 269 1924 397 1980; x_wconf 90' lang='lat' dir='ltr'>dominus</span> <span class='ocrx_word' id='word_1_223' title='bbox 414 1921 554 1977; x_wconf 91' lang='lat' dir='ltr'>conueniri</span> <span class='ocrx_word' id='word_1_224' title='bbox 566 1921 673 1988; x_wconf 81' lang='lat' dir='ltr'>,poterit</span> <span class='ocrx_word' id='word_1_225' title='bbox 690 1919 773 1974; x_wconf 91' lang='lat' dir='ltr'>etiam</span> <span class='ocrx_word' id='word_1_226' title='bbox 792 1936 843 1976; x_wconf 92' lang='lat' dir='ltr'>suo</span> <span class='ocrx_word' id='word_1_227' title='bbox 861 1923 979 1978; x_wconf 89' lang='lat' dir='ltr'>nomine.</span> <span class='ocrx_word' id='word_1_228' title='bbox 1007 1923 1057 1978; x_wconf 88' lang='lat' dir='ltr'>aed</span> <span class='ocrx_word' id='word_1_229' title='bbox 1074 1923 1099 1978; x_wconf 90' lang='lat' dir='ltr'>ai</span> <span class='ocrx_word' id='word_1_230' title='bbox 1116 1927 1285 1994; x_wconf 89' lang='lat' dir='ltr'>proponatur</span> <span class='ocrx_word' id='word_1_231' title='bbox 1296 1937 1394 1980; x_wconf 90' lang='lat' dir='ltr'>seruus</span> <span class='ocrx_word' id='word_1_232' title='bbox 1404 1923 1604 1992; x_wconf 89' lang='lat' dir='ltr'>manumissus,</span> <span class='ocrx_word' id='word_1_233' title='bbox 1621 1923 1703 1992; x_wconf 88' lang='lat' dir='ltr'>placet</span> 
     </span>
     <span class='ocr_line' id='line_1_19' title="bbox 268 2009 1701 2083; baseline 0 -17"><span class='ocrx_word' id='word_1_234' title='bbox 268 2010 391 2066; x_wconf 88' lang='lat' dir='ltr'>Labeoni</span> <span class='ocrx_word' id='word_1_235' title='bbox 409 2009 528 2066; x_wconf 88' lang='lat' dir='ltr'>dandam</span> <span class='ocrx_word' id='word_1_236' title='bbox 546 2011 575 2065; x_wconf 91' lang='lat' dir='ltr'>in</span> <span class='ocrx_word' id='word_1_237' title='bbox 593 2024 657 2064; x_wconf 92' lang='lat' dir='ltr'>eum</span> <span class='ocrx_word' id='word_1_238' title='bbox 675 2009 827 2080; x_wconf 90' lang='lat' dir='ltr'>actionem,</span> <span class='ocrx_word' id='word_1_239' title='bbox 845 2011 957 2079; x_wconf 77' lang='lat' dir='ltr'>uuiaet</span> <span class='ocrx_word' id='word_1_240' title='bbox 975 2025 1048 2067; x_wconf 84' lang='lat' dir='ltr'>noxa</span> <span class='ocrx_word' id='word_1_241' title='bbox 1065 2018 1150 2082; x_wconf 89' lang='lat' dir='ltr'>caput</span> <span class='ocrx_word' id='word_1_242' title='bbox 1166 2013 1290 2083; x_wconf 87' lang='lat' dir='ltr'>sequitur</span> <span class='ocrx_word' id='word_1_243' title='bbox 1312 2029 1363 2068; x_wconf 91' lang='lat' dir='ltr'>nec</span> <span class='ocrx_word' id='word_1_244' title='bbox 1384 2013 1414 2067; x_wconf 92' lang='lat' dir='ltr'>in</span> <span class='ocrx_word' id='word_1_245' title='bbox 1432 2012 1528 2068; x_wconf 90' lang='lat' dir='ltr'>omnia</span> <span class='ocrx_word' id='word_1_246' title='bbox 1545 2026 1645 2067; x_wconf 89' lang='lat' dir='ltr'>seruus</span> <span class='ocrx_word' id='word_1_247' title='bbox 1660 2011 1701 2066; x_wconf 86' lang='lat' dir='ltr'>do</span> 
     </span>
     <span class='ocr_line' id='line_1_20' title="bbox 235 2098 1738 2172; baseline 0.001 -17"><span class='ocrx_word' id='word_1_248' title='bbox 235 2109 249 2155; x_wconf 84' lang='lat' dir='ltr'>s</span> <span class='ocrx_word' id='word_1_249' title='bbox 269 2100 343 2155; x_wconf 92' lang='lat' dir='ltr'>mino</span> <span class='ocrx_word' id='word_1_250' title='bbox 361 2113 457 2170; x_wconf 89' lang='lat' dir='ltr'>parcre</span> <span class='ocrx_word' id='word_1_251' title='bbox 475 2098 572 2154; x_wconf 89' lang='lat' dir='ltr'>debet:</span> <span class='ocrx_word' id='word_1_252' title='bbox 596 2101 717 2154; x_wconf 87' lang='lat' dir='ltr'>ceterum</span> <span class='ocrx_word' id='word_1_253' title='bbox 737 2103 766 2153; x_wconf 88' lang='lat' dir='ltr'>et</span> <span class='ocrx_word' id='word_1_254' title='bbox 783 2099 808 2152; x_wconf 90' lang='lat' dir='ltr'>si</span> <span class='ocrx_word' id='word_1_255' title='bbox 826 2098 957 2154; x_wconf 88' lang='lat' dir='ltr'>occiderit</span> <span class='ocrx_word' id='word_1_256' title='bbox 973 2099 1051 2155; x_wconf 89' lang='lat' dir='ltr'>iussu</span> <span class='ocrx_word' id='word_1_257' title='bbox 1069 2099 1186 2172; x_wconf 89' lang='lat' dir='ltr'>domini,</span> <span class='ocrx_word' id='word_1_258' title='bbox 1205 2100 1330 2158; x_wconf 83' lang='lat' dir='ltr'>Cornelia</span> <span class='ocrx_word' id='word_1_259' title='bbox 1347 2115 1410 2156; x_wconf 90' lang='lat' dir='ltr'>eum</span> <span class='ocrx_word' id='word_1_260' title='bbox 1430 2101 1605 2156; x_wconf 51' lang='lat' dir='ltr'>eximamus.¹</span> <span class='ocrx_word' id='word_1_261' title='bbox 1627 2101 1701 2156; x_wconf 81' lang='lat' dir='ltr'>Plura</span> <span class='ocrx_word' id='word_1_262' title='bbox 1715 2109 1738 2150; x_wconf 77' lang='lat' dir='ltr'>tt</span> 
     </span>
     <span class='ocr_line' id='line_1_21' title="bbox 269 2185 1700 2264; baseline 0 -20"><span class='ocrx_word' id='word_1_263' title='bbox 269 2189 293 2244; x_wconf 91' lang='lat' dir='ltr'>si</span> <span class='ocrx_word' id='word_1_264' title='bbox 310 2187 476 2244; x_wconf 76' lang='lat' dir='ltr'>defendendi</span> <span class='ocrx_word' id='word_1_265' title='bbox 494 2187 597 2242; x_wconf 91' lang='lat' dir='ltr'>domiui</span> <span class='ocrx_word' id='word_1_266' title='bbox 614 2188 705 2264; x_wconf 76' lang='lat' dir='ltr'>gratia</span> <span class='ocrx_word' id='word_1_267' title='bbox 722 2187 826 2256; x_wconf 86' lang='lat' dir='ltr'>aliquid</span> <span class='ocrx_word' id='word_1_268' title='bbox 843 2185 953 2258; x_wconf 89' lang='lat' dir='ltr'>lecerit,</span> <span class='ocrx_word' id='word_1_269' title='bbox 976 2189 1109 2246; x_wconf 86' lang='lat' dir='ltr'>rationem</span> <span class='ocrx_word' id='word_1_270' title='bbox 1128 2191 1153 2246; x_wconf 91' lang='lat' dir='ltr'>ei</span> <span class='ocrx_word' id='word_1_271' title='bbox 1172 2195 1298 2246; x_wconf 88' lang='lat' dir='ltr'>constare</span> <span class='ocrx_word' id='word_1_272' title='bbox 1316 2193 1443 2260; x_wconf 87' lang='lat' dir='ltr'>apparet,</span> <span class='ocrx_word' id='word_1_273' title='bbox 1468 2190 1555 2259; x_wconf 90' lang='lat' dir='ltr'>inque</span> <span class='ocrx_word' id='word_1_274' title='bbox 1573 2205 1635 2245; x_wconf 77' lang='grc' dir='ltr'>οοιο</span> <span class='ocrx_word' id='word_1_275' title='bbox 1652 2203 1700 2244; x_wconf 89' lang='lat' dir='ltr'>ren</span> 
     </span>
    </p>
   </div>
   <div class='ocr_carea' id='block_1_4' title="bbox 116 2261 1700 2350">
    <p class='ocr_par' dir='ltr' id='par_1_4' title="bbox 116 2261 1700 2350">
     <span class='ocr_line' id='line_1_22' title="bbox 116 2261 1700 2350; baseline 0 -18"><span class='ocrx_word' id='word_1_276' title='bbox 116 2261 120 2270; x_wconf 74' lang='grc'>’</span> <span class='ocrx_word' id='word_1_277' title='bbox 235 2285 249 2332; x_wconf 84' lang='grc'>9</span> <span class='ocrx_word' id='word_1_278' title='bbox 268 2276 403 2332; x_wconf 69' lang='lat' dir='ltr'>adderam</span> <span class='ocrx_word' id='word_1_279' title='bbox 427 2279 555 2346; x_wconf 59' lang='lat' dir='ltr'>mentem</span> <span class='ocrx_word' id='word_1_280' title='bbox 574 2275 701 2346; x_wconf 79' lang='lat' dir='ltr'>exceptio</span> <span class='ocrx_word' id='word_1_281' title='bbox 719 2274 864 2330; x_wconf 89' lang='lat' dir='ltr'>obicienda</span> <span class='ocrx_word' id='word_1_282' title='bbox 882 2276 942 2332; x_wconf 89' lang='lat' dir='ltr'>erit.</span> <span class='ocrx_word' id='word_1_283' title='bbox 979 2275 1008 2332; x_wconf 86' lang='lat' dir='ltr'>Si</span> <span class='ocrx_word' id='word_1_284' title='bbox 1026 2292 1138 2349; x_wconf 74' lang='grc' dir='ltr'>οοτοοο,</span> <span class='ocrx_word' id='word_1_285' title='bbox 1161 2279 1190 2334; x_wconf 92' lang='lat' dir='ltr'>in</span> <span class='ocrx_word' id='word_1_286' title='bbox 1207 2295 1262 2350; x_wconf 84' lang='lat' dir='ltr'>quo</span> <span class='ocrx_word' id='word_1_287' title='bbox 1280 2293 1347 2335; x_wconf 89' lang='lat' dir='ltr'>usus</span> <span class='ocrx_word' id='word_1_288' title='bbox 1365 2277 1472 2334; x_wconf 79' lang='lat' dir='ltr'>fructus</span> <span class='ocrx_word' id='word_1_289' title='bbox 1490 2293 1572 2334; x_wconf 88' lang='lat' dir='ltr'>meus</span> <span class='ocrx_word' id='word_1_290' title='bbox 1590 2283 1647 2348; x_wconf 87' lang='lat' dir='ltr'>est,</span> <span class='ocrx_word' id='word_1_291' title='bbox 1667 2278 1700 2332; x_wconf 91' lang='lat' dir='ltr'>in·</span> 
     </span>
    </p>
   </div>
   <div class='ocr_carea' id='block_1_5' title="bbox 219 2363 1752 4496">
    <p class='ocr_par' dir='ltr' id='par_1_5' title="bbox 219 2363 1752 4496">
     <span class='ocr_line' id='line_1_23' title="bbox 268 2363 1700 2438; baseline 0 -17"><span class='ocrx_word' id='word_1_292' title='bbox 268 2367 366 2422; x_wconf 91' lang='lat' dir='ltr'>iuriam</span> <span class='ocrx_word' id='word_1_293' title='bbox 390 2363 455 2420; x_wconf 91' lang='lat' dir='ltr'>mibi</span> <span class='ocrx_word' id='word_1_294' title='bbox 466 2363 581 2436; x_wconf 79' lang='lat' dir='ltr'>&#39;leocrit,</span> <span class='ocrx_word' id='word_1_295' title='bbox 606 2363 740 2420; x_wconf 86' lang='lat' dir='ltr'>aduersus</span> <span class='ocrx_word' id='word_1_296' title='bbox 758 2363 898 2420; x_wconf 89' lang='lat' dir='ltr'>dominum</span> <span class='ocrx_word' id='word_1_297' title='bbox 917 2367 1009 2422; x_wconf 87' lang='lat' dir='ltr'>noxali</span> <span class='ocrx_word' id='word_1_298' title='bbox 1027 2367 1128 2424; x_wconf 91' lang='lat' dir='ltr'>iudicio</span> <span class='ocrx_word' id='word_1_299' title='bbox 1146 2363 1262 2438; x_wconf 83' lang='lat' dir='ltr'>experiri</span> <span class='ocrx_word' id='word_1_300' title='bbox 1280 2373 1390 2438; x_wconf 91' lang='lat' dir='ltr'>potero:</span> <span class='ocrx_word' id='word_1_301' title='bbox 1415 2381 1509 2436; x_wconf 85' lang='lat' dir='ltr'>nequo</span> <span class='ocrx_word' id='word_1_302' title='bbox 1526 2366 1618 2423; x_wconf 86' lang='lat' dir='ltr'>debeo</span> <span class='ocrx_word' id='word_1_303' title='bbox 1635 2366 1700 2422; x_wconf 84' lang='lat' dir='ltr'>deta</span> 
     </span>
     <span class='ocr_line' id='line_1_24' title="bbox 268 2452 1699 2528; baseline -0.001 -18"><span class='ocrx_word' id='word_1_304' title='bbox 268 2455 347 2511; x_wconf 91' lang='lat' dir='ltr'>ricris</span> <span class='ocrx_word' id='word_1_305' title='bbox 370 2453 538 2510; x_wconf 87' lang='lat' dir='ltr'>condicionis</span> <span class='ocrx_word' id='word_1_306' title='bbox 562 2452 598 2510; x_wconf 88' lang='lat' dir='ltr'>ob</span> <span class='ocrx_word' id='word_1_307' title='bbox 620 2453 673 2509; x_wconf 91' lang='lat' dir='ltr'>hoa</span> <span class='ocrx_word' id='word_1_308' title='bbox 696 2467 771 2523; x_wconf 88' lang='lat' dir='ltr'>csse,</span> <span class='ocrx_word' id='word_1_309' title='bbox 795 2453 870 2523; x_wconf 89' lang='lat' dir='ltr'>quod</span> <span class='ocrx_word' id='word_1_310' title='bbox 894 2469 973 2510; x_wconf 90' lang='lat' dir='ltr'>naum</span> <span class='ocrx_word' id='word_1_311' title='bbox 991 2453 1111 2511; x_wconf 87' lang='lat' dir='ltr'>fructum</span> <span class='ocrx_word' id='word_1_312' title='bbox 1128 2457 1156 2512; x_wconf 92' lang='lat' dir='ltr'>in</span> <span class='ocrx_word' id='word_1_313' title='bbox 1174 2471 1207 2513; x_wconf 91' lang='lat' dir='ltr'>eo</span> <span class='ocrx_word' id='word_1_314' title='bbox 1226 2456 1327 2527; x_wconf 91' lang='lat' dir='ltr'>habeo,</span> <span class='ocrx_word' id='word_1_315' title='bbox 1351 2471 1435 2528; x_wconf 89' lang='lat' dir='ltr'>quam</span> <span class='ocrx_word' id='word_1_316' title='bbox 1453 2455 1479 2511; x_wconf 92' lang='lat' dir='ltr'>si</span> <span class='ocrx_word' id='word_1_317' title='bbox 1496 2471 1553 2512; x_wconf 91' lang='lat' dir='ltr'>non</span> <span class='ocrx_word' id='word_1_318' title='bbox 1571 2455 1699 2512; x_wconf 87' lang='lat' dir='ltr'>haberem.</span> 
     </span>
     <span class='ocr_line' id='line_1_25' title="bbox 268 2543 1734 2616; baseline 0.001 -17"><span class='ocrx_word' id='word_1_319' title='bbox 268 2543 348 2600; x_wconf 89' lang='lat' dir='ltr'>aliter</span> <span class='ocrx_word' id='word_1_320' title='bbox 366 2547 449 2612; x_wconf 87' lang='lat' dir='ltr'>atque</span> <span class='ocrx_word' id='word_1_321' title='bbox 468 2543 492 2598; x_wconf 90' lang='lat' dir='ltr'>si</span> <span class='ocrx_word' id='word_1_322' title='bbox 510 2555 608 2597; x_wconf 88' lang='lat' dir='ltr'>seruus</span> <span class='ocrx_word' id='word_1_323' title='bbox 627 2543 779 2598; x_wconf 89' lang='lat' dir='ltr'>communis</span> <span class='ocrx_word' id='word_1_324' title='bbox 797 2547 884 2598; x_wconf 87' lang='lat' dir='ltr'>esset:</span> <span class='ocrx_word' id='word_1_325' title='bbox 902 2547 969 2599; x_wconf 89' lang='lat' dir='ltr'>tunc</span> <span class='ocrx_word' id='word_1_326' title='bbox 987 2545 1059 2599; x_wconf 89' lang='lat' dir='ltr'>enim</span> <span class='ocrx_word' id='word_1_327' title='bbox 1078 2560 1133 2600; x_wconf 90' lang='lat' dir='ltr'>non</span> <span class='ocrx_word' id='word_1_328' title='bbox 1151 2545 1279 2602; x_wconf 85' lang='lat' dir='ltr'>daremus</span> <span class='ocrx_word' id='word_1_329' title='bbox 1297 2545 1373 2602; x_wconf 88' lang='lat' dir='ltr'>socio</span> <span class='ocrx_word' id='word_1_330' title='bbox 1385 2545 1536 2616; x_wconf 86' lang='lat' dir='ltr'>actionem,</span> <span class='ocrx_word' id='word_1_331' title='bbox 1554 2549 1698 2616; x_wconf 80' lang='lat' dir='ltr'>eapropter,</span> <span class='ocrx_word' id='word_1_332' title='bbox 1713 2551 1734 2592; x_wconf 75' lang='lat' dir='ltr'>tt</span> 
     </span>
     <span class='ocr_line' id='line_1_26' title="bbox 220 2631 1698 2706; baseline 0.001 -20"><span class='ocrx_word' id='word_1_333' title='bbox 220 2640 250 2688; x_wconf 85' lang='lat' dir='ltr'>lo</span> <span class='ocrx_word' id='word_1_334' title='bbox 269 2633 334 2702; x_wconf 84' lang='lat' dir='ltr'>qnia</span> <span class='ocrx_word' id='word_1_335' title='bbox 352 2638 380 2688; x_wconf 91' lang='lat' dir='ltr'>et</span> <span class='ocrx_word' id='word_1_336' title='bbox 398 2633 458 2701; x_wconf 88' lang='lat' dir='ltr'>ipsc</span> <span class='ocrx_word' id='word_1_337' title='bbox 475 2632 634 2686; x_wconf 89' lang='lat' dir='ltr'>iniuriarum</span> <span class='ocrx_word' id='word_1_338' title='bbox 653 2632 761 2687; x_wconf 89' lang='lat' dir='ltr'>actione</span> <span class='ocrx_word' id='word_1_339' title='bbox 778 2635 896 2686; x_wconf 86' lang='lat' dir='ltr'>tenetur.</span> <span class='ocrx_word' id='word_1_340' title='bbox 933 2631 982 2688; x_wconf 87' lang='lat' dir='ltr'>Ait</span> <span class='ocrx_word' id='word_1_341' title='bbox 999 2639 1120 2703; x_wconf 86' lang='lat' dir='ltr'>praetor:</span> <span class='ocrx_word' id='word_1_342' title='bbox 1140 2633 1178 2690; x_wconf 81' lang='lat' dir='ltr'>&#39;Si</span> <span class='ocrx_word' id='word_1_343' title='bbox 1196 2635 1230 2705; x_wconf 91' lang='lat' dir='ltr'>ei,</span> <span class='ocrx_word' id='word_1_344' title='bbox 1248 2635 1341 2706; x_wconf 89' lang='lat' dir='ltr'>quiin</span> <span class='ocrx_word' id='word_1_345' title='bbox 1359 2634 1473 2690; x_wconf 82' lang='lat' dir='ltr'>alterins</span> <span class='ocrx_word' id='word_1_346' title='bbox 1491 2639 1633 2705; x_wconf 85' lang='lat' dir='ltr'>potestate</span> <span class='ocrx_word' id='word_1_347' title='bbox 1650 2635 1698 2702; x_wconf 85' lang='lat' dir='ltr'>erit,</span> 
     </span>
     <span class='ocr_line' id='line_1_27' title="bbox 268 2719 1698 2795; baseline 0.001 -18"><span class='ocrx_word' id='word_1_348' title='bbox 268 2721 375 2777; x_wconf 85' lang='lat' dir='ltr'>‘iniuria</span> <span class='ocrx_word' id='word_1_349' title='bbox 392 2719 467 2775; x_wconf 86' lang='lat' dir='ltr'>lacta</span> <span class='ocrx_word' id='word_1_350' title='bbox 484 2735 546 2776; x_wconf 88' lang='lat' dir='ltr'>esse</span> <span class='ocrx_word' id='word_1_351' title='bbox 565 2720 672 2776; x_wconf 89' lang='lat' dir='ltr'>dicetur</span> <span class='ocrx_word' id='word_1_352' title='bbox 689 2725 718 2776; x_wconf 89' lang='lat' dir='ltr'>et</span> <span class='ocrx_word' id='word_1_353' title='bbox 735 2735 824 2790; x_wconf 89' lang='lat' dir='ltr'>neque</span> <span class='ocrx_word' id='word_1_354' title='bbox 841 2719 880 2790; x_wconf 87' lang='lat' dir='ltr'>is,</span> <span class='ocrx_word' id='word_1_355' title='bbox 905 2721 983 2777; x_wconf 91' lang='lat' dir='ltr'>cuius</span> <span class='ocrx_word' id='word_1_356' title='bbox 1001 2723 1029 2777; x_wconf 92' lang='lat' dir='ltr'>in</span> <span class='ocrx_word' id='word_1_357' title='bbox 1047 2727 1185 2792; x_wconf 86' lang='lat' dir='ltr'>potestate</span> <span class='ocrx_word' id='word_1_358' title='bbox 1203 2728 1261 2794; x_wconf 87' lang='lat' dir='ltr'>est,</span> <span class='ocrx_word' id='word_1_359' title='bbox 1280 2737 1412 2794; x_wconf 86' lang='lat' dir='ltr'>praescus</span> <span class='ocrx_word' id='word_1_360' title='bbox 1430 2723 1485 2778; x_wconf 92' lang='lat' dir='ltr'>crit</span> <span class='ocrx_word' id='word_1_361' title='bbox 1503 2739 1597 2794; x_wconf 87' lang='lat' dir='ltr'>neque</span> <span class='ocrx_word' id='word_1_362' title='bbox 1614 2737 1698 2795; x_wconf 89' lang='lat' dir='ltr'>procu·</span> 
     </span>
     <span class='ocr_line' id='line_1_28' title="bbox 270 2809 1698 2884; baseline 0.001 -18"><span class='ocrx_word' id='word_1_363' title='bbox 270 2809 352 2866; x_wconf 89' lang='lat' dir='ltr'>&#39;rator</span> <span class='ocrx_word' id='word_1_364' title='bbox 374 2810 519 2880; x_wconf 83' lang='lat' dir='ltr'>quisquam</span> <span class='ocrx_word' id='word_1_365' title='bbox 544 2809 658 2879; x_wconf 86' lang='lat' dir='ltr'>existat,</span> <span class='ocrx_word' id='word_1_366' title='bbox 683 2810 730 2879; x_wconf 85' lang='lat' dir='ltr'>qui</span> <span class='ocrx_word' id='word_1_367' title='bbox 751 2823 784 2865; x_wconf 88' lang='lat' dir='ltr'>eo</span> <span class='ocrx_word' id='word_1_368' title='bbox 802 2810 912 2865; x_wconf 92' lang='lat' dir='ltr'>nomine</span> <span class='ocrx_word' id='word_1_369' title='bbox 931 2813 1011 2879; x_wconf 79' lang='lat' dir='ltr'>agat:</span> <span class='ocrx_word' id='word_1_370' title='bbox 1034 2825 1118 2866; x_wconf 89' lang='lat' dir='ltr'>cansa</span> <span class='ocrx_word' id='word_1_371' title='bbox 1136 2813 1248 2882; x_wconf 74' lang='lat' dir='ltr'>cognita</span> <span class='ocrx_word' id='word_1_372' title='bbox 1264 2812 1331 2883; x_wconf 89' lang='lat' dir='ltr'>ipsi,</span> <span class='ocrx_word' id='word_1_373' title='bbox 1355 2813 1403 2882; x_wconf 86' lang='lat' dir='ltr'>qui</span> <span class='ocrx_word' id='word_1_374' title='bbox 1419 2812 1551 2868; x_wconf 90' lang='lat' dir='ltr'>iniuriam</span> <span class='ocrx_word' id='word_1_375' title='bbox 1570 2815 1698 2884; x_wconf 83' lang='lat' dir='ltr'>accepisse</span> 
     </span>
     <span class='ocr_line' id='line_1_29' title="bbox 220 2895 1697 2973; baseline 0.003 -21"><span class='ocrx_word' id='word_1_376' title='bbox 220 2907 248 2953; x_wconf 92' lang='lat'>11</span> <span class='ocrx_word' id='word_1_377' title='bbox 269 2899 391 2968; x_wconf 80' lang='lat' dir='ltr'>dicetur,</span> <span class='ocrx_word' id='word_1_378' title='bbox 409 2898 538 2954; x_wconf 90' lang='lat' dir='ltr'>indicium</span> <span class='ocrx_word' id='word_1_379' title='bbox 558 2895 647 2954; x_wconf 90' lang='lat' dir='ltr'>dabo&#39;.</span> <span class='ocrx_word' id='word_1_380' title='bbox 684 2897 754 2954; x_wconf 81' lang='lat' dir='ltr'>Filio</span> <span class='ocrx_word' id='word_1_381' title='bbox 772 2895 889 2954; x_wconf 81' lang='lat' dir='ltr'>familias</span> <span class='ocrx_word' id='word_1_382' title='bbox 907 2899 1032 2954; x_wconf 90' lang='lat' dir='ltr'>iniuriam</span> <span class='ocrx_word' id='word_1_383' title='bbox 1050 2915 1142 2971; x_wconf 89' lang='lat' dir='ltr'>passo,</span> <span class='ocrx_word' id='word_1_384' title='bbox 1164 2901 1188 2956; x_wconf 90' lang='lat' dir='ltr'>si</span> <span class='ocrx_word' id='word_1_385' title='bbox 1206 2913 1337 2971; x_wconf 88' lang='lat' dir='ltr'>praesens</span> <span class='ocrx_word' id='word_1_386' title='bbox 1353 2902 1389 2956; x_wconf 81' lang='lat' dir='ltr'>ait</span> <span class='ocrx_word' id='word_1_387' title='bbox 1405 2906 1496 2972; x_wconf 87' lang='lat' dir='ltr'>pater,</span> <span class='ocrx_word' id='word_1_388' title='bbox 1515 2917 1602 2973; x_wconf 74' lang='lat' dir='ltr'>agere</span> <span class='ocrx_word' id='word_1_389' title='bbox 1618 2909 1697 2958; x_wconf 87' lang='lat' dir='ltr'>tamen</span> 
     </span>
     <span class='ocr_line' id='line_1_30' title="bbox 268 2975 1729 3061; baseline 0.003 -18"><span class='ocrx_word' id='word_1_390' title='bbox 268 3003 324 3043; x_wconf 91' lang='lat' dir='ltr'>non</span> <span class='ocrx_word' id='word_1_391' title='bbox 344 2988 433 3058; x_wconf 87' lang='lat' dir='ltr'>possit</span> <span class='ocrx_word' id='word_1_392' title='bbox 449 2991 562 3058; x_wconf 89' lang='lat' dir='ltr'>propter</span> <span class='ocrx_word' id='word_1_393' title='bbox 579 2985 698 3042; x_wconf 83' lang='lat' dir='ltr'>furorem</span> <span class='ocrx_word' id='word_1_394' title='bbox 716 2986 762 3041; x_wconf 91' lang='lat' dir='ltr'>nel</span> <span class='ocrx_word' id='word_1_395' title='bbox 780 3001 862 3056; x_wconf 88' lang='lat' dir='ltr'>quem</span> <span class='ocrx_word' id='word_1_396' title='bbox 880 2987 963 3043; x_wconf 90' lang='lat' dir='ltr'>alium</span> <span class='ocrx_word' id='word_1_397' title='bbox 982 3003 1076 3044; x_wconf 91' lang='lat' dir='ltr'>casum</span> <span class='ocrx_word' id='word_1_398' title='bbox 1095 2988 1262 3060; x_wconf 88' lang='lat' dir='ltr'>dementiae,</span> <span class='ocrx_word' id='word_1_399' title='bbox 1286 2975 1353 3061; x_wconf 85' lang='lat' dir='ltr'>puto</span> <span class='ocrx_word' id='word_1_400' title='bbox 1371 2997 1533 3060; x_wconf 86' lang='lat' dir='ltr'>competere</span> <span class='ocrx_word' id='word_1_401' title='bbox 1550 2992 1696 3047; x_wconf 80' lang='lat' dir='ltr'>iniuriarum</span> <span class='ocrx_word' id='word_1_402' title='bbox 1709 2995 1729 3034; x_wconf 76' lang='lat'>⁸*</span> 
     </span>
     <span class='ocr_line' id='line_1_31' title="bbox 220 3073 1695 3166; baseline 0.004 -36"><span class='ocrx_word' id='word_1_403' title='bbox 220 3085 250 3130; x_wconf 75' lang='lat'>12</span> <span class='ocrx_word' id='word_1_404' title='bbox 268 3077 418 3132; x_wconf 87' lang='lat' dir='ltr'>actionem:</span> <span class='ocrx_word' id='word_1_405' title='bbox 436 3093 500 3131; x_wconf 88' lang='lat' dir='ltr'>nam</span> <span class='ocrx_word' id='word_1_406' title='bbox 518 3081 547 3132; x_wconf 91' lang='lat' dir='ltr'>et</span> <span class='ocrx_word' id='word_1_407' title='bbox 564 3075 609 3130; x_wconf 87' lang='lat' dir='ltr'>hic</span> <span class='ocrx_word' id='word_1_408' title='bbox 626 3079 706 3146; x_wconf 85' lang='lat' dir='ltr'>pater</span> <span class='ocrx_word' id='word_1_409' title='bbox 723 3075 782 3130; x_wconf 90' lang='lat' dir='ltr'>eius</span> <span class='ocrx_word' id='word_1_410' title='bbox 800 3074 924 3132; x_wconf 87' lang='lat' dir='ltr'>absentis</span> <span class='ocrx_word' id='word_1_411' title='bbox 941 3077 1002 3134; x_wconf 93' lang='lat' dir='ltr'>loco</span> <span class='ocrx_word' id='word_1_412' title='bbox 1020 3083 1072 3134; x_wconf 90' lang='lat' dir='ltr'>cst.</span> <span class='ocrx_word' id='word_1_413' title='bbox 1099 3079 1184 3134; x_wconf 86' lang='lat' dir='ltr'>Plane</span> <span class='ocrx_word' id='word_1_414' title='bbox 1201 3079 1226 3133; x_wconf 92' lang='lat' dir='ltr'>si</span> <span class='ocrx_word' id='word_1_415' title='bbox 1243 3093 1374 3150; x_wconf 86' lang='lat' dir='ltr'>praesens</span> <span class='ocrx_word' id='word_1_416' title='bbox 1390 3093 1476 3148; x_wconf 79' lang='lat' dir='ltr'>agere</span> <span class='ocrx_word' id='word_1_417' title='bbox 1489 3081 1569 3150; x_wconf 89' lang='lat' dir='ltr'>nolit,</span> <span class='ocrx_word' id='word_1_418' title='bbox 1588 3073 1695 3166; x_wconf 69' lang='grc' dir='ltr'>[ορᾟ</span> 
     </span>
     <span class='ocr_line' id='line_1_32' title="bbox 269 3153 1695 3238; baseline 0.002 -17"><span class='ocrx_word' id='word_1_419' title='bbox 269 3167 313 3222; x_wconf 93' lang='lat' dir='ltr'>uel</span> <span class='ocrx_word' id='word_1_420' title='bbox 331 3166 396 3236; x_wconf 90' lang='lat' dir='ltr'>qnia</span> <span class='ocrx_word' id='word_1_421' title='bbox 414 3164 506 3220; x_wconf 82' lang='lat' dir='ltr'>differt</span> <span class='ocrx_word' id='word_1_422' title='bbox 523 3165 568 3220; x_wconf 89' lang='lat' dir='ltr'>nel</span> <span class='ocrx_word' id='word_1_423' title='bbox 585 3165 651 3234; x_wconf 86' lang='lat' dir='ltr'>qnia</span> <span class='ocrx_word' id='word_1_424' title='bbox 668 3163 784 3220; x_wconf 87' lang='lat' dir='ltr'>remittit</span> <span class='ocrx_word' id='word_1_425' title='bbox 801 3167 884 3234; x_wconf 86' lang='lat' dir='ltr'>atque</span> <span class='ocrx_word' id='word_1_426' title='bbox 902 3164 988 3221; x_wconf 90' lang='lat' dir='ltr'>donat</span> <span class='ocrx_word' id='word_1_427' title='bbox 1005 3167 1140 3237; x_wconf 91' lang='lat' dir='ltr'>iniuriam,</span> <span class='ocrx_word' id='word_1_428' title='bbox 1159 3167 1248 3237; x_wconf 79' lang='lat' dir='ltr'>magis</span> <span class='ocrx_word' id='word_1_429' title='bbox 1265 3172 1317 3238; x_wconf 91' lang='lat' dir='ltr'>est,</span> <span class='ocrx_word' id='word_1_430' title='bbox 1336 3172 1367 3222; x_wconf 88' lang='lat' dir='ltr'>ut</span> <span class='ocrx_word' id='word_1_431' title='bbox 1383 3165 1441 3223; x_wconf 88' lang='lat' dir='ltr'>filio</span> <span class='ocrx_word' id='word_1_432' title='bbox 1459 3169 1536 3224; x_wconf 86' lang='lat' dir='ltr'>actio</span> <span class='ocrx_word' id='word_1_433' title='bbox 1548 3153 1695 3225; x_wconf 58' lang='lat' dir='ltr'>noceam}</span> 
     </span>
     <span class='ocr_line' id='line_1_33' title="bbox 268 3251 1695 3326; baseline 0.001 -15"><span class='ocrx_word' id='word_1_434' title='bbox 268 3271 332 3312; x_wconf 88' lang='lat' dir='ltr'>nam</span> <span class='ocrx_word' id='word_1_435' title='bbox 352 3260 459 3310; x_wconf 91' lang='lat' dir='ltr'>etcum</span> <span class='ocrx_word' id='word_1_436' title='bbox 479 3253 566 3324; x_wconf 88' lang='lat' dir='ltr'>abest,</span> <span class='ocrx_word' id='word_1_437' title='bbox 584 3253 686 3309; x_wconf 91' lang='lat' dir='ltr'>idcirco</span> <span class='ocrx_word' id='word_1_438' title='bbox 704 3252 787 3307; x_wconf 85' lang='lat' dir='ltr'>datur</span> <span class='ocrx_word' id='word_1_439' title='bbox 803 3251 859 3308; x_wconf 90' lang='lat' dir='ltr'>filio</span> <span class='ocrx_word' id='word_1_440' title='bbox 877 3256 958 3326; x_wconf 90' lang='lat' dir='ltr'>actio,</span> <span class='ocrx_word' id='word_1_441' title='bbox 977 3257 1043 3326; x_wconf 88' lang='lat' dir='ltr'>quia</span> <span class='ocrx_word' id='word_1_442' title='bbox 1059 3256 1207 3311; x_wconf 88' lang='lat' dir='ltr'>uerisimile</span> <span class='ocrx_word' id='word_1_443' title='bbox 1225 3260 1268 3310; x_wconf 90' lang='lat' dir='ltr'>cst</span> <span class='ocrx_word' id='word_1_444' title='bbox 1286 3260 1402 3326; x_wconf 87' lang='lat' dir='ltr'>patrem,</span> <span class='ocrx_word' id='word_1_445' title='bbox 1420 3256 1445 3311; x_wconf 91' lang='lat' dir='ltr'>si</span> <span class='ocrx_word' id='word_1_446' title='bbox 1456 3271 1594 3326; x_wconf 87' lang='lat' dir='ltr'>praesens</span> <span class='ocrx_word' id='word_1_447' title='bbox 1605 3257 1695 3324; x_wconf 78' lang='lat' dir='ltr'>iniust,</span> 
     </span>
     <span class='ocr_line' id='line_1_34' title="bbox 221 3341 1694 3416; baseline 0.002 -20"><span class='ocrx_word' id='word_1_448' title='bbox 221 3351 250 3397; x_wconf 77' lang='lat'>18</span> <span class='ocrx_word' id='word_1_449' title='bbox 269 3350 394 3400; x_wconf 90' lang='lat' dir='ltr'>acturum</span> <span class='ocrx_word' id='word_1_450' title='bbox 417 3343 512 3399; x_wconf 85' lang='lat' dir='ltr'>luisse.</span> <span class='ocrx_word' id='word_1_451' title='bbox 547 3341 688 3398; x_wconf 88' lang='lat' dir='ltr'>Interdum</span> <span class='ocrx_word' id='word_1_452' title='bbox 711 3345 805 3397; x_wconf 64' lang='lat' dir='ltr'>nmen</span> <span class='ocrx_word' id='word_1_453' title='bbox 824 3347 956 3412; x_wconf 90' lang='lat' dir='ltr'>putamus</span> <span class='ocrx_word' id='word_1_454' title='bbox 979 3350 1008 3400; x_wconf 90' lang='lat' dir='ltr'>et</span> <span class='ocrx_word' id='word_1_455' title='bbox 1025 3345 1049 3400; x_wconf 93' lang='lat' dir='ltr'>si</span> <span class='ocrx_word' id='word_1_456' title='bbox 1067 3353 1142 3415; x_wconf 74' lang='lat' dir='ltr'>pater</span> <span class='ocrx_word' id='word_1_457' title='bbox 1159 3345 1294 3416; x_wconf 90' lang='lat' dir='ltr'>remittat,</span> <span class='ocrx_word' id='word_1_458' title='bbox 1317 3344 1479 3400; x_wconf 85' lang='lat' dir='ltr'>iniuriarum</span> <span class='ocrx_word' id='word_1_459' title='bbox 1498 3347 1637 3402; x_wconf 85' lang='lat' dir='ltr'>actionem</span> <span class='ocrx_word' id='word_1_460' title='bbox 1653 3345 1694 3401; x_wconf 87' lang='lat' dir='ltr'>lio</span> 
     </span>
     <span class='ocr_line' id='line_1_35' title="bbox 269 3431 1724 3506; baseline 0 -16"><span class='ocrx_word' id='word_1_461' title='bbox 269 3434 397 3504; x_wconf 88' lang='lat' dir='ltr'>dandam,</span> <span class='ocrx_word' id='word_1_462' title='bbox 416 3435 533 3502; x_wconf 88' lang='lat' dir='ltr'>utputa</span> <span class='ocrx_word' id='word_1_463' title='bbox 550 3431 574 3486; x_wconf 91' lang='lat' dir='ltr'>si</span> <span class='ocrx_word' id='word_1_464' title='bbox 592 3431 678 3501; x_wconf 88' lang='lat' dir='ltr'>patris</span> <span class='ocrx_word' id='word_1_465' title='bbox 696 3445 814 3501; x_wconf 90' lang='lat' dir='ltr'>persona</span> <span class='ocrx_word' id='word_1_466' title='bbox 825 3431 887 3487; x_wconf 88' lang='lat' dir='ltr'>nilis</span> <span class='ocrx_word' id='word_1_467' title='bbox 900 3431 1062 3504; x_wconf 85' lang='lat' dir='ltr'>abiectaque</span> <span class='ocrx_word' id='word_1_468' title='bbox 1074 3434 1119 3501; x_wconf 88' lang='lat' dir='ltr'>sit,</span> <span class='ocrx_word' id='word_1_469' title='bbox 1136 3431 1185 3490; x_wconf 84' lang='lat' dir='ltr'>filii</span> <span class='ocrx_word' id='word_1_470' title='bbox 1195 3433 1324 3489; x_wconf 90' lang='lat' dir='ltr'>honesta:</span> <span class='ocrx_word' id='word_1_471' title='bbox 1344 3435 1523 3503; x_wconf 88' lang='lat' dir='ltr'>nequeenim</span> <span class='ocrx_word' id='word_1_472' title='bbox 1536 3433 1724 3506; x_wconf 74' lang='lat' dir='ltr'>debatpater*⁵</span> 
     </span>
     <span class='ocr_line' id='line_1_36' title="bbox 268 3519 1693 3595; baseline -0.003 -15"><span class='ocrx_word' id='word_1_473' title='bbox 268 3523 417 3580; x_wconf 83' lang='lat' dir='ltr'>uilissimos</span> <span class='ocrx_word' id='word_1_474' title='bbox 434 3520 483 3576; x_wconf 90' lang='lat' dir='ltr'>filii</span> <span class='ocrx_word' id='word_1_475' title='bbox 501 3521 543 3576; x_wconf 92' lang='lat' dir='ltr'>sui</span> <span class='ocrx_word' id='word_1_476' title='bbox 562 3520 754 3576; x_wconf 86' lang='lat' dir='ltr'>contumeliam</span> <span class='ocrx_word' id='word_1_477' title='bbox 774 3519 809 3575; x_wconf 91' lang='lat' dir='ltr'>ad</span> <span class='ocrx_word' id='word_1_478' title='bbox 827 3535 906 3576; x_wconf 87' lang='lat' dir='ltr'>sunm</span> <span class='ocrx_word' id='word_1_479' title='bbox 925 3523 1058 3578; x_wconf 90' lang='lat' dir='ltr'>uilitatem</span> <span class='ocrx_word' id='word_1_480' title='bbox 1077 3523 1176 3578; x_wconf 88' lang='lat' dir='ltr'>metiri.</span> <span class='ocrx_word' id='word_1_481' title='bbox 1206 3535 1341 3594; x_wconf 68' lang='lat' dir='ltr'>muamus</span> <span class='ocrx_word' id='word_1_482' title='bbox 1358 3537 1421 3578; x_wconf 87' lang='lat' dir='ltr'>esse</span> <span class='ocrx_word' id='word_1_483' title='bbox 1439 3537 1505 3578; x_wconf 90' lang='lat' dir='ltr'>eum</span> <span class='ocrx_word' id='word_1_484' title='bbox 1524 3529 1646 3595; x_wconf 89' lang='lat' dir='ltr'>patrem,</span> <span class='ocrx_word' id='word_1_485' title='bbox 1661 3520 1693 3578; x_wconf 88' lang='lat' dir='ltr'>oni</span> 
     </span>
     <span class='ocr_line' id='line_1_37' title="bbox 220 3609 1692 3684; baseline 0.001 -21"><span class='ocrx_word' id='word_1_486' title='bbox 220 3617 250 3664; x_wconf 78' lang='lat'>14</span> <span class='ocrx_word' id='word_1_487' title='bbox 267 3611 326 3668; x_wconf 90' lang='lat' dir='ltr'>inre</span> <span class='ocrx_word' id='word_1_488' title='bbox 345 3611 496 3680; x_wconf 88' lang='lat' dir='ltr'>meritoque</span> <span class='ocrx_word' id='word_1_489' title='bbox 514 3614 623 3664; x_wconf 90' lang='lat' dir='ltr'>curator</span> <span class='ocrx_word' id='word_1_490' title='bbox 641 3623 658 3664; x_wconf 88' lang='lat' dir='ltr'>a</span> <span class='ocrx_word' id='word_1_491' title='bbox 675 3613 801 3679; x_wconf 88' lang='lat' dir='ltr'>praetore</span> <span class='ocrx_word' id='word_1_492' title='bbox 820 3609 1039 3666; x_wconf 89' lang='lat' dir='ltr'>constitueretur.</span> <span class='ocrx_word' id='word_1_493' title='bbox 1070 3609 1125 3666; x_wconf 83' lang='lat' dir='ltr'>Sed</span> <span class='ocrx_word' id='word_1_494' title='bbox 1144 3612 1168 3667; x_wconf 90' lang='lat' dir='ltr'>ai</span> <span class='ocrx_word' id='word_1_495' title='bbox 1185 3615 1264 3682; x_wconf 88' lang='lat' dir='ltr'>pater</span> <span class='ocrx_word' id='word_1_496' title='bbox 1279 3611 1328 3667; x_wconf 88' lang='lat' dir='ltr'>lite</span> <span class='ocrx_word' id='word_1_497' title='bbox 1345 3615 1506 3668; x_wconf 60' lang='lat' dir='ltr'>contem</span> <span class='ocrx_word' id='word_1_498' title='bbox 1523 3614 1645 3684; x_wconf 87' lang='lat' dir='ltr'>coeperit</span> <span class='ocrx_word' id='word_1_499' title='bbox 1659 3609 1692 3667; x_wconf 80' lang='lat' dir='ltr'>ab</span> 
     </span>
     <span class='ocr_line' id='line_1_38' title="bbox 268 3698 1692 3772; baseline -0.003 -14"><span class='ocrx_word' id='word_1_500' title='bbox 268 3715 329 3758; x_wconf 86' lang='lat' dir='ltr'>csse</span> <span class='ocrx_word' id='word_1_501' title='bbox 352 3701 397 3756; x_wconf 91' lang='lat' dir='ltr'>uel</span> <span class='ocrx_word' id='word_1_502' title='bbox 421 3699 503 3754; x_wconf 91' lang='lat' dir='ltr'>etiam</span> <span class='ocrx_word' id='word_1_503' title='bbox 525 3699 669 3768; x_wconf 75' lang='lat' dir='ltr'>neclegens</span> <span class='ocrx_word' id='word_1_504' title='bbox 687 3698 876 3754; x_wconf 86' lang='lat' dir='ltr'>executionem</span> <span class='ocrx_word' id='word_1_505' title='bbox 895 3703 974 3769; x_wconf 89' lang='lat' dir='ltr'>pater</span> <span class='ocrx_word' id='word_1_506' title='bbox 991 3699 1068 3770; x_wconf 89' lang='lat' dir='ltr'>nilis,</span> <span class='ocrx_word' id='word_1_507' title='bbox 1093 3698 1240 3756; x_wconf 88' lang='lat' dir='ltr'>dicendum</span> <span class='ocrx_word' id='word_1_508' title='bbox 1258 3705 1302 3756; x_wconf 89' lang='lat' dir='ltr'>est</span> <span class='ocrx_word' id='word_1_509' title='bbox 1318 3713 1405 3757; x_wconf 87' lang='lat' dir='ltr'>causa</span> <span class='ocrx_word' id='word_1_510' title='bbox 1422 3701 1539 3772; x_wconf 81' lang='lat' dir='ltr'>cognita</span> <span class='ocrx_word' id='word_1_511' title='bbox 1555 3700 1692 3758; x_wconf 79' lang='lat' dir='ltr'>trmslalio·</span> 
     </span>
     <span class='ocr_line' id='line_1_39' title="bbox 220 3786 1692 3862; baseline 0.003 -22"><span class='ocrx_word' id='word_1_512' title='bbox 220 3795 248 3842; x_wconf 80' lang='grc'>11</span> <span class='ocrx_word' id='word_1_513' title='bbox 266 3805 330 3846; x_wconf 91' lang='lat' dir='ltr'>nem</span> <span class='ocrx_word' id='word_1_514' title='bbox 353 3787 409 3844; x_wconf 87' lang='lat' dir='ltr'>lilio</span> <span class='ocrx_word' id='word_1_515' title='bbox 427 3792 592 3858; x_wconf 89' lang='lat' dir='ltr'>competere.</span> <span class='ocrx_word' id='word_1_516' title='bbox 622 3786 695 3842; x_wconf 89' lang='lat' dir='ltr'>idem</span> <span class='ocrx_word' id='word_1_517' title='bbox 714 3795 743 3842; x_wconf 89' lang='lat' dir='ltr'>et</span> <span class='ocrx_word' id='word_1_518' title='bbox 760 3787 783 3842; x_wconf 88' lang='lat' dir='ltr'>ai</span> <span class='ocrx_word' id='word_1_519' title='bbox 801 3788 989 3857; x_wconf 88' lang='lat' dir='ltr'>emancipatus</span> <span class='ocrx_word' id='word_1_520' title='bbox 1006 3787 1079 3844; x_wconf 89' lang='lat' dir='ltr'>filius</span> <span class='ocrx_word' id='word_1_521' title='bbox 1097 3803 1159 3844; x_wconf 90' lang='lat' dir='ltr'>esse</span> <span class='ocrx_word' id='word_1_522' title='bbox 1177 3793 1354 3860; x_wconf 85' lang='lat' dir='ltr'>proponatur.</span> <span class='ocrx_word' id='word_1_523' title='bbox 1390 3789 1604 3847; x_wconf 85' lang='lat' dir='ltr'>Procuratorem</span> <span class='ocrx_word' id='word_1_524' title='bbox 1622 3787 1692 3862; x_wconf 83' lang='lat' dir='ltr'>patr&#39;o</span> 
     </span>
     <span class='ocr_line' id='line_1_40' title="bbox 266 3875 1721 3950; baseline 0.001 -17"><span class='ocrx_word' id='word_1_525' title='bbox 266 3879 397 3950; x_wconf 89' lang='lat' dir='ltr'>praetulit</span> <span class='ocrx_word' id='word_1_526' title='bbox 413 3882 524 3948; x_wconf 88' lang='lat' dir='ltr'>praetor</span> <span class='ocrx_word' id='word_1_527' title='bbox 541 3877 608 3948; x_wconf 91' lang='lat' dir='ltr'>ipsis</span> <span class='ocrx_word' id='word_1_528' title='bbox 625 3877 758 3947; x_wconf 87' lang='lat' dir='ltr'>personis,</span> <span class='ocrx_word' id='word_1_529' title='bbox 777 3891 849 3946; x_wconf 84' lang='lat' dir='ltr'>quas</span> <span class='ocrx_word' id='word_1_530' title='bbox 867 3875 994 3932; x_wconf 90' lang='lat' dir='ltr'>iniuriam</span> <span class='ocrx_word' id='word_1_531' title='bbox 1011 3891 1111 3946; x_wconf 88' lang='lat' dir='ltr'>passae</span> <span class='ocrx_word' id='word_1_532' title='bbox 1129 3883 1203 3934; x_wconf 92' lang='lat' dir='ltr'>sunt.</span> <span class='ocrx_word' id='word_1_533' title='bbox 1230 3879 1254 3934; x_wconf 94' lang='lat' dir='ltr'>si</span> <span class='ocrx_word' id='word_1_534' title='bbox 1271 3883 1364 3934; x_wconf 66' lang='lat' dir='ltr'>umen</span> <span class='ocrx_word' id='word_1_535' title='bbox 1379 3882 1546 3948; x_wconf 91' lang='lat' dir='ltr'>procurator</span> <span class='ocrx_word' id='word_1_536' title='bbox 1557 3883 1607 3936; x_wconf 86' lang='lat' dir='ltr'>aut</span> <span class='ocrx_word' id='word_1_537' title='bbox 1618 3878 1721 3949; x_wconf 65' lang='lat' dir='ltr'>nerle*</span> 
     </span>
     <span class='ocr_line' id='line_1_41' title="bbox 267 3963 1691 4041; baseline 0.001 -19"><span class='ocrx_word' id='word_1_538' title='bbox 267 3973 316 4039; x_wconf 75' lang='lat' dir='ltr'>gat</span> <span class='ocrx_word' id='word_1_539' title='bbox 334 3972 386 4022; x_wconf 87' lang='lat' dir='ltr'>aut</span> <span class='ocrx_word' id='word_1_540' title='bbox 399 3966 521 4022; x_wconf 87' lang='lat' dir='ltr'>colludat</span> <span class='ocrx_word' id='word_1_541' title='bbox 538 3971 587 4022; x_wconf 90' lang='lat' dir='ltr'>ant</span> <span class='ocrx_word' id='word_1_542' title='bbox 604 3981 659 4020; x_wconf 90' lang='lat' dir='ltr'>uon</span> <span class='ocrx_word' id='word_1_543' title='bbox 678 3963 799 4021; x_wconf 88' lang='lat' dir='ltr'>sulliciat</span> <span class='ocrx_word' id='word_1_544' title='bbox 816 3965 949 4020; x_wconf 86' lang='lat' dir='ltr'>aduersus</span> <span class='ocrx_word' id='word_1_545' title='bbox 966 3979 1114 4036; x_wconf 85' lang='lat' dir='ltr'>personas,</span> <span class='ocrx_word' id='word_1_546' title='bbox 1136 3981 1208 4036; x_wconf 88' lang='lat' dir='ltr'>quae</span> <span class='ocrx_word' id='word_1_547' title='bbox 1226 3967 1352 4022; x_wconf 89' lang='lat' dir='ltr'>iniuriam</span> <span class='ocrx_word' id='word_1_548' title='bbox 1370 3965 1513 4040; x_wconf 84' lang='lat' dir='ltr'>iecerunt,</span> <span class='ocrx_word' id='word_1_549' title='bbox 1536 3971 1591 4041; x_wconf 90' lang='lat' dir='ltr'>ipsi</span> <span class='ocrx_word' id='word_1_550' title='bbox 1607 3969 1691 4040; x_wconf 84' lang='lat' dir='ltr'>potius,</span> 
     </span>
     <span class='ocr_line' id='line_1_42' title="bbox 219 4039 1752 4128; baseline 0.003 -22"><span class='ocrx_word' id='word_1_551' title='bbox 219 4061 249 4107; x_wconf 85' lang='lat'>16</span> <span class='ocrx_word' id='word_1_552' title='bbox 267 4057 314 4126; x_wconf 90' lang='lat' dir='ltr'>qni</span> <span class='ocrx_word' id='word_1_553' title='bbox 332 4071 431 4126; x_wconf 89' lang='lat' dir='ltr'>passus</span> <span class='ocrx_word' id='word_1_554' title='bbox 449 4053 459 4123; x_wconf 83' lang='lat' dir='ltr'>l</span> <span class='ocrx_word' id='word_1_555' title='bbox 480 4059 523 4110; x_wconf 90' lang='lat' dir='ltr'>est</span> <span class='ocrx_word' id='word_1_556' title='bbox 540 4055 679 4125; x_wconf 89' lang='lat' dir='ltr'>iniuriam,</span> <span class='ocrx_word' id='word_1_557' title='bbox 699 4055 771 4110; x_wconf 87' lang='lat' dir='ltr'>actio</span> <span class='ocrx_word' id='word_1_558' title='bbox 789 4053 948 4110; x_wconf 88' lang='lat' dir='ltr'>iniuriarum</span> <span class='ocrx_word' id='word_1_559' title='bbox 966 4055 1106 4126; x_wconf 85' lang='lat' dir='ltr'>competit</span> <span class='ocrx_word' id='word_1_560' title='bbox 1142 4056 1350 4111; x_wconf 86' lang='lat' dir='ltr'>Procuratorem</span> <span class='ocrx_word' id='word_1_561' title='bbox 1368 4061 1463 4112; x_wconf 88' lang='lat' dir='ltr'>autem</span> <span class='ocrx_word' id='word_1_562' title='bbox 1482 4059 1609 4128; x_wconf 88' lang='lat' dir='ltr'>accipere</span> <span class='ocrx_word' id='word_1_563' title='bbox 1625 4039 1752 4113; x_wconf 59' lang='lat' dir='ltr'>debeliffi&#39;</span> 
     </span>
     <span class='ocr_line' id='line_1_43' title="bbox 267 4142 1690 4216; baseline -0.002 -16"><span class='ocrx_word' id='word_1_564' title='bbox 267 4161 329 4200; x_wconf 87' lang='lat' dir='ltr'>mus</span> <span class='ocrx_word' id='word_1_565' title='bbox 352 4160 408 4198; x_wconf 92' lang='lat' dir='ltr'>non</span> <span class='ocrx_word' id='word_1_566' title='bbox 429 4143 524 4214; x_wconf 87' lang='lat' dir='ltr'>utique</span> <span class='ocrx_word' id='word_1_567' title='bbox 548 4158 623 4213; x_wconf 92' lang='lat' dir='ltr'>eum,</span> <span class='ocrx_word' id='word_1_568' title='bbox 647 4144 691 4198; x_wconf 91' lang='lat' dir='ltr'>cni</span> <span class='ocrx_word' id='word_1_569' title='bbox 713 4143 867 4213; x_wconf 87' lang='lat' dir='ltr'>specialiter</span> <span class='ocrx_word' id='word_1_570' title='bbox 890 4142 1021 4198; x_wconf 87' lang='lat' dir='ltr'>mandata</span> <span class='ocrx_word' id='word_1_571' title='bbox 1043 4147 1087 4198; x_wconf 89' lang='lat' dir='ltr'>cst</span> <span class='ocrx_word' id='word_1_572' title='bbox 1104 4143 1260 4214; x_wconf 88' lang='lat' dir='ltr'>procuratio</span> <span class='ocrx_word' id='word_1_573' title='bbox 1279 4145 1395 4200; x_wconf 90' lang='lat' dir='ltr'>actionis</span> <span class='ocrx_word' id='word_1_574' title='bbox 1413 4145 1589 4216; x_wconf 87' lang='lat' dir='ltr'>iniuriarum,</span> <span class='ocrx_word' id='word_1_575' title='bbox 1612 4157 1690 4202; x_wconf 84' lang='lat' dir='ltr'>uerum</span> 
     </span>
     <span class='ocr_line' id='line_1_44' title="bbox 220 4231 1692 4306; baseline 0.001 -23"><span class='ocrx_word' id='word_1_576' title='bbox 220 4237 248 4284; x_wconf 76' lang='lat'>17</span> <span class='ocrx_word' id='word_1_577' title='bbox 267 4231 370 4288; x_wconf 88' lang='lat' dir='ltr'>suflicit</span> <span class='ocrx_word' id='word_1_578' title='bbox 387 4248 449 4288; x_wconf 90' lang='lat' dir='ltr'>eum</span> <span class='ocrx_word' id='word_1_579' title='bbox 469 4247 544 4301; x_wconf 89' lang='lat' dir='ltr'>esse,</span> <span class='ocrx_word' id='word_1_580' title='bbox 563 4232 608 4286; x_wconf 92' lang='lat' dir='ltr'>cui</span> <span class='ocrx_word' id='word_1_581' title='bbox 625 4233 747 4288; x_wconf 89' lang='lat' dir='ltr'>omnium</span> <span class='ocrx_word' id='word_1_582' title='bbox 764 4247 855 4287; x_wconf 93' lang='lat' dir='ltr'>rerum</span> <span class='ocrx_word' id='word_1_583' title='bbox 874 4231 1072 4287; x_wconf 90' lang='lat' dir='ltr'>administratio</span> <span class='ocrx_word' id='word_1_584' title='bbox 1091 4232 1223 4288; x_wconf 88' lang='lat' dir='ltr'>mandata</span> <span class='ocrx_word' id='word_1_585' title='bbox 1240 4236 1291 4288; x_wconf 88' lang='lat' dir='ltr'>est.</span> <span class='ocrx_word' id='word_1_586' title='bbox 1327 4232 1409 4298; x_wconf 83' lang='lat' dir='ltr'>Quod</span> <span class='ocrx_word' id='word_1_587' title='bbox 1426 4237 1523 4290; x_wconf 87' lang='lat' dir='ltr'>autem</span> <span class='ocrx_word' id='word_1_588' title='bbox 1543 4237 1583 4291; x_wconf 86' lang='lat' dir='ltr'>ait</span> <span class='ocrx_word' id='word_1_589' title='bbox 1597 4237 1692 4306; x_wconf 86' lang='lat' dir='ltr'>praetor</span> 
     </span>
     <span class='ocr_line' id='line_1_45' title="bbox 267 4309 1724 4396; baseline 0.003 -19"><span class='ocrx_word' id='word_1_590' title='bbox 267 4337 351 4378; x_wconf 90' lang='lat' dir='ltr'>causa</span> <span class='ocrx_word' id='word_1_591' title='bbox 369 4321 481 4390; x_wconf 87' lang='lat' dir='ltr'>cognita</span> <span class='ocrx_word' id='word_1_592' title='bbox 497 4321 564 4391; x_wconf 90' lang='lat' dir='ltr'>ipsi,</span> <span class='ocrx_word' id='word_1_593' title='bbox 585 4321 631 4390; x_wconf 90' lang='lat' dir='ltr'>qui</span> <span class='ocrx_word' id='word_1_594' title='bbox 649 4309 775 4376; x_wconf 85' lang='lat' dir='ltr'>iniuria&#39;m</span> <span class='ocrx_word' id='word_1_595' title='bbox 794 4321 934 4390; x_wconf 91' lang='lat' dir='ltr'>accepisse</span> <span class='ocrx_word' id='word_1_596' title='bbox 953 4320 1068 4391; x_wconf 90' lang='lat' dir='ltr'>dicetur,</span> <span class='ocrx_word' id='word_1_597' title='bbox 1087 4321 1218 4378; x_wconf 88' lang='lat' dir='ltr'>iudicium</span> <span class='ocrx_word' id='word_1_598' title='bbox 1236 4320 1368 4392; x_wconf 86' lang='lat' dir='ltr'>permitti,</span> <span class='ocrx_word' id='word_1_599' title='bbox 1387 4322 1428 4377; x_wconf 89' lang='lat' dir='ltr'>ita</span> <span class='ocrx_word' id='word_1_600' title='bbox 1446 4324 1636 4396; x_wconf 87' lang='lat' dir='ltr'>accipiendum</span> <span class='ocrx_word' id='word_1_601' title='bbox 1652 4321 1724 4388; x_wconf 63' lang='grc'>11115</span> 
     </span>
     <span class='ocr_line' id='line_1_46' title="bbox 266 4407 1620 4496; baseline 0.001 -14"><span class='ocrx_word' id='word_1_602' title='bbox 266 4427 459 4496; x_wconf 68' lang='lat' dir='ltr'>umnec)</span> <span class='ocrx_word' id='word_1_603' title='bbox 1599 4407 1620 4444; x_wconf 82' lang='lat'><em>⁰</em></span> 
     </span>
    </p>
   </div>
   <div class='ocr_carea' id='block_1_6' title="bbox 588 4535 848 4546">
    <p class='ocr_par' dir='ltr' id='par_1_6' title="bbox 588 4535 848 4546">
     <span class='ocr_line' id='line_1_47' title="bbox 588 4535 848 4546; baseline -0.008 0"><span class='ocrx_word' id='word_1_604' title='bbox 588 4535 848 4546; x_wconf 57' lang='lat' dir='ltr'>——ffl—</span> 
     </span>
    </p>
   </div>
   <div class='ocr_carea' id='block_1_7' title="bbox 268 4585 528 4656">
    <p class='ocr_par' dir='ltr' id='par_1_7' title="bbox 268 4585 528 4656">
     <span class='ocr_line' id='line_1_48' title="bbox 268 4585 528 4656; baseline -0.008 -14"><span class='ocrx_word' id='word_1_605' title='bbox 268 4592 277 4626; x_wconf 88' lang='lat'><strong>¹</strong></span> <span class='ocrx_word' id='word_1_606' title='bbox 297 4587 421 4656; x_wconf 88' lang='lat' dir='ltr'>alicuius]</span> <span class='ocrx_word' id='word_1_607' title='bbox 439 4585 528 4641; x_wconf 77' lang='lat' dir='ltr'>illins?</span> 
     </span>
    </p>
   </div>
   <div class='ocr_carea' id='block_1_8' title="bbox 266 4742 1698 5105">
    <p class='ocr_par' dir='ltr' id='par_1_8' title="bbox 266 4742 1698 5105">
     <span class='ocr_line' id='line_1_49' title="bbox 267 4742 1698 4816; baseline 0.001 -16"><span class='ocrx_word' id='word_1_608' title='bbox 267 4747 285 4800; x_wconf 85' lang='lat'>5</span> <span class='ocrx_word' id='word_1_609' title='bbox 301 4745 379 4800; x_wconf 89' lang='lat' dir='ltr'>lebes</span> <span class='ocrx_word' id='word_1_610' title='bbox 392 4745 436 4809; x_wconf 66' lang='grc' dir='ltr'>Ρ,</span> <span class='ocrx_word' id='word_1_611' title='bbox 449 4743 519 4798; x_wconf 91' lang='lat' dir='ltr'>lebis</span> <span class='ocrx_word' id='word_1_612' title='bbox 532 4745 582 4797; x_wconf 65' lang='grc' dir='ltr'>Εἰ</span> <span class='ocrx_word' id='word_1_613' title='bbox 600 4742 707 4816; x_wconf 73' lang='lat' dir='ltr'>iasepsi</span> <span class='ocrx_word' id='word_1_614' title='bbox 721 4745 759 4799; x_wconf 77' lang='lat' dir='ltr'>sai</span> <span class='ocrx_word' id='word_1_615' title='bbox 773 4743 829 4800; x_wconf 79' lang='lat' dir='ltr'>iar&#39;</span> <span class='ocrx_word' id='word_1_616' title='bbox 844 4743 957 4807; x_wconf 74' lang='lat' dir='ltr'>niarasis</span> <span class='ocrx_word' id='word_1_617' title='bbox 1009 4747 1061 4816; x_wconf 80' lang='grc' dir='ltr'>πρὸ</span> <span class='ocrx_word' id='word_1_618' title='bbox 1073 4747 1146 4802; x_wconf 71' lang='lat' dir='ltr'>aisse</span> <span class='ocrx_word' id='word_1_619' title='bbox 1161 4748 1167 4815; x_wconf 86' lang='grc' dir='ltr'>Ι</span> <span class='ocrx_word' id='word_1_620' title='bbox 1182 4745 1404 4804; x_wconf 59' lang='lat' dir='ltr'>corberannum&lt;</span> <span class='ocrx_word' id='word_1_621' title='bbox 1417 4749 1456 4803; x_wconf 81' lang='lat' dir='ltr'>F*</span> <span class='ocrx_word' id='word_1_622' title='bbox 1512 4753 1548 4807; x_wconf 83' lang='lat' dir='ltr'>nc</span> <span class='ocrx_word' id='word_1_623' title='bbox 1566 4745 1698 4808; x_wconf 80' lang='lat' dir='ltr'>actionsi</span> 
     </span>
     <span class='ocr_line' id='line_1_50' title="bbox 267 4813 1694 4891; baseline 0.004 -20"><span class='ocrx_word' id='word_1_624' title='bbox 267 4819 412 4884; x_wconf 76' lang='grc' dir='ltr'>Β1Δηοη.)</span> <span class='ocrx_word' id='word_1_625' title='bbox 428 4818 433 4882; x_wconf 86' lang='grc' dir='ltr'>Ι</span> <span class='ocrx_word' id='word_1_626' title='bbox 449 4813 680 4882; x_wconf 60' lang='lat' dir='ltr'>enimu&#39;id&#39;erol‘ff</span> <span class='ocrx_word' id='word_1_627' title='bbox 718 4815 908 4872; x_wconf 81' lang='lat' dir='ltr'>lmaleficiom</span> <span class='ocrx_word' id='word_1_628' title='bbox 921 4818 955 4870; x_wconf 84' lang='lat' dir='ltr'>F*</span> <span class='ocrx_word' id='word_1_629' title='bbox 1009 4819 1045 4873; x_wconf 77' lang='lat'>23</span> <span class='ocrx_word' id='word_1_630' title='bbox 1063 4817 1224 4875; x_wconf 74' lang='lat' dir='ltr'>deterioria</span> <span class='ocrx_word' id='word_1_631' title='bbox 1237 4817 1274 4872; x_wconf 83' lang='lat' dir='ltr'>F*</span> <span class='ocrx_word' id='word_1_632' title='bbox 1327 4821 1363 4874; x_wconf 78' lang='lat'>29</span> <span class='ocrx_word' id='word_1_633' title='bbox 1380 4823 1580 4891; x_wconf 81' lang='lat' dir='ltr'>praesensitF</span> <span class='ocrx_word' id='word_1_634' title='bbox 1619 4823 1694 4876; x_wconf 77' lang='lat' dir='ltr'>aare</span> 
     </span>
     <span class='ocr_line' id='line_1_51' title="bbox 267 4885 1698 4964; baseline 0.006 -22"><span class='ocrx_word' id='word_1_635' title='bbox 267 4885 631 4958; x_wconf 63' lang='lat' dir='ltr'>repraesentandum</span> <span class='ocrx_word' id='word_1_636' title='bbox 650 4887 687 4938; x_wconf 82' lang='lat' dir='ltr'>F*</span> <span class='ocrx_word' id='word_1_637' title='bbox 741 4887 958 4956; x_wconf 71' lang='lat' dir='ltr'>leut11101l&#39;1,</span> <span class='ocrx_word' id='word_1_638' title='bbox 1010 4889 1112 4944; x_wconf 72' lang='lat' dir='ltr'>mitent</span> <span class='ocrx_word' id='word_1_639' title='bbox 1129 4889 1168 4943; x_wconf 83' lang='lat' dir='ltr'>F*</span> <span class='ocrx_word' id='word_1_640' title='bbox 1226 4891 1262 4945; x_wconf 81' lang='lat'>34</span> <span class='ocrx_word' id='word_1_641' title='bbox 1279 4891 1367 4961; x_wconf 85' lang='lat' dir='ltr'>pater]</span> <span class='ocrx_word' id='word_1_642' title='bbox 1385 4892 1540 4958; x_wconf 74' lang='lat' dir='ltr'>XYMOG,</span> <span class='ocrx_word' id='word_1_643' title='bbox 1562 4887 1698 4964; x_wconf 73' lang='lat' dir='ltr'>paraui</span> 
     </span>
     <span class='ocr_line' id='line_1_52' title="bbox 266 4957 1694 5032; baseline 0.003 -18"><span class='ocrx_word' id='word_1_644' title='bbox 266 4961 332 5014; x_wconf 89' lang='lat' dir='ltr'>utile</span> <span class='ocrx_word' id='word_1_645' title='bbox 346 4959 390 5024; x_wconf 66' lang='grc' dir='ltr'>Ρ,</span> <span class='ocrx_word' id='word_1_646' title='bbox 408 4957 502 5013; x_wconf 89' lang='lat' dir='ltr'>utilem</span> <span class='ocrx_word' id='word_1_647' title='bbox 512 4957 654 5013; x_wconf 77' lang='lat' dir='ltr'><strong><em>XYMOG</em></strong></span> <span class='ocrx_word' id='word_1_648' title='bbox 703 4959 738 5014; x_wconf 84' lang='grc'>13</span> <span class='ocrx_word' id='word_1_649' title='bbox 750 4963 815 5014; x_wconf 89' lang='lat' dir='ltr'>ante</span> <span class='ocrx_word' id='word_1_650' title='bbox 827 4959 953 5028; x_wconf 79' lang='lat' dir='ltr'>indicem]</span> <span class='ocrx_word' id='word_1_651' title='bbox 1009 4961 1044 5016; x_wconf 79' lang='lat'>37</span> <span class='ocrx_word' id='word_1_652' title='bbox 1063 4975 1142 5015; x_wconf 83' lang='lat' dir='ltr'>acm.</span> <span class='ocrx_word' id='word_1_653' title='bbox 1155 4961 1191 5015; x_wconf 83' lang='lat' dir='ltr'>F*</span> <span class='ocrx_word' id='word_1_654' title='bbox 1207 4964 1212 5032; x_wconf 85' lang='grc' dir='ltr'>Ι</span> <span class='ocrx_word' id='word_1_655' title='bbox 1228 4961 1417 5019; x_wconf 83' lang='lat' dir='ltr'>contestat&#39;e&#39;a</span> <span class='ocrx_word' id='word_1_656' title='bbox 1430 4961 1468 5017; x_wconf 82' lang='lat' dir='ltr'>F*</span> <span class='ocrx_word' id='word_1_657' title='bbox 1517 4963 1694 5022; x_wconf 66' lang='lat' dir='ltr'>sandicin-</span> 
     </span>
     <span class='ocr_line' id='line_1_53' title="bbox 266 5029 1420 5105; baseline 0 -19"><span class='ocrx_word' id='word_1_658' title='bbox 266 5039 341 5105; x_wconf 81' lang='lat' dir='ltr'>quasi</span> <span class='ocrx_word' id='word_1_659' title='bbox 350 5037 414 5086; x_wconf 69' lang='lat' dir='ltr'>asad</span> <span class='ocrx_word' id='word_1_660' title='bbox 422 5035 486 5086; x_wconf 85' lang='lat' dir='ltr'>ante</span> <span class='ocrx_word' id='word_1_661' title='bbox 495 5029 635 5099; x_wconf 81' lang='lat' dir='ltr'>iudicium,</span> <span class='ocrx_word' id='word_1_662' title='bbox 645 5029 867 5098; x_wconf 77' lang='lat' dir='ltr'>aertitB(Anoa.)</span> <span class='ocrx_word' id='word_1_663' title='bbox 877 5033 956 5086; x_wconf 78' lang='lat' dir='ltr'>mule:</span> <span class='ocrx_word' id='word_1_664' title='bbox 1007 5032 1140 5090; x_wconf 71' lang='lat' dir='ltr'>turinum</span> <span class='ocrx_word' id='word_1_665' title='bbox 1157 5033 1196 5086; x_wconf 84' lang='lat' dir='ltr'>F*</span> <span class='ocrx_word' id='word_1_666' title='bbox 1419 5037 1420 5040; x_wconf 74' lang='grc'>’</span> 
     </span>
    </p>
   </div>
   <div class='ocr_carea' id='block_1_9' title="bbox 0 0 1796 5454">
    <p class='ocr_par' dir='ltr' id='par_1_9' title="bbox 0 0 1796 5454">
     <span class='ocr_line' id='line_1_54' title="bbox 0 0 1796 5454; baseline 0 0"><span class='ocrx_word' id='word_1_667' title='bbox 0 0 1796 5454; x_wconf 95' lang='lat' dir='ltr'> </span> 
     </span>
    </p>
   </div>
  </div>
 </body>
</html>
