3616 5468
312 250 461 318 xxxiiii
482 250 503 316 5
525 257 560 319 28
580 285 613 298 —
632 252 690 314 'to
989 243 1074 324 176
1168 269 1215 317 nn
1230 270 1287 318 rrrs
1303 269 1336 327 o.
1349 268 1495 319 nornen.
1519 270 1566 317 nn
1581 268 1663 318 nne.
1678 269 1779 318 esr-

312 413 428 478 uterque
446 405 611 462 deberetur?
637 406 742 476 plaeuit
758 405 847 476 prime
864 420 927 462 eum
940 406 1062 476 legatum
1075 420 1145 477 esse,
1164 421 1245 476 quem
1258 411 1375 463 testatm
1386 408 1494 478 Ιιςιιι1
1508 407 1652 464 sensisset
1682 407 1779 476 quor!

312 497 336 552 ei
353 511 409 552 non
427 498 580 567 appareret,
598 494 715 565 primum
733 494 933 565 iuepioieudum
952 510 1023 564 esso,
1042 511 1078 550 au
1095 495 1207 550 uomina
1224 510 1367 552 seruorum
1379 496 1507 554 dominus
1519 501 1586 552 uota
1597 494 1779 552 habuisset:

312 585 386 656 quod
404 585 428 639 si
445 583 595 654 habuisset,
614 599 677 639 eum
696 582 799 654 deberi,
817 583 865 654 qni
883 584 1040 640 nominatae
1057 588 1140 655 esset,
1159 585 1270 639 ιιιιιιιεί
1287 585 1316 640 in
1334 583 1588 641 artifieioerratum
1600 573 1689 640 esset
1717 585 1779 642 siu

312 679 404 730 autem
427 674 523 742 ignota
546 671 658 728 nomina
680 687 821 728 seruorum
847 673 966 743 esnutr,
988 674 1121 744 pistorem
1138 673 1260 743 legatum
1278 673 1366 730 uideri
1383 673 1498 744 perinde
1515 689 1548 729 ae
1566 673 1590 729 si
1608 688 1716 730 nomen
1734 675 1779 730 ei

311 763 448 819 adieetum
467 776 522 817 uon
540 765 622 816 esset.

175 851 213 910 29
228 849 293 930 (30)
365 849 524 906 Sosnuoue
541 849 611 906 libro
628 855 728 906 oetauo
741 849 847 906 deeimo
859 849 1038 921 digestorum.
1066 851 1163 906 Plures
1174 855 1341 907 ιιιιιιιιιιιιο
1353 851 1557 921 ιιιιιιιιιιίιιιιι
1577 845 1779 936 Q

311 941 339 995 iu
357 938 457 1009 quibus
476 937 605 994 Sabinum
625 943 653 994 et
672 938 883 1010 Cyprogeniam,
903 953 965 994 oum
984 939 1100 1009 quisque
1119 953 1213 995 eorum
1232 940 1268 995 ad
1280 941 1455 1010 bigesimurn
1464 955 1567 995 annum
1579 939 1685 995 aetatis
1697 953 1772 1009 per-

311 1029 432 1085 uenisset
453 1031 483 1082 st
505 1041 568 1082 eunr
591 1025 660 1082 liber
683 1027 800 1098 quisque
818 1041 912 1083 eorum
931 1033 1019 1097 esset,
1041 1029 1144 1082 eertanr
1162 1043 1298 1084 summam
1317 1029 1376 1084 dari
1394 1029 1527 1086 uoluerat
1560 1033 1590 1084 et
1608 1029 1773 1084 eoniunetn

311 1117 449 1187 scriptura
469 1117 510 1171 ita
532 1121 657 1180 moeret:
683 1115 810 1172 ‘Sabinae
828 1121 857 1171 et
875 1115 1066 1187 Cyprogeniae
1085 1116 1145 1172 dari
1163 1117 1241 1186 uoto,
1266 1133 1328 1173 eum
1347 1117 1384 1174 ad
1403 1122 1534 1174 statutum
1552 1121 1677 1172 aetatem
1697 1131 1764 1186 per·—

312 1205 461 1274 ‘ueuerint,
484 1206 599 1274 singulis
622 1205 719 1260 deoem
742 1209 772 1260 et
794 1205 847 1261 boe
871 1205 988 1275 amplius
1011 1205 1201 1261 alimentorum
1226 1207 1335 1262 nornine
1359 1207 1387 1261 iu
1411 1221 1499 1262 anuos
1520 1205 1646 1275 singulos
1665 1203 1760 1274 quoad

312 1293 415 1349 ‘uiuent
431 1293 547 1362 siugulis
565 1291 678 1348 deoem'.
707 1293 863 1363 quaesitum
881 1299 932 1364 est,
951 1299 1042 1350 utrum
1061 1293 1189 1350 omnibus
1208 1293 1382 1351 manumissis
1400 1295 1530 1351 elimenta
1547 1293 1705 1349 debeantur
1722 1307 1755 1348 au

311 1398 378 1438 uero
396 1381 514 1438 Sabinae
532 1385 561 1437 ot
579 1381 770 1453 Cyprogeniae
789 1383 862 1438 eolis.
892 1383 1035 1453 rospondit
1046 1383 1197 1439 seeundum
1210 1399 1244 1439 ea
1255 1398 1326 1454 quae
1337 1388 1555 1455 proponerentur
1567 1383 1658 1438 uideri
1669 1383 1751 1438 emni-

312 1472 364 1528 bus
383 1473 513 1528 alimenta
530 1471 631 1542 legata

391 1735 428 1812 tt
468 1732 532 1810 DE
559 1731 636 1810 HIS
665 1731 793 1823 QUAE
820 1730 1010 1807 POENAE
1028 1733 1195 1834 ,CAUSA
1222 1731 1593 1824 RELINQUUNTUR
1633 1669 1696 1809 R.
1763 1755 1771 1796 ¹

213 1892 219 1902 “
276 1902 291 1958 1
365 1897 539 1954 Anaroenue
564 1895 634 1954 libro
660 1897 862 1966 quaestionum.
898 1895 967 1952 Filio
991 1893 1109 1954 familias
1132 1897 1177 1954 uel
1199 1913 1280 1954 seruo
1302 1897 1403 1954 beredo
1425 1897 1552 1954 instituto
1576 1889 1779 1980 Qs

311 1989 394 2044 etiam
414 1987 437 2042 si
455 1987 483 2042 in
501 1985 587 2056 patrie
605 1985 745 2040 dominius
763 1999 879 2054 poenam
898 1985 991 2040 illioite
1009 1986 1054 2042 uei
1072 1985 1204 2056 probrose
1221 1987 1318 2044 datum
1336 1991 1393 2056 est,
1412 1986 1512 2046 nullius
1529 1985 1663 2044 momenti
1680 1985 1749 2054 ispa

311 2083 370 2132 turn
391 2089 454 2132 esse
471 2074 627 2144 respondit:
651 2089 706 2130 non
725 2073 796 2128 enim
816 2072 844 2127 id
863 2073 965 2143 sotum,
989 2074 1063 2143 quod
1081 2076 1109 2130 in
1127 2076 1269 2146 beredeat
1294 2074 1457 2144 eodemne,
1480 2074 1555 2144 quod
1572 2075 1602 2129 in
1620 2075 1749 2143 uniusque

311 2166 416 2220 luorum
441 2161 543 2233 aliquid
567 2178 603 2219 ex
625 2161 886 2218 ultimauoluntate
909 2163 1053 2220 wntieutis
1075 2163 1158 2219 talem
1181 2179 1299 2234 poenam
1322 2164 1351 2219 iu
1370 2167 1537 2220 testamento
1556 2163 1690 2233 seriptum
1709 2162 1750 2230 eit,

311 2253 412 2308 nullius
430 2251 561 2308 momenti
578 2250 744 2306 babendum.
795 2291 796 2294 ι
1766 2261 1779 2302 r

275 2344 293 2402 2
364 2341 541 2397 Memoriana
558 2339 627 2396 libro
645 2343 725 2396 sexto
742 2339 953 2394 institutionum.
981 2339 1102 2396 Poenam
1120 2355 1138 2395 a
1155 2340 1316 2398 eondieioue
1333 2341 1461 2398 uoluntas
1472 2345 1557 2396 testa·
1577 2333 1779 2424 &Tr-ffers

311 2431 379 2488 toris
403 2433 515 2500 separat
532 2433 560 2484 et
578 2444 614 2484 eu
632 2443 736 2498 poena,
760 2443 795 2483 an
814 2427 953 2496 eondieio,
978 2442 1014 2484 an
1031 2429 1175 2486 translatio
1193 2429 1242 2500 eit,
1266 2444 1302 2485 ex
1319 2429 1463 2494 uoiuutmo
1480 2427 1605 2486 deiunoti
1623 2432 1750 2500 apparet:

311 2519 395 2590 idque
413 2519 470 2574 diui
485 2517 609 2574 ‘Seuerus
627 2523 656 2573 et
673 2515 830 2574 Antoninus
847 2517 1055 2587 rescripserunt

993 2689 1075 2774 vu.
1640 2657 1642 2660 ’
1768 2705 1779 2745 2

662 2834 700 2912 R
739 2832 803 2910 DE
830 2831 1023 2910 REGULA
1053 2829 1330 2910 CATONIANA
1368 2832 1406 2910 tt
1767 2849 1779 2904 r

277 3003 292 3060 1
366 2999 480 3055 Curuus
504 2997 572 3054 libro
595 2998 738 3068 trigesimo
761 2997 857 3066 quinto
880 2995 1058 3066 digestorum.
1096 2995 1249 3052 Catoniana
1272 2997 1368 3066 regula
1390 2995 1430 3051 sie
1453 2992 1556 3064 defluit,
1590 2987 1779 3062 ιιιιᾟὶ

313 3087 396 3158 quod,
414 3088 438 3142 si
455 3087 615 3143 testamenti
633 3085 698 3142 faeti
716 3091 840 3155 tempore
858 3085 1024 3142 detersisset
1041 3089 1165 3155 testator,
1184 3085 1279 3140 inutile
1293 3083 1372 3155 ieret,
1391 3084 1419 3140 id
1432 3083 1554 3153 legatum
1567 3081 1752 3153 quandocum·

280 3188 292 3232 1
312 3191 367 3246 que
384 3175 543 3246 decesserit,
562 3189 617 3230 nou
635 3175 736 3230 uelere.
770 3187 841 3244 quae
859 3173 981 3230 definitio
1000 3175 1028 3230 iu
1046 3171 1210 3244 quibusdum
1228 3171 1300 3228 falsa
1318 3178 1369 3229 est.
1400 3171 1472 3238 Quid
1491 3171 1571 3243 enim,
1591 3171 1616 3226 si
1634 3173 1753 3242 quisita

312 3266 460 3336 leguuerit:
479 3264 511 3319 ‘ei
527 3267 593 3334 post
610 3262 744 3318 kalendas
762 3268 887 3319 mortuus
904 3261 990 3334 fuero,
1010 3263 1083 3319 mtto
1101 3261 1195 3319 dato'i
1222 3279 1257 3318 au
1276 3261 1454 3318 oauiilamur?
1480 3275 1544 3316 nam
1562 3259 1616 3315 boe
1634 3259 1752 3316 modosi

279 3362 294 3406 ι
312 3354 406 3410 statim
424 3357 549 3408 mortuus
567 3350 657 3422 suerit,
675 3366 731 3407 uon
750 3365 812 3407 esre
829 3351 925 3406 datum
943 3351 1064 3421 legatum
1083 3353 1176 3407 uerius
1194 3357 1236 3406 est
1254 3367 1336 3421 quam
1355 3349 1486 3406 inutiliter
1503 3347 1609 3427 datum
1643 3349 1713 3404 Item
1730 3347 1779 3403 sit

312 3441 363 3498 tibi
385 3442 494 3512 legatus
512 3446 556 3496 est
573 3437 689 3510 fundas,
714 3440 762 3508 qui
781 3438 918 3495 scribendi
936 3439 1093 3496 testamenti
1110 3444 1235 3510 tempere
1252 3444 1317 3494 tuus
1336 3445 1391 3509 est,
1414 3439 1437 3494 si
1455 3453 1517 3493 eum
1536 3438 1603 3492 uiuo
1621 3441 1752 3494 testatore

313 3529 484 3600 atieneuerie,
502 3529 624 3598 legatum
641 3526 692 3583 tibi
709 3525 833 3598 debetur,
852 3529 927 3597 quod
945 3543 1000 3584 non
1018 3527 1172 3598 deberetur,
1191 3527 1215 3583 si
1232 3531 1350 3584 testator
1368 3529 1460 3583 statim
1479 3523 1656 3581 decessisset

275 3617 294 3674 2
366 3620 486 3674 Pennus
506 3617 576 3673 libro
599 3621 697 3686 quarto
721 3615 756 3671 ad
779 3615 933 3672 Plautium!
963 3617 1018 3673 Sed
1041 3621 1070 3672 et
1093 3617 1116 3672 si
1139 3617 1180 3672 sie
1203 3617 1349 3686 iegauerit:
1373 3615 1404 3672 'ei
1422 3614 1479 3671 filia
1495 3629 1559 3670 mea
1576 3610 1779 3698 Q]

313 3707 394 3764 'Titio
412 3712 499 3777 nupta
516 3705 584 3776 erit’,
602 3703 729 3761 suffieere
747 3705 837 3760 uisum
856 3707 913 3775 est,
931 3705 955 3760 si
973 3707 1069 3761 mortis
1086 3709 1210 3775 tempore
1228 3709 1315 3776 nupta
1332 3705 1496 3776 inueniatur,
1512 3703 1578 3758 dest
1596 3701 1754 3758 testamenti

312 3795 380 3854 faeti
396 3801 520 3866 tempore
539 3792 621 3848 drerit
637 3791 772 3864 impubes.
1769 3799 1779 3839 a

275 3883 295 3941 3
365 3884 547 3940 Parnsrerrus
569 3881 639 3937 libro
661 3882 757 3952 quinto
778 3879 886 3937 deeimo
904 3881 1104 3952 quaestionum.
1142 3879 1294 3943 Catoniana
1311 3881 1407 3951 regula
1424 3893 1478 3937 uon
1497 3895 1557 3950 per·
1577 3873 1779 3964 Q]

312 3974 383 4028 tiuet
401 3971 436 4026 ad
454 3969 621 4027 hereditates
639 3985 728 4040 neque
747 3969 783 4024 ad
801 3985 835 4026 eu
851 3970 953 4040 legata,
971 3985 1087 4041 querum
1106 3969 1165 4024 dies
1183 3985 1238 4026 uon
1254 3969 1348 4026 mortis
1360 3973 1492 4040 tempore,
1511 3967 1562 4024 sed
1574 3973 1639 4038 poet
1652 3967 1752 4025 aditam

312 4061 387 4118 oedit
403 4059 592 4116 hereditatem.

275 4147 296 4207 4
366 4149 518 4204 Unnrnrrus
540 4146 609 4202 libro
628 4145 735 4202 deeimo
754 4145 789 4201 ad
807 4145 948 4202 Sabinum.
985 4145 1079 4202 Plaeet
1097 4145 1209 4203 Catonis
1227 4146 1350 4217 regulam
1369 4143 1405 4200 sd
1423 4143 1559 4200 eoudleio
1579 4139 1779 4229 Qu*

313 4237 389 4293 uales
407 4235 593 4292 institutiones
611 4251 666 4290 uon
684 4234 828 4305 pertinere.
1770 4242 1779 4282 r

276 4327 295 4385 b
366 4326 445 4380 Innrr
461 4325 530 4380 iibro
549 4325 681 4380 uiuesimo
698 4322 819 4380 seeundo
837 4322 872 4379 ed
885 4321 1025 4378 Sabinum.
1053 4322 1169 4392 Regula·
1172 4321 1325 4378 Catoniana
1337 4321 1372 4376 ad
1384 4336 1472 4378 nouas
1480 4321 1560 4394 teges
1579 4315 1779 4464 Q}
1773 4325 1779 4358 ι

256 4414 323 4484 ΙΙ
343 4429 400 4470 nou
416 4414 544 4483 pertinet.

311 4527 562 4599 umorem)

314 4708 323 4741 ¹
342 4719 373 4760 ee
391 4714 439 4760 ιιι.
510 4706 651 4762 ’nomina
668 4717 809 4761 seruorum
828 4708 922 4760 essent
939 4706 986 4759 det.
1058 4703 1070 4739 ⁸
1089 4702 1197 4759 heredis
1216 4702 1318 4771 (Helii

313 4870 541 4942 8perueuissent
559 4873 585 4924 F
633 4873 668 4928 15
690 4873 860 4942 relinquntur
878 4873 1006 4926 Feretro
1058 4867 1450 4938 sumersetensium
1475 4867 1586 4924 Genea.-
1610 4867 1682 4940 ιρις
1707 4866 1753 4921 rte

313 4943 405 4996 rndF
445 4943 480 4996 26
499 4942 621 5012 regula?
635 4959 675 4999 ιιι
687 4943 724 4997 F‘
777 4945 812 4999 tt
830 4943 859 4997 id
872 4941 1004 5011 legatum]
1060 4943 1234 5009 κλιιροιιοιιίιι
1255 4939 1380 5014 BtTr'p)

312 5011 453 5082 illegatum
477 5014 513 5066 F
536 5017 593 5082 (em
607 5011 665 5084 μ’)
728 5016 763 5070 29
786 5013 945 5068 eubillamur
969 5013 1006 5064 F*
