3600 5460
95 271 420 340 XXXX1230-40
652 295 653 300 ¹
767 263 855 346 482
1172 287 1219 334 un
1241 285 1406 332 nmnasnr
1428 281 1535 330 osnes

96 433 183 484 tatem
201 429 260 483 eius
278 427 358 482 tueri.
387 425 575 482 ¹eommodius
592 430 685 481 antem
704 430 748 481 est
765 423 860 482 fauore
878 425 1013 482 libertatis
1030 423 1145 481 liberum
1164 423 1274 494 quidem
1293 407 1357 480 eum
1374 436 1447 490 esse,
1465 435 1535 475 eom·

95 518 158 587 pelli
178 521 269 571 erstem
288 516 368 586 pretii
387 516 429 570 sui
447 521 552 586 partem
571 514 623 569 uiri
642 513 706 569 boni
725 513 857 571 arbitratu
875 514 974 570 uictori
992 529 1043 569 suo
1061 517 1210 584 praestare.
1381 583 1382 586 Ἴ

41 608 76 664 31
149 605 299 660 Unnrsrsus
316 603 385 659 libro
403 603 491 672 primo
510 618 712 674 responsorum.
739 603 838 658 Filium
856 603 893 659 ob
910 603 971 673 boe,
990 601 1064 672 quod
1083 601 1245 672 patriberee
1258 599 1359 670 extitit,
1379 593 1570 684 Qui
1672 607 1712 660 ἓ

96 693 233 764 prohiberi
251 698 363 762 epatre
384 707 463 748 surum
482 707 592 747 sernum
610 691 807 747 manumissum
826 691 855 746 in
873 691 1033 747 seruitutem
1052 695 1155 760 petere.
1552 697 1566 737 t
1683 701 1714 740 -s

40 784 78 841 32
149 783 269 837 Psunus
286 779 355 836 libro
375 786 453 835 sexto
471 781 636 850 regularum.
664 779 707 835 Du
725 779 805 835 bonis
823 795 926 850 eornm,
944 780 1045 848 quiex
1063 781 1196 835 seruitute
1214 782 1263 833 sut
1278 775 1358 832 ldser·
1378 767 1571 858 ffls
1656 781 1723 835 ὃ

96 871 171 925 tate²
190 870 218 924 iu
241 869 438 938 ingenuitatem
461 869 593 924 uindieati
617 873 696 938 sunt,
720 871 834 924 senatos
858 869 1013 924 eonsultum
1030 866 1133 924 taetrum
1152 872 1208 936 est,
1233 881 1289 936 quo
1307 869 1424 920 eruetur
1442 864 1479 918 de
1497 863 1537 917 bis

96 959 220 1028 quidem,
239 959 286 1027 qui
304 973 340 1013 ex
358 959 492 1012 seruitute
512 957 617 1013 defensi
637 962 743 1027 essent,
767 961 799 1010 ut
816 956 845 1011 id
862 955 1008 1012 dumtaxat
1025 954 1141 1026 ferrent,
1160 955 1235 1026 quod
1252 956 1281 1009 in
1300 953 1385 1010 domo
1403 953 1537 1022 euiusque

95 1048 263 1102 intulissent:
287 1047 315 1100 in
334 1062 428 1101 eorum
446 1051 539 1102 antem
558 1045 651 1114 bonis,
674 1046 721 1114 qui
742 1049 807 1116 post
825 1045 1065 1100 manumissionem
1088 1050 1212 1115 repetere
1235 1043 1369 1112 originem
1388 1057 1471 1098 suam
1491 1055 1536 1095 uo

96 1135 219 1206 luissent,
238 1134 291 1190 boe
309 1133 436 1205 amplius,
454 1139 494 1206 ut,
513 1135 587 1205 quod
604 1139 670 1203 poet
687 1133 927 1188 manumissionem
947 1148 1056 1202 quoque
1075 1133 1261 1202 adquisiseent
1277 1145 1332 1186 nun
1344 1145 1381 1186 er
1392 1145 1424 1186 re
1442 1144 1536 1185 manu·

96 1225 228 1293 missoris,
247 1238 340 1278 seeum
359 1222 457 1293 ierant,
476 1228 568 1279 uetera
585 1222 659 1278 bona
676 1223 860 1293 relinquerent
876 1221 924 1291 illi,
943 1235 977 1278 ex
996 1223 1074 1277 ouius
1092 1220 1196 1276 familie
1214 1221 1345 1276 exissent
1555 1229 1579 1268 ιι
1600 1228 1643 1267 ο
1660 1228 1693 1265 1
1716 1224 1750 1262 ιι

41 1311 79 1368 33
150 1313 228 1367 lenm
244 1311 313 1367 libro
332 1312 463 1382 singulari
481 1312 516 1367 de
534 1311 639 1367 liberali
657 1325 751 1366 eausa.
783 1311 834 1376 Qui
854 1311 944 1366 suisne
961 1310 1075 1366 liberum
1091 1310 1166 1380 emit,
1185 1309 1311 1379 quemuis
1329 1312 1359 1362 et
1378 1300 1572 1390 [ζῇ-ιιι
1622 1303 1730 1361 8-3

97 1401 141 1456 ille
160 1415 190 1456 se
208 1405 349 1470 pateretur
366 1401 473 1470 uenire,
497 1405 589 1456 tamen
614 1415 668 1455 non
692 1402 785 1469 potest
808 1399 994 1455 eustadioers
1017 1400 1043 1454 ei
1066 1399 1114 1470 qui
1136 1398 1172 1454 ad
1196 1397 1351 1453 libertatem
1369 1397 1537 1466 proelsmst:

97 1489 146 1544 sed
165 1489 189 1543 si
207 1488 253 1542 alii
271 1504 333 1543 eum
353 1489 490 1558 ignoranti
508 1487 671 1556 uendiderit,
690 1487 872 1557 denegabitur
890 1489 915 1544 ei
932 1489 1120 1558 proslamatio.

41 1577 80 1634 34
151 1575 301 1632 Unrrssus
319 1577 388 1632 libro
406 1578 537 1647 singulari
555 1577 761 1647 pandectarum.
798 1576 951 1646 imperator
969 1577 1125 1632 Antoninus
1146 1574 1289 1632 eonsdtuit
1305 1588 1361 1630 non
1379 1566 1539 1656 QTA*
1555 1571 1683 1650 sse?-
1710 1563 1741 1634 Sj

97 1665 166 1720 alias
189 1663 224 1719 ud
247 1664 399 1720 libertatem
423 1666 665 1736 proclamationem
689 1665 816 1734 cuiquam
838 1660 1064 1736 permittendam,
1091 1665 1144 1720 nisi
1169 1664 1246 1735 prius
1270 1661 1538 1718 administrationum
1556 1670 1627 1713 ree
1646 1666 1681 1702 ι
1711 1655 1733 1694 ¹⁵

97 1755 217 1809 rationes
235 1753 393 1823 reddiderit,
411 1769 481 1824 quas
498 1769 560 1808 eum
582 1753 639 1828 {lin
658 1754 791 1812 seruitute
810 1759 885 1808 esset
902 1754 1050 1824 gessisset.
1553 1758 1592 1804 tr
1630 1745 1693 1794 ,3
1708 1727 1769 1782 Μ

42 1843 81 1901 35
151 1843 332 1898 Promissus
350 1843 419 1899 libro
431 1859 503 1899 nono
516 1857 718 1912 responsorum.
747 1840 848 1897 Βιιιιι
863 1841 899 1897 ad
911 1843 1005 1912 templi
1018 1841 1180 1910 eustadium,
1199 1839 1274 1910 quod
1286 1839 1361 1896 aedi·
1380 1831 1539 1923 Q
1555 1844 1578 1898 Ρ
1594 1833 1688 1886 (ἱ
1712 1821 1732 1875 P

98 1929 173 1986 beari
192 1932 266 1986 'litia
283 1931 378 2002 uoluit,
397 1931 550 1987 destinatos
567 1945 657 2002 neque
675 1930 858 1986 manumissos
875 1929 984 1986 heredis
1002 1945 1065 1986 esee
1083 1930 1214 1986 eonstitit.

42 2019 80 2078 36
151 2020 230 2074 Ιιιιιιι
247 2019 315 2074 libro
334 2019 497 2075 dnodeeimo
514 2034 717 2090 responsorum.
753 2019 887 2074 Dominus
905 2018 952 2088 qui
970 2019 1103 2088 optinuit,
1121 2020 1145 2074 si
1163 2018 1230 2074 uelit
1247 2032 1358 2072 seruum
1379 2009 1578 2099 [ΜΡ
1602 1996 1735 2062 q?

99 2123 177 2162 suum
197 2107 342 2177 ubduosre,
361 2109 417 2163 litis
436 2108 654 2163 aestimationem
672 2123 722 2178 pro
740 2123 773 2163 eo
793 2107 917 2178 aeeipere
935 2123 991 2162 non
1009 2114 1132 2178 tegetur.
1556 2117 1582 2157 ss
1595 2098 1692 2148 θ’
1718 2086 1740 2127 '⁰

42 2197 80 2254 37
152 2196 377 2252 censueramus
395 2195 464 2252 libro
482 2196 605 2252 seeundo
622 2195 824 2266 quaestionum.
852 2195 1005 2251 Consentio
1021 2197 1129 2266 priuata
1143 2209 1232 2265 neque
1250 2209 1361 2249 seruum
1394 2185 1581 2275 QP
1602 2180 1693 2235 αἱ
1723 2165 1742 2220 P

98 2299 263 2354 quemquam
282 2299 371 2354 nequo
389 2285 516 2340 libertum
536 2285 651 2340 alienius
669 2283 760 2340 faeere
777 2287 878 2353 potest.

42 2373 80 2431 38
151 2373 271 2430 Patruus
293 2373 362 2429 libro
385 2374 481 2443 qrrinto
498 2373 605 2430 deeimo
623 2362 826 2443 responsorum.
862 2373 964 2427 Paulus
982 2373 1137 2442 respondit,
1156 2373 1194 2441 si,
1213 2376 1244 2426 ut
1261 2385 1360 2442 propo·
1393 2364 1581 2436 Πεῖῖιι)
1610 2358 1693 2413 ‘3
1732 2339 1750 2396 P

98 2462 184 2532 nitur,
203 2467 267 2532 post
284 2461 434 2533 perleetam
453 2463 513 2517 sine
531 2463 587 2518 ulla
604 2461 764 2518 eondieione
782 2462 949 2531 emptionem
971 2467 1070 2531 postes
1087 2465 1195 2530 emptor
1212 2473 1247 2514 en
1264 2460 1410 2514 uoluntate
1429 2475 1483 2514 sus
1499 2459 1541 2513 lit·
1752 2517 1762 2557 ι

98 2556 173 2606 teras
191 2549 290 2620 emisit,
308 2549 409 2620 qulbus
426 2549 601 2620 profiteretur
618 2565 649 2605 ss
666 2556 731 2621 post
748 2556 852 2606 eertum
871 2554 980 2619 tempus
999 2549 1229 2605 manumissorum
1247 2561 1406 2617 eumquem
1427 2551 1541 2615 emerat,
1558 2558 1584 2599 ιι
1613 2537 1698 2590 ³⁸
1739 2521 1750 2561 ¹

67 2647 154 2694 rnon
171 2639 259 2693 uideri
282 2654 330 2693 eas
352 2640 457 2694 litteras
482 2638 519 2694 sd
542 2639 765 2694 eonstitutionem
788 2639 845 2694 dini
862 2639 947 2693 llarei
969 2638 1113 2708 pertinere.
1150 2636 1227 2692 Idem
1245 2635 1389 2705 respondit
1406 2636 1541 2692 eonstitu-

100 2727 200 2781 tionem
220 2726 331 2796 quidem
350 2727 408 2781 diui
425 2727 510 2798 Masei
528 2727 563 2782 ad
580 2725 735 2782 libertatem
754 2743 847 2784 eorum
866 2727 1063 2796 mancipiorum
1082 2726 1233 2796 pertinere,
1252 2740 1323 2796 quas
1342 2725 1395 2780 bae
1412 2725 1477 2795 lege
1495 2737 1541 2780 ue·

100 2814 212 2881 nierint,
239 2820 270 2870 ιιι
293 2821 357 2884 post
378 2820 487 2886 tempus
510 2816 779 2871 manumitterentur:
806 2815 856 2871 sed
879 2815 997 2870 eundern
1025 2813 1147 2870 fauorem
1171 2813 1305 2870 libertatis
1328 2812 1543 2884 oonsequendee

101 2916 186 2956 eausa
203 2902 285 2957 etiam
304 2917 365 2958 eam
384 2905 489 2974 mereri,
507 2919 557 2975 pro
575 2919 631 2974 qua
643 2903 769 2960 dominus
786 2904 903 2974 pretium
917 2903 1031 2974 aeeepit,
1051 2908 1082 2958 ut
1094 2903 1219 2960 aneillam
1232 2917 1310 2959 suam
1323 2903 1542 2970 manumitteret,
1764 2954 1787 2997 30

67 2996 82 3041 a
101 3005 163 3044 eum
181 2990 253 3045 idem
273 2992 355 3046 etiam
373 2992 498 3048 libertam
517 2991 661 3048 habiturus
679 2993 722 3048 sit
757 2993 917 3058 Quaesitum
936 2997 992 3063 est,
1012 3007 1048 3046 an
1066 2997 1174 3061 emptor
1192 3007 1272 3047 semro
1290 2997 1366 3047 reste
1383 2989 1542 3046 libertatem
1560 3005 1586 3045 so
1631 2979 1707 3030 θ’

101 3078 208 3134 dederit
225 3080 345 3135 nondum
363 3083 451 3150 pretio
470 3081 568 3136 soluto.
594 3081 697 3136 Paulus
714 3081 855 3150 respondit
872 3095 997 3146 seruum,
1021 3095 1103 3150 quem
1127 3079 1255 3136 uenditor
1277 3079 1393 3150 emptori
1418 3078 1542 3147 tradidit,

101 3167 125 3221 ei
143 3167 168 3222 ei
187 3183 236 3238 pro
253 3169 341 3237 pretio
360 3167 532 3226 satisfactum
551 3174 606 3238 est,
631 3175 661 3224 et
678 3169 798 3225 nondum
817 3170 906 3240 pretio
923 3169 1014 3224 soluto
1031 3169 1060 3224 in
1077 3167 1158 3224 bouis
1176 3169 1307 3240 emptoris
1324 3183 1387 3223 esse
1406 3167 1541 3238 eoepisee

69 3262 82 3305 ι
101 3254 187 3312 Gaius
205 3256 285 3312 Seius
303 3257 425 3313 Stiebum
444 3273 555 3313 seruum
573 3259 659 3313 Lueio
677 3258 751 3313 Titio
775 3257 900 3313 uendidit
923 3258 975 3326 ita,
1000 3262 1032 3312 ut
1048 3257 1140 3314 Titius
1157 3255 1281 3312 Stiehum
1303 3263 1368 3327 post
1390 3257 1543 3312 triennium

100 3347 317 3416 manumitteret,
341 3347 366 3401 si
384 3347 513 3402 contiuuo
530 3346 647 3401 triennio
666 3347 810 3402 seruisset:
835 3346 884 3402 sed
907 3346 1028 3402 nondum
1052 3351 1150 3401 exseto
1168 3351 1292 3417 tempore
1309 3345 1412 3400 trierem
1431 3344 1543 3401 Stiebus

100 3433 173 3504 ibgit
192 3439 221 3489 et
245 3439 308 3504 post
331 3435 500 3505 aliquantum
524 3435 656 3505 temporis
680 3433 810 3490 defuneto
828 3434 901 3489 Titio
925 3436 1053 3490 reuertit:
1076 3449 1193 3504 quaero,
1217 3451 1252 3490 en
1274 3433 1369 3490 obstet
1385 3432 1485 3489 Stieho
1508 3432 1544 3488 ad
1561 3448 1588 3488 ιι

101 3523 317 3592 consequendam
333 3537 372 3584 ,ιι
389 3523 547 3578 uenditione
565 3522 728 3593 libertatem,
747 3523 821 3593 quod
839 3529 904 3579 ante
922 3523 1068 3579 triennium
1087 3522 1253 3579 diseesserit
1281 3521 1384 3577 Paulus
1397 3522 1544 3593 respondit

101 3611 253 3666 seeundum
276 3626 309 3666 ea
333 3625 403 3681 quae
427 3615 616 3682 proponuntur
639 3613 749 3682 expleto
772 3617 910 3682 tempore,
937 3617 1002 3682 post
1024 3612 1098 3683 quod
1121 3610 1233 3668 Stiebue
1256 3611 1413 3666 manumitti
1438 3611 1543 3682 debuit,

100 3697 254 3754 libertatem
273 3699 299 3754 ei
318 3701 491 3770 competisse.
1793 3748 1800 3773 ‚

45 3784 83 3842 39
153 3787 231 3842 Iussu
249 3787 317 3843 libro
335 3789 431 3858 quinto
450 3789 655 3844 sententiarum.
684 3787 736 3844 Oui
752 3787 904 3844 noesseltus
921 3787 1057 3858 probandi
1074 3788 1109 3844 de
1121 3788 1292 3858 ingenuitate
1310 3801 1363 3842 sua
1380 3783 1586 3874 Q?
1682 3761 1740 3816 q

70 3884 82 3927 ι
101 3891 156 3931 non
175 3875 316 3946 inoumbit‚
335 3878 407 3932 ultro
420 3878 443 3932 si
456 3877 515 3946 ipe
527 3877 643 3947 probare
655 3877 801 3945 desideret,
820 3875 974 3932 audiendus
985 3882 1036 3932 ιιι.
1064 3877 1116 3943 Qui
1128 3876 1164 3932 de
1175 3877 1347 3947 ingenuitate
1360 3885 1545 3948 eognoseuut,
1562 3891 1588 3932 ss
1682 3855 1744 3906 ⁹*
1796 3868 1800 3877 ’

101 3963 137 4019 do
155 3965 292 4020 eulumnia
309 3967 376 4036 eius,
395 3966 442 4035 qni
460 3971 563 4021 temere
581 3966 796 4022 eontrouersiam
815 3966 909 4035 mouit,
932 3965 967 4020 ad
986 3964 1097 4020 modum
1116 3965 1190 4020 exilii
1207 3971 1324 4036 possunt
1341 3963 1415 4020 terre
1433 3971 1544 4022 senten·

69 4053 177 4108 emam.
204 4053 323 4110 Tutores
342 4055 386 4109 uel
405 4059 544 4109 curatores
561 4056 740 4125 pupillorum,
763 4068 878 4123 quorum
902 4054 1016 4109 tutelam
1035 4059 1064 4108 et
1081 4069 1126 4109 res
1144 4053 1422 4125 administrausmnt,
1447 4061 1547 4125 postes

69 4149 83 4192 ι
102 4145 191 4196 status
209 4142 398 4210 quaestionem
417 4140 508 4197 faeere
525 4158 580 4198 non
598 4147 722 4213 possunt.
749 4143 863 4198 llasitus
876 4141 954 4198 uxori
966 4141 1111 4213 eidemque
1122 4141 1237 4198 libertae
1249 4146 1339 4198 status
1351 4145 1544 4213 quamtimem

102 4227 203 4284 inferre
221 4241 276 4285 non
294 4229 461 4299 prohibetur.
1563 4247 1591 4286 ss
1682 4211 1746 4265 μ

45 4313 86 4372 40
154 4317 414 4375 Haemosurusuus
435 4317 504 4374 libro
530 4318 625 4388 quinto
648 4319 714 4374 iuris
737 4319 928 4390 epitomarum.
971 4319 1041 4375 Cum
1064 4324 1147 4390 pasto
1169 4319 1324 4390 partitionis
1349 4321 1434 4391 pretii
1459 4321 1547 4378 maior
1562 4319 1589 4374 P
1689 4284 1750 4342 ἦ

102 4405 206 4547 ιίςὲιιιν
214 4407 292 4546 “iiim
304 4407 430 4462 uenalem
443 4421 473 4462 se
485 4405 620 4477 praebuit,
633 4423 684 4464 nee
700 4413 764 4479 post
775 4407 1017 4464 manumissionem
1029 4408 1064 4463 ad
1076 4407 1248 4464 libertatem·
1256 4409 1432 4480 proclamare
1443 4415 1546 4482 potest.

102 4495 146 4562 F(
203 4495 229 4548 Z
261 4494 322 4563 οι)

103 4615 275 4672 litidumus
292 4622 370 4674 notat
389 4628 436 4674 ins.
508 4621 520 4654 ²
537 4619 713 4676 libertinitate
731 4623 766 4690 (rs.
781 4621 829 4689 tlt
899 4622 911 4657 ⁸
929 4638 947 4677 a
963 4620 1159 4678 libertinitate?

103 4738 273 4808 blibertate]
294 4741 321 4805 F,
339 4739 516 4796 libertinitate
533 4741 677 4798 XYMOO
719 4745 793 4799 tea·
847 4745 1016 4800 ermerus*
1051 4743 1260 4800 timerorlffl
1295 4745 1545 4815 35abquantulum

102 4813 183 4864 uetur
196 4810 229 4863 'id
249 4813 292 4864 ost
310 4826 364 4880 quo
382 4811 655 4868 eauetur'debisF’
704 4816 738 4869 10
752 4829 793 4869 re·
847 4815 1022 4870 aroreTuur.
1038 4816 1043 4882 l
1059 4813 1545 4886 adeonssquendam1XlelOasd

101 4879 635 4951 linquernnw{sanilts‘s'exisssntlv
662 4885 696 4940 17
706 4885 794 4954 re'gu·
847 4883 1015 4954 sequendum
1029 4887 1081 4940 ΡΥ
1112 4886 1334 4942 &libertatem
1347 4889 1387 4941 Ρ
1423 4890 1545 4946 seeum

102 4948 622 5020 larum'sponsorum'uerbo'seruosF‘
664 4955 699 5009 18
710 4955 794 5010 desti·
846 4955 1027 5025 potisss't'l'*
1075 4957 1112 5012 40
1129 4957 1190 5026 ipso
1208 4957 1244 5010 Ρ
1288 4958 1325 5012 43
1343 4957 1543 5028 ι“ιι“ιιιιιιΡΙ

103 5027 184 5076 natus
202 5025 239 5076 F·
292 5024 327 5078 24
345 5023 443 5079 litteris
461 5025 498 5078 F¹
552 5025 588 5081 25
605 5024 712 5096 qu‘i'sm
730 5025 792 5096 Ftl
847 5027 1040 5098 quaestionum
1057 5028 1095 5082 pr
1148 5029 1184 5084 46
1201 5026 1311 5098 prebuit
1329 5029 1357 5084 F

1654 3382 1787 3524 ⁶⁶¹1
