3584 5454
276 269 441 338 xxxxw
463 271 479 335 1
503 275 617 332 51-56
954 261 1043 344 694
1364 289 1411 337 nn
1434 291 1712 340 smnrussorunus

221 427 259 487 51
330 429 407 484 ineu
430 427 499 483 libro
523 427 605 484 tertio
629 441 831 498 responsorum.
868 426 942 482 Inter
965 440 1013 482 eos
1035 423 1215 483 fideiussores·
1229 427 1301 483 actio
1320 427 1469 483 diuidenda
1488 434 1541 498 est,
1561 425 1752 512 [itae-Tei?

167 523 168 528 ’
277 518 324 589 qui
346 517 462 572 solidum
487 523 516 573 et
538 523 631 588 partes
655 517 747 572 uiriles
765 514 820 571 lide
837 532 890 571 sua
906 530 968 571 esse
986 515 1133 570 iusserunt.
1165 516 1305 572 diuersum
1323 517 1375 572 erit
1391 516 1486 573 uerbis
1504 519 1546 574 itu
1564 505 1712 589 con’oeffi

277 606 401 663 'solidum
421 611 469 661 aut
486 612 591 677 partem
610 605 716 660 uirilem
735 604 789 660 lide
807 611 863 659 tua·
874 619 936 660 esse
954 602 1059 660 iubes?
1077 609 1143 660 tune
1161 605 1232 660 enim
1248 605 1284 662 ab
1296 606 1373 661 initio
1386 622 1440 662 non
1452 607 1507 662 nisi
1520 609 1614 663 uiriles
1625 615 1713 680 partes

245 705 259 751 1
277 695 400 766 singulos
424 695 524 751 debere
543 695 715 774 conueniet1.
752 693 922 763 Fideiussor,
945 694 992 763 qui
1009 696 1116 764 partem
1134 695 1268 764 pecuniae
1286 709 1337 750 suc
1355 697 1465 752 nomine
1483 697 1530 752 uel
1547 698 1588 752 rei
1607 699 1712 767 promit·

277 785 353 840 tendi
376 783 473 856 soluit,
497 800 552 854 qno
576 785 665 840 minus
688 783 791 839 residui
815 783 950 838 diuisione
967 780 1042 838 iacta
1059 783 1191 852 portionis
1209 783 1339 839 iudicium
1358 785 1490 855 accipiat,
1515 801 1644 842 mousare
1662 798 1741 843 none

278 873 374 930 debet:
393 889 454 930 eam
473 875 545 930 enim
564 875 744 945 quantitatem
762 873 834 927 inter
852 885 900 927 eos
918 871 965 941 qui
983 871 1116 928 soluendo
1135 875 1200 926 sunt
1217 872 1303 927 diuidi
1321 875 1456 944 conuenit,
1475 889 1561 944 quam
1579 876 1635 931 litis
1649 883 1712 930 tem-

277 978 344 1034 pore
362 963 463 1034 singuli
481 962 591 1018 debent.
618 963 668 1018 sed
686 961 831 1016 humanius
849 965 901 1030 est,
919 961 943 1015 si
961 965 990 1015 et
1008 962 1077 1016 ulter
1094 960 1226 1016 soluendo
1245 962 1281 1016 sit
1293 961 1348 1016 litis
1361 965 1572 1020 contestationis
1583 971 1711 1035 temporo,

245 1061 326 1123 uper
349 1053 538 1122 exceptionem
562 1052 588 1108 ei
606 1052 653 1122 qui
671 1051 753 1106 soluit
771 1051 904 1104 succurri.
940 1049 1003 1105 Duo
1020 1049 1060 1105 rei
1077 1049 1254 1120 promittendi
1273 1051 1419 1121 separatim
1437 1049 1617 1109 fideiussores
1633 1053 1712 1109 dedc-

277 1146 354 1197 runt:
373 1141 477 1198 inuitus
495 1141 613 1198 creditor
630 1141 701 1196 inter
718 1153 814 1194 omnes
832 1137 1008 1194 fideiussores
1026 1141 1148 1194 acdones
1166 1137 1290 1194 diuidere
1308 1155 1363 1195 non
1381 1141 1497 1211 cogitur,
1516 1141 1566 1197 sed
1586 1143 1711 1198 intereos
1727 1154 1739 1194 ι

277 1229 429 1300 dumtaxat,
449 1231 496 1301 qui
513 1245 563 1302 pro
581 1229 696 1299 singulis
714 1228 927 1283 interuenerunt.
955 1228 1036 1298 plane
1054 1229 1078 1282 si
1096 1228 1163 1283 uelit
1181 1229 1316 1284 uodonem
1336 1217 1414 1284 suum
1429 1229 1503 1286 inter
1515 1231 1526 1301 Ι
1539 1245 1636 1286 omnes
1647 1230 1712 1286 diui·
1726 1235 1785 1287 itit

245 1329 260 1376 ι
278 1319 356 1390 dere,
381 1333 436 1374 non
454 1319 506 1375 erit
522 1317 720 1390 prohibendus,
745 1333 800 1372 non
818 1319 907 1387 magis
926 1332 1007 1387 quam
1026 1317 1049 1372 si
1067 1316 1137 1372 duos
1155 1331 1217 1372 rcos
1234 1333 1285 1388 pro
1302 1317 1427 1389 partibus
1444 1321 1616 1376 conueniret.
1651 1320 1711 1376 cte-

278 1407 350 1464 ditor
373 1409 474 1479 pignus
496 1407 648 1464 distrahere
671 1421 726 1461 non
748 1406 869 1476 cogitur,
892 1407 916 1462 sl
933 1404 1122 1462 fideiussorem
1141 1407 1300 1476 simpliciter
1317 1413 1460 1478 acceptum
1479 1410 1583 1465 omisso
1601 1410 1711 1480 pignore

244 1497 345 1554 saniir
362 1499 517 1554 conuenire.
554 1497 622 1553 (ium
641 1497 712 1551 inter
729 1493 904 1551 fideiussores
922 1496 1029 1551 οοιίοιιο
1047 1495 1137 1550 diuisa
1155 1493 1267 1564 quidam
1284 1501 1349 1566 post
1364 1497 1441 1552 litem
1459 1503 1644 1554 contestatam
1661 1499 1710 1554 sol·

277 1585 368 1642 nendo
387 1602 448 1642 case
466 1587 614 1655 desierunt,
632 1599 666 1640 ea
683 1599 727 1640 res
746 1584 782 1640 ad
800 1599 869 1641 ocus
887 1585 947 1640 eius
965 1585 1013 1655 qai
1031 1583 1163 1640 soluendo
1178 1589 1222 1640 est
1233 1599 1287 1640 non
1299 1586 1424 1656 pertinet,
1443 1601 1496 1642 nec
1508 1587 1610 1643 auxilio
1622 1586 1710 1643 deien-

245 1676 359 1732 tdetur
381 1677 480 1732 aetatis
504 1680 594 1732 actor:
619 1689 674 1729 non
692 1674 765 1728 enim
783 1673 916 1752 deceptus
934 1673 1043 1729 uidetur
1061 1674 1119 1728 iure
1137 1674 1275 1729 communi
1292 1689 1368 1730 usus.
1404 1675 1490 1730 Bonis
1508 1675 1633 1731 damnati
1647 1674 1710 1732 lide
1726 1689 1748 1730 re

277 1765 392 1822 irraeorls
409 1764 477 1820 linco
494 1763 641 1820 uindicatis
659 1763 730 1818 inter
746 1759 922 1819 fideiussores
940 1762 1011 1818 actio
1028 1767 1126 1833 postea
1143 1763 1168 1818 si
1179 1762 1265 1818 diuidi
1278 1763 1406 1834 coeperit,
1424 1770 1456 1820 ut
1467 1764 1585 1836 heredia
1603 1765 1643 1821 ita
1653 1763 1709 1821 fisci

278 1856 411 1912 rationem
430 1851 523 1909 baberi
542 1855 658 1923 oportet.

222 1939 260 2000 52
330 1944 408 2000 Ιιιιιιι
425 1943 495 1998 libro
512 1941 656 1997 uudeoimo
674 1955 877 2010 responsorum.
904 1939 1007 1996 Amissi
1025 1939 1105 1996 ruina
1122 1940 1244 2011 pignoris
1259 1939 1388 1996 damnum
1400 1946 1457 1997 tam
1470 1941 1537 1998 lide·
1556 1939 1744 2027 Q?

277 2033 391 2090 iusseris
409 2047 491 2104 quam
509 2032 548 2087 rei
566 2029 742 2102 promittendi
759 2031 909 2100 periculum
929 2035 1044 2100 spectat,
1063 2043 1114 2084 neo
1132 2029 1168 2085 ad
1186 2045 1242 2085 rem
1258 2029 1414 2101 pertinebit,
1433 2047 1457 2086 ιι
1449 2029 1616 2088 fideiussor
1626 2033 1710 2088 rtant

279 2128 423 2193 acceptus.
442 2119 553 2192 ‘quanto
577 2120 665 2175 minus
688 2135 723 2175 ex
746 2120 835 2189 pretio
857 2119 980 2190 pignoris
1004 2118 1128 2174 distanti
1151 2119 1421 2190 semaricpotnerit:
1444 2121 1506 2176 istis
1529 2123 1603 2177 enim
1622 2119 1709 2176 uerbis
1723 2133 1744 2176 ιι

246 2213 360 2268 nattam
384 2215 472 2266 totum
497 2210 629 2266 contineri
650 2209 788 2264 conuenit.
824 2209 899 2264 Inter
917 2205 1091 2264 fideiussores
1109 2208 1218 2263 untione
1236 2207 1326 2264 diuisa
1343 2209 1543 2266 condemnatus
1562 2212 1587 2266 si
1604 2211 1709 2266 desierit

278 2315 340 2357 esse
362 2299 507 2368 soluendo,
531 2297 606 2354 frans
630 2299 675 2352 uel
698 2297 817 2368 segnitia
841 2295 992 2368 tutoribus,
1015 2297 1063 2366 qui
1083 2296 1232 2353 iudicatum
1250 2299 1379 2368 persequi
1394 2305 1559 2372 potueruut,
1583 2300 1707 2356 damnum

278 2389 369 2445 dabit:
394 2387 468 2460 quod
486 2388 510 2444 si
527 2387 643 2442 diuisam
663 2387 798 2442 actionem
817 2387 888 2442 iuter
904 2399 966 2455 eos,
984 2386 1105 2455 quinon
1123 2390 1201 2441 erant
1219 2386 1364 2456 soluendo,
1382 2387 1533 2459 constabit,
1551 2391 1706 2461 popilliae

246 2487 261 2532 u
279 2479 351 2534 mine
369 2477 549 2533 restitutionis
567 2475 698 2531 auxilium
716 2475 913 2546 implorabitur.
948 2473 1138 2532 Fideiussorcs
1156 2491 1173 2530 a
1191 2475 1294 2531 colonis
1312 2473 1392 2531 datos
1410 2477 1494 2532 etiam
1512 2477 1549 2534 ob
1568 2479 1704 2550 pecuniam

280 2567 352 2624 dotis
369 2567 543 2636 praediorum
561 2565 649 2621 teneri
666 2566 804 2635 conuenit,
822 2579 884 2620 oum
903 2579 937 2620 eo
954 2579 1063 2635 quoque
1080 2565 1187 2636 species
1205 2563 1347 2620 locationis
1364 2565 1505 2624 uinculum
1517 2567 1555 2622 ad
1567 2568 1704 2624 retrabat:
1718 2579 1739 2620 u

248 2665 262 2709 ι
280 2671 331 2712 nco
349 2660 446 2726 mutat,
463 2653 607 2712 confestim
625 2669 661 2709 an
679 2654 822 2710 interiecto
839 2659 962 2725 tempore
979 2651 1062 2710 fldem
1080 2669 1158 2709 suam
1177 2653 1388 2709 adstrinxerunt
1418 2655 1515 2712 Plures
1529 2657 1652 2713 ciusdem
1663 2671 1703 2728 pc

280 2745 377 2802 cuniae
395 2743 548 2800 credendae
565 2743 749 2813 mandatores,
768 2743 792 2798 si
809 2757 880 2799 unus
897 2743 998 2799 iudicio
1016 2743 1140 2814 eligatur,
1158 2742 1328 2800 absolutione
1346 2757 1455 2814 quoque
1472 2751 1570 2802 secuta
1580 2761 1634 2802 uon
1646 2745 1704 2801 libe

280 2840 383 2904 rantur,
402 2833 452 2890 sed
470 2847 564 2890 omnes
581 2832 731 2888 liberantur
747 2832 865 2902 pecunia
882 2831 980 2888 soluta.

224 2919 262 2980 53
333 2925 411 2978 Inuus
428 2921 496 2979 libro
515 2923 610 2994 quinto
628 2922 734 2977 decimo
750 2935 951 2991 responsorum.
977 2921 1082 2992 Capitis
1094 2921 1225 2992 postulati
1237 2921 1412 2978 fideiussores
1424 2937 1460 2978 ιιι
1473 2939 1537 2980 con·
1558 2919 1732 3009 Q?

280 3017 371 3070 tractu
388 3013 457 3068 citra
475 3013 558 3068 ullam
575 3010 816 3082 praescriptionem
835 3025 852 3065 a
870 3011 1013 3082 creditore,
1032 3013 1078 3082 qui
1096 3027 1171 3067 reum
1190 3012 1348 3082 postulauit,
1366 3017 1442 3067 recte
1459 3015 1666 3070 conueniuntur.

224 3098 264 3160 54
333 3103 453 3158 Paucos
474 3099 544 3158 libro
567 3101 649 3156 tertio
671 3099 871 3171 quaestionum.
908 3097 969 3155 Si
960 3117 988 3156 ιιι
1011 3101 1125 3172 pignore
1145 3100 1331 3157 contrahendo
1349 3099 1483 3172 deceptus
1500 3103 1539 3158 sit
1557 3095 1733 3188 Q?

281 3191 413 3261 creditor,
431 3191 478 3261 qui
496 3189 683 3246 fideiussorem
701 3205 751 3260 pro
769 3192 865 3244 mutuo
883 3189 1003 3259 accepit,
1021 3189 1080 3259 agit
1096 3190 1233 3244 contraria
1249 3191 1430 3261 pignoraticia
1446 3192 1566 3263 audeus,
1585 3196 1614 3249 in
1630 3207 1701 3264 quam

281 3281 415 3336 notionem
439 3279 533 3336 ueniet
555 3277 629 3348 quod
651 3278 765 3334 interest
787 3277 937 3333 creditoris.
970 3278 1020 3333 sed
1042 3294 1076 3334 ea
1099 3279 1170 3334 actio
1187 3277 1374 3335 fideiussorem
1393 3293 1509 3337 onerare
1525 3298 1582 3338 non
1600 3282 1703 3355 poterit:

281 3369 426 3426 nonenim
445 3383 494 3438 pro
511 3368 634 3438 pignore,
653 3367 703 3423 sed
720 3381 770 3437 pro
787 3367 905 3438 pecunia
922 3363 1117 3422 mutuafidem
1136 3383 1213 3423 suam
1232 3365 1344 3438 obligat.
1462 3387 1463 3390 ¹
1718 3381 1737 3422 u

224 3456 263 3518 55
333 3458 411 3514 Inna
427 3457 497 3513 libro
514 3456 660 3513 undecimo
678 3457 878 3527 quaestionum.
905 3454 935 3511 Si
952 3457 993 3512 ita
1010 3457 1157 3526 stipulatus
1175 3473 1192 3513 a
1210 3457 1273 3514 Seio
1286 3456 1376 3514 icero:
1396 3455 1536 3530 ‘quantam
1570 3453 1736 3529 ansz'sP

281 3547 433 3619 ‘pecuniam
445 3547 520 3603 Titio
537 3545 701 3616 quandoque
720 3543 869 3618 credidero,
889 3545 954 3600 dare
972 3545 1117 3616 spondesl'
1136 3553 1165 3603 et
1180 3545 1355 3604 fideiussores
1367 3563 1510 3620 accepero,
1528 3549 1629 3608 deinde
1640 3535 1706 3606 'libb

282 3638 393 3708 saepius
417 3636 571 3692 credidero:
594 3649 693 3706 nempe
716 3635 796 3692 Seius
817 3636 845 3691 in
868 3649 963 3691 omnes
986 3649 1107 3692 summas
1130 3635 1268 3706 obligatus
1290 3639 1334 3692 est
1354 3639 1383 3692 et
1401 3653 1450 3708 per
1468 3637 1521 3695 hoo
1539 3638 1707 3697 fideiussores

282 3741 400 3798 quoqne,
419 3730 448 3780 ct
464 3725 501 3796 id,
520 3723 593 3795 quod
611 3739 646 3780 er
664 3723 743 3780 bonis
761 3725 821 3780 eins
839 3724 942 3782 seruari
960 3729 1059 3795 potest,
1077 3723 1203 3781 omnibus
1221 3741 1309 3796 aequo
1326 3725 1385 3781 iure
1402 3725 1538 3798 prolicere
1555 3729 1647 3785 debet.

225 3809 264 3870 56
334 3817 412 3872 Inuus
432 3813 501 3870 libro
524 3815 619 3884 quinto
643 3813 750 3870 decimo
772 3815 971 3884 quaestionum.
1008 3813 1038 3871 Sl
1060 3815 1121 3885 quis
1144 3830 1193 3886 pro
1215 3829 1261 3885 eo,
1286 3811 1743 3902 quilibertnsnon[i.‘as*,1,‘r'er³

249 3911 263 3957 1
283 3909 356 3961 esset
378 3909 407 3960 et
429 3919 527 3975 operas
550 3907 751 3974 praestaturum
772 3919 803 3959 se
820 3904 950 3973 iurasset,
973 3901 1118 3960 fideiussor
1135 3903 1199 3975 crit,
1222 3920 1277 3960 non
1294 3903 1440 3960 ausuum.
1476 3906 1547 3962 item
1566 3894 1709 3964 sitini]
1723 3919 1747 3961 ιο

281 3999 359 4066 patre
376 3994 421 4049 uel
438 4008 535 4049 sericus
553 4009 571 4047 u
588 3993 698 4049 domino
717 3993 870 4064 stipuletur,
888 4007 940 4048 nec
956 3989 1101 4049 fideiussor
1118 3999 1248 4065 acceptus
1265 3999 1382 4064 tenetur,
1401 3995 1467 4066 quia
1484 4011 1540 4052 non
1558 4003 1652 4070 potest
1663 4012 1710 4069 pro

283 4083 379 4140 eodem
398 4087 427 4138 et
443 4082 533 4138 eidem
551 4097 613 4137 esse
631 4081 777 4152 obligatus.
804 4098 839 4138 ex
857 4083 966 4139 diuerso
983 4098 1050 4153 ergo
1067 4087 1146 4154 patre
1164 4099 1182 4139 a
1197 4081 1254 4140 filio
1271 4083 1317 4138 uel
1334 4083 1445 4140 domino
1461 4099 1574 4142 aceruo
1586 4089 1711 4158 stipulatu

250 4171 426 4229 ufideiusscr
448 4173 579 4241 acceptus
602 4176 719 4227 tenetur.
756 4169 786 4226 Si
809 4187 934 4228 nummos
958 4172 1061 4228 alienos
1084 4173 1163 4244 quusi
1185 4177 1248 4229 tuor
1266 4177 1377 4230 mutuos
1396 4173 1506 4230 dederis
1522 4177 1585 4232 sine
1603 4177 1712 4248 stipala·

281 4263 369 4332 tione,
393 4277 445 4316 neo
461 4259 651 4316 fideiussorem
668 4261 755 4316 teneri
772 4261 938 4332 Pomponius
956 4262 1003 4318 uit.
1032 4259 1098 4332 q'uid
1117 4277 1195 4334 ergo,
1219 4263 1243 4318 si
1260 4263 1431 4333 consumptis
1447 4267 1570 4321 nummis
1587 4271 1713 4322 nmcatur

283 4351 438 4408 condictio?
468 4355 536 4420 puto
558 4347 747 4405 fideiussorem
771 4349 921 4421 obligatum
944 4349 1016 4407 iore:
1039 4352 1068 4408 in
1092 4366 1201 4408 omnem
1223 4352 1294 4408 enirn
1316 4367 1428 4409 οιοιοιι
1447 4359 1582 4425 acceptus
1599 4355 1756 4426 aldetonsi

250 4447 264 4492 ι
283 4455 354 4511 qnae
372 4455 407 4495 ex
425 4455 459 4495 oa
476 4439 665 4496 numeratione
682 4440 759 4495 nasci
775 4445 876 4510 potest
907 4441 960 4496 Pro
977 4438 1051 4496 furti
1061 4441 1168 4497 actione
1185 4439 1331 4498 fideiussor
1349 4441 1437 4514 accipi
1454 4449 1564 4514 potest:
1582 4445 1649 4503 item
1666 4459 1714 4519 pro

282 4545 325 4601 eo,
343 4530 390 4600 qui
408 4529 419 4600 l
439 4529 467 4584 in
484 4529 573 4600 legem
591 4527 730 4600 Aquiliam
749 4528 892 4586 commisit.
919 4529 1028 4588 diosna
1045 4545 1130 4588 causa
1147 4536 1190 4588 est
1206 4531 1377 4604 popularium
1396 4533 1546 4592 acdonum.
1729 4545 1790 4596 tati

281 4635 473 4706 ι’(ιιιιοο)

282 4782 292 4818 ¹
312 4777 457 4834 conuenit?

283 4918 468 4977 8suocurri'’t
481 4920 537 4977 duo
555 4921 594 4974 1⁴⁴²
637 4922 671 4976 19
689 4919 713 4977 si
731 4939 779 4976 om.
792 4922 829 4975 pr
872 4923 905 4978 21
925 4935 969 4976 ac·
1022 4923 1171 5011 Β(Αιοι.)
1217 4925 1254 4980 30
1271 4925 1423 4996 postulabit
1440 4927 1468 4981 F
1512 4930 1548 4986 ui
1566 4931 1714 5004 obliget&

283 4993 387 5050 uonef‘s
403 4991 492 5049 diuisa
515 4992 554 5048 F’
615 4994 650 5049 24
672 4992 708 5049 ob
729 4993 873 5080 pecuniam
897 4993 970 5050 dotis
1023 4993 1196 5061 ἒιιηγοοιτο
1215 4996 1242 5052 Β
1259 4998 1370 5068 (Aaou.)
1426 4999 1464 5056 43
1482 5000 1593 5060 dederit
1609 5005 1647 5060 Ρ

280 5065 465 5142 praediorum]
490 5065 529 5122 asi
552 5062 591 5120 ini
613 5066 670 5121 raic
687 5063 808 5121 'audiuere
826 5083 874 5129 τοι
891 5063 970 5138 ispo?
