3608 5460
271 261 449 330 xxxxiiii
470 265 488 328 i
509 271 604 326 5-13
702 263 706 304 ¹
946 253 1033 332 642
1348 275 1395 322 ns
1417 273 1702 324 oonsonnrornane

270 435 455 490 pararnonem
474 421 614 490 abluentis,
632 417 772 488 obligatur
786 415 897 487 quidem
915 415 995 484 quasi
1012 429 1047 469 ex
1065 413 1153 470 mutui
1170 413 1281 470 datione
1299 417 1329 468 ot
1346 413 1443 470 eadem
1462 413 1573 469 notione
1590 417 1703 482 tenetur,

271 524 327 578 qua
344 508 482 566 debitores
500 507 693 565 oreditoribus:
718 505 769 562 sod
787 521 842 560 non
858 507 952 574 potest
969 503 1090 573 intellegi
1108 503 1146 572 is,
1170 503 1218 572 qui
1235 517 1271 558 ox
1288 517 1323 558 sa
1340 517 1426 558 eausa
1442 507 1568 570 tenetur,
1592 517 1627 557 ox
1644 515 1704 556 enn-

271 601 362 652 traetu
380 597 518 669 obligatus
536 614 611 656 esso:
630 597 677 667 qui
695 596 766 651 eninr
785 594 869 650 soluit
885 607 935 663 per
952 607 1085 660 errorem,
1104 591 1193 662 magis
1211 589 1403 648 distrahendas
1421 589 1600 662 obligationis
1617 591 1706 646 animo

239 691 353 755 squam
378 686 579 743 eontrabendae
603 686 669 742 dare
691 683 809 740 uidetur.
845 680 875 738 Si
897 680 981 736 iudex
1005 681 1080 736 litem
1102 687 1181 736 snam
1200 678 1309 750 feeerit,
1334 695 1388 736 non
1406 677 1576 762 u.so‚18‚s.
1593 673 1707 750 tab-pa

271 775 381 846 proprio
398 791 433 831 ox
444 775 578 832 maleficio
590 774 728 845 obligatus
741 771 857 840 uidetur,
876 769 926 825 sod
938 769 1004 839 quia
1014 783 1103 840 nsque
1115 784 1150 824 ex
1162 773 1305 825 eentrmtu
1316 767 1454 838 obligatus
1465 771 1524 824 est¹
1538 769 1635 839 ntique
1647 783 1707 838 poe
1724 781 1737 821 s

272 879 351 920 easse
369 865 472 935 aliquid
490 865 664 934 intellegitur,
682 863 747 918 lieet
760 876 809 931 por
820 858 1039 930 imprudentiam,
1058 857 1120 912 ideo
1132 857 1242 914 uidetur
1253 858 1333 928 qnasi
1344 873 1380 913 ex
1391 855 1527 914 malebeio
1538 857 1636 912 teneri.
1654 842 1707 932 [ᾧ

240 954 300 1008 tis
325 969 448 1024 quoqne,
474 969 508 1008 ox
532 955 611 1008 euius
629 951 760 1008 eonaerdo
778 948 834 1014 (nol
851 947 962 1018 proprio
979 947 1065 1018 ipsius
1083 946 1127 1002 nel
1145 945 1282 1002 eonduoto
1300 947 1344 1002 uel
1362 947 1390 1002 in
1407 961 1463 1017 quo
1481 947 1569 1018 gratia
1588 941 1709 1030 Q

273 1041 425 1109 habitabat)
443 1043 579 1098 deioetnm
598 1042 751 1096 offusumuo
770 1037 872 1108 aliquid
890 1041 933 1092 ost
951 1037 1003 1104 its,
1027 1039 1058 1090 nt
1075 1035 1155 1091 alieni
1174 1039 1298 1106 nonoret,
1318 1037 1398 1106 qnasi
1415 1052 1450 1092 ex
1468 1034 1604 1092 malodoio
1622 1035 1709 1090 teneri

273 1131 395 1186 uidetur:
418 1131 480 1187 ideo
504 1135 596 1186 nutem
619 1143 674 1184 non
697 1127 806 1198 proprie
830 1141 865 1180 ex
888 1123 1022 1180 maloboio
1044 1122 1182 1194 obligatus
1204 1124 1384 1196 intellegitur,
1407 1125 1472 1193 qnia
1491 1125 1657 1196 plerumque
1673 1122 1708 1179 ob

274 1219 386 1274 alterius
405 1219 513 1289 onlpanr
531 1223 640 1274 tenetur
658 1222 707 1274 aut
724 1215 799 1272 serni
816 1219 865 1272 ant
881 1213 968 1270 libori.
995 1212 1041 1268 oui
1059 1212 1156 1268 similis
1173 1218 1216 1270 ost
1233 1213 1266 1283 is,
1284 1213 1331 1282 qui
1344 1228 1378 1270 ea
1389 1219 1477 1284 parte,
1495 1227 1552 1284 qna
1570 1209 1709 1298 [Q
1726 1229 1752 1268 re

274 1309 356 1378 uolgo
380 1308 433 1362 iter
455 1305 514 1363 fieri
533 1307 616 1376 solet,
639 1307 668 1362 id
686 1305 807 1376 positum
825 1308 874 1360 ant
891 1317 1055 1372 suspensum
1074 1300 1169 1372 babet,
1194 1301 1268 1371 quod
1285 1307 1392 1372 potest,
1415 1303 1440 1359 si
1457 1303 1603 1374 eeoidorit,
1628 1303 1709 1359 alieni

274 1411 382 1452 nonore.
414 1395 477 1452 ideo
501 1395 525 1450 si
549 1393 621 1451 filius
645 1393 763 1450 iamibas
785 1409 908 1450 mersum
933 1408 951 1447 a
972 1395 1051 1462 patre
1070 1387 1237 1448 habitauerit
1254 1391 1367 1462 etquid
1384 1408 1420 1448 ex
1437 1393 1571 1448 bonoculo
1588 1387 1710 1477 [ιῖιῇ

274 1486 333 1542 eius
351 1485 487 1540 deiectum
506 1485 659 1540 offusumuo
677 1484 714 1538 sit
731 1483 791 1538 siue
809 1481 875 1553 quid
892 1481 1012 1551 positum
1031 1493 1231 1550 suspensumuo
1249 1478 1388 1550 babuerit,
1406 1481 1485 1538 euim
1503 1497 1586 1538 easns
1603 1483 1709 1554 pedon·

274 1575 349 1630 loeus
367 1579 418 1643 oet,
437 1573 540 1628 Iuliano
558 1573 661 1643 plaenit
679 1583 705 1626 sn
723 1577 828 1642 patrem
847 1585 936 1642 noque
953 1569 988 1626 do
1000 1569 1107 1640 peculio
1119 1583 1207 1640 nequo
1219 1569 1345 1626 noralem
1357 1569 1477 1626 dandam
1489 1585 1553 1626 osse
1565 1571 1710 1642 monem,

243 1669 257 1713 e
275 1663 324 1718 sed
349 1679 411 1718 eum
434 1663 495 1733 ipso
519 1659 575 1718 tilio
598 1661 745 1732 mendum.
781 1661 851 1716 ltorn
873 1660 1008 1716 exereiter
1026 1657 1105 1714 nauis
1123 1663 1172 1712 ant
1190 1671 1332 1728 oanponae
1350 1664 1398 1714 sut
1415 1657 1517 1716 stabuli
1535 1659 1571 1716 do
1589 1655 1710 1743 [Q
1728 1672 1753 1714 rs

274 1752 375 1808 damno
399 1757 448 1806 aut
469 1749 555 1819 insto,
578 1749 653 1820 quod
675 1751 704 1804 in
727 1764 799 1804 naue
822 1752 871 1804 ant
894 1762 1019 1818 eanpena
1036 1752 1085 1802 aut
1102 1745 1211 1802 stabulo
1228 1745 1332 1802 foetum
1350 1747 1399 1818 sit,
1424 1748 1503 1818 qussi
1521 1763 1558 1804 ox
1576 1747 1710 1806 malofieio

275 1840 361 1896 tenori
383 1840 505 1909 uidetur,
531 1840 554 1894 si
573 1838 654 1896 modo
672 1838 758 1908 ipsius
777 1838 879 1894 nullum
898 1842 941 1893 eet
959 1833 1136 1906 maleficium,
1159 1835 1210 1892 sed
1227 1835 1343 1892 adonius
1360 1851 1467 1906 eornm,
1490 1851 1608 1908 quorum
1627 1853 1711 1909 opera

276 1943 374 1984 nauem
393 1933 441 1984 aut
459 1942 610 1997 eanponam
629 1933 678 1984 aut
694 1925 831 1990 stabulum
850 1929 1003 1982 exornaret:
1027 1940 1090 1980 eum
1108 1925 1180 1980 enim
1199 1939 1288 1995 nequo
1306 1939 1341 1980 ex
1359 1929 1503 1982 oontrsotn
1520 1927 1559 1982 sit
1576 1925 1710 1984 adnersm

276 2031 338 2072 oum
363 2017 512 2072 constituta
534 2016 603 2072 baoo
621 2016 693 2072 aelio
711 2021 741 2070 ot
758 2015 930 2086 aliquatenus
948 2015 1044 2084 eulpae
1063 2028 1126 2070 rona
1144 2018 1200 2084 ost,
1224 2013 1298 2084 qnod
1316 2027 1401 2084 opera
1418 2016 1552 2072 malornm
1570 2016 1709 2074 bominum

277 2109 408 2174 uteretur,
426 2105 488 2162 ideo
507 2105 586 2176 quasi
603 2119 639 2160 ex
657 2102 790 2160 malefieie
807 2105 894 2160 tenori
912 2103 1029 2159 uidetur.
1235 2125 1237 2130 v
1724 2114 1749 2155 rr

240 2191 258 2250 6
330 2194 449 2250 Pronus
466 2193 535 2250 libro
550 2197 647 2264 quarto
659 2191 696 2248 ad
708 2191 848 2250 Sabinum.
875 2193 907 2248 ln
925 2191 1052 2248 omnibus
1063 2190 1259 2261 temporalibus
1271 2191 1355 2248 aede·
1375 2188 1414 2276 {lt
1423 2205 1462 2260 nt.
1471 2207 1493 2259 1,
1501 2206 1525 2252 e.
1538 2203 1581 2266 ssp.
1590 2207 1629 2260 rs.
1638 2207 1653 2254 s
1662 2209 1707 2254 not
1723 2197 1742 2250 S

277 2281 358 2338 nibna
376 2282 427 2338 nisi
446 2281 612 2338 nouissimus
631 2287 705 2338 lotus
723 2281 783 2337 dies
801 2282 978 2352 eomploatnr,
995 2295 1050 2336 non
1067 2279 1128 2336 finit
1145 2278 1366 2350 obligationom¹.

241 2369 258 2427 7
331 2371 502 2426 Poueousus
521 2371 589 2426 libro
607 2371 703 2440 quinto
721 2369 829 2427 decimo
847 2370 882 2426 ad
901 2369 1041 2426 Sabinum.
1072 2369 1204 2426 Actiones
1221 2369 1355 2425 aduersus
1372 2373 1479 2440 patrem
1497 2367 1555 2426 filie
1574 2365 1706 2456 [HQ-1]
1721 2375 1739 2430 S

277 2460 411 2530 praestari
429 2475 483 2516 non
501 2465 626 2530 possunt,
644 2458 710 2514 dum
729 2461 757 2514 in
774 2465 912 2530 potestate
930 2459 989 2514 sius
1007 2463 1051 2514 ost
1067 2456 1148 2514 filius.
1721 2469 1744 2510 rs

240 2546 259 2606 8
330 2549 409 2604 Iners
431 2549 499 2605 libro
524 2553 602 2604 sexto
626 2547 734 2604 deeimn
757 2549 792 2603 ed
814 2547 954 2606 Sabinum.
990 2545 1048 2603 Sub
1066 2545 1119 2603 bae
1136 2547 1296 2604 mndieione
1314 2546 1346 2602 'si
1363 2545 1462 2602 uelam'
1481 2548 1557 2604 nulla
1575 2542 1736 2632 [ffli

277 2635 309 2692 lit
326 2637 469 2707 obligatio:
487 2653 537 2708 pro
555 2653 610 2694 non
628 2637 702 2694 dieto
720 2638 791 2700 onim
810 2643 861 2708 ost,
880 2636 954 2706 qnod
972 2635 1038 2692 dare
1056 2637 1108 2692 nisi
1126 2637 1195 2694 nelis
1213 2637 1276 2708 nogi
1293 2651 1349 2692 non
1365 2637 1470 2707 possis:
1489 2653 1555 2694 nam
1570 2637 1705 2694 neeborsa

277 2725 554 2798 prominentium,
572 2727 620 2796 qni
638 2742 786 2796 numquam
804 2727 870 2783 dare
888 2725 1030 2795 uoluerit¹‚
1048 2729 1165 2795 tenetur,
1183 2727 1249 2796 quia
1266 2725 1334 2784 baoo
1352 2725 1478 2784 eondioio
1495 2727 1525 2782 in
1543 2727 1634 2798 ipsum
1650 2740 1702 2797 pro
1715 2720 1768 2778 tul

278 2816 437 2872 missorom⁴
456 2831 604 2886 numquam
623 2815 736 2872 exstitit

241 2904 259 2962 9
330 2905 449 2961 Prosus
472 2903 541 2960 libro
565 2920 637 2960 nono
655 2904 691 2960 ad
710 2903 850 2960 Sabinum.
887 2903 972 2960 lilius
990 2901 1107 2960 familias
1125 2917 1176 2959 suo
1194 2899 1726 2988 nominoffi'ffls.aa1.1tffld

278 2994 379 3049 nullam
398 2995 533 3050 sotionem
552 2993 647 3062 babet,
666 2993 719 3050 nisi
736 2992 894 3048 iniuriarum
913 2996 942 3048 et
959 2992 1032 3063 quod
1051 2993 1079 3050 ui
1097 2997 1146 3048 ant
1164 2993 1234 3048 elam
1252 2998 1281 3050 et
1298 2992 1417 3064 depositi
1433 2997 1464 3050 ot
1481 2981 1661 3062 affinitio,
1678 2993 1731 3048 uta

277 3083 400 3138 lulianus
417 3085 506 3152 putat.

222 3171 261 3230 10
331 3171 481 3228 Unnmrus
503 3168 572 3226 libro
595 3169 825 3241 quadragensimo
842 3170 960 3241 septimo
978 3170 1015 3226 ad
1033 3169 1174 3226 Sabinum.
1211 3171 1356 3226 Naturales
1373 3168 1558 3241 obligationes
1576 3163 1732 3258 [ξι-ᾖε

278 3275 333 3316 non
351 3275 384 3316 oo
403 3261 461 3316 solo
479 3253 668 3329 aestimantur,
686 3259 710 3314 si
727 3260 799 3316 aetio
817 3259 909 3329 aliqua
926 3273 1021 3316 eorum
1039 3259 1148 3316 nemine
1164 3261 1302 3330 eornpetit,
1321 3275 1417 3316 uorum
1429 3261 1514 3318 otiam
1527 3277 1570 3332 oe,
1588 3263 1612 3318 si
1624 3262 1709 3318 solnta

278 3351 395 3420 peeunia
411 3349 498 3419 repeti
517 3363 571 3406 non
588 3349 684 3419 pessit
1736 3343 1758 3386 *ἱ

223 3441 259 3498 11
331 3439 451 3494 Patruus
468 3437 537 3494 libro
554 3437 718 3494 duodecimo
736 3436 773 3492 ad
791 3433 932 3492 Sabinum.
960 3437 1154 3507 Quascumque
1172 3437 1301 3508 gerimus,
1320 3453 1383 3494 enm
1395 3453 1430 3495 ex
1442 3443 1539 3498 nosue
1557 3430 1729 3524 [Q
1749 3425 1761 3478 ⁸

278 3531 420 3582 eontraotn
443 3527 575 3597 originem
598 3525 723 3590 trabunt,
747 3526 799 3582 nisi
822 3541 857 3582 ox
880 3531 975 3582 noema
995 3541 1114 3596 persone
1137 3525 1437 3596 obligationlsinitium
1456 3533 1582 3600 sumant,
1605 3531 1749 3586 inanem»

278 3622 370 3672 aetum
388 3621 512 3672 nestrum
529 3615 665 3672 effitiunt:
684 3621 713 3670 et
729 3614 792 3670 ideo
810 3629 899 3684 nequo
916 3615 1041 3686 stipulari
1059 3630 1148 3686 noque
1166 3630 1257 3672 omero
1276 3615 1395 3673 uendere
1414 3617 1584 3690 eonbabore,
1601 3623 1635 3674 nt
1646 3615 1759 3674 dte!

279 3721 329 3761 sue
347 3705 457 3760 nomine
474 3710 549 3760 roote
567 3709 641 3776 agat,
659 3719 814 3774 possumus.

223 3797 260 3854 12
294 3835 296 3844 ,
331 3793 503 3850 Poupoums
525 3793 593 3850 libro
616 3793 766 3850 uieonsimo
790 3807 863 3848 none
886 3791 922 3847 ad
946 3789 1086 3848 Sabinum.
1122 3793 1165 3848 lix
1189 3793 1306 3864 depositi
1324 3799 1352 3849 ot
1370 3794 1538 3851 eommodati
1556 3764 1798 3880 [ffiffijs

279 3887 307 3956 ot
326 3883 448 3938 mandati
466 3889 495 3938 ot
512 3884 614 3940 tutelae
632 3887 661 3938 et
678 3880 849 3952 negotiorum
868 3886 1008 3952 gestorum
1027 3880 1063 3939 ob
1080 3881 1174 3938 dolum
1192 3883 1293 3939 malurn
1311 3881 1434 3940 deiunoti
1452 3883 1533 3942 berea
1550 3861 1798 3942 umbrosa*

278 3976 395 4026 tenetur.

224 4064 261 4122 13
332 4059 482 4116 Unrrsuus
504 4059 573 4117 libro
595 4060 683 4131 primo
702 4060 926 4131 disputationum.
964 4061 995 4116 ln
1012 4057 1115 4116 laetum
1134 4059 1257 4117 aebenes
1274 4059 1358 4116 otiam
1391 4073 1544 4147 Qu.
1558 4074 1788 4124 s„

278 4147 327 4204 lilii
343 4148 506 4204 familiarum
524 4153 640 4220 possunt
657 4163 793 4206 exeresro.

278 4255 471 4326 srxrrroo)

280 4399 338 4451 lot
356 4404 403 4450 ino.
421 4397 468 4463 (D.
481 4399 497 4452 l.
507 4417 573 4471 pem.
590 4400 725 4454 romaum
744 4399 789 4462 1³²,
808 4406 866 4454 item
885 4397 959 4466 lost.)
1046 4397 1229 4470 ’obligabat
1316 4401 1394 4472 ’qui
1412 4416 1563 4474 numquam
1581 4399 1648 4458 dm
1665 4398 1785 4457 tuf

279 4468 361 4524 luerit
378 4469 425 4522 det
495 4471 507 4504 ⁴
523 4470 552 4525 in
569 4469 630 4539 ipso
648 4469 833 4540 promissore?

281 4611 443 4664 ltonotur
460 4611 498 4663 F*
558 4610 624 4679 iis]
643 4609 672 4666 id
690 4611 726 4664 ΡΙ
786 4612 866 4668 Soet
882 4610 969 4668 i'tu'ta
1021 4609 1086 4666 ala'u
1101 4611 1260 4684 lundpbrxrorr
1275 4614 1313 4670 asi
1326 4613 1375 4669 rr'rrr
1389 4615 1504 4672 bendum
1518 4616 1677 4681 Bessa,
1686 4615 1709 4678 1,

280 4681 360 4740 nto?
405 4681 439 4736 14
450 4680 493 4752 in]
502 4681 572 4746 lma,
585 4683 670 4736 oms*
712 4683 745 4738 15
757 4683 833 4752 imm]
846 4684 899 4738 iter
909 4685 966 4747 F¹l
1022 4684 1060 4738 asi
1079 4683 1125 4738 dus
1144 4685 1200 4740 tisri
1223 4685 1322 4758 inecrp’r
1346 4687 1385 4741 sal
1409 4687 1459 4744 ric
1482 4689 1539 4760 sepi
1564 4686 1709 4758 umbrisne

280 4749 315 4806 de
333 4749 563 4820 damn01dedolo
576 4753 737 4810 deterrere
792 4755 826 4810 16
843 4751 967 4810 t'ortoFl
1022 4754 1165 4822 ummo)
1215 4757 1251 4812 32
1264 4757 1400 4828 nlpiannsl
1413 4759 1488 4815 idem
1501 4757 1710 4814 modom·

280 4821 675 4893 naue'do'auteauponi⁴aF²
699 4825 733 4880 18
742 4826 922 4895 oanponian
932 4825 969 4878 Ρ
1022 4833 1087 4880 erim
1104 4826 1142 4880 nd
1158 4825 1283 4882 Solimon
1304 4849 1356 4884 aon
1494 4839 1548 4886 aiot
1563 4831 1625 4886 libri
1638 4826 1712 4884 xvi

282 4895 316 4948 19
333 4894 448 4962 eulpae*
466 4895 504 4947 F’
562 4897 597 4950 22
615 4908 669 4950 nen
687 4892 748 4950 finit
763 4895 968 4966 obligationem]
1021 4896 1172 4966 3300mm]
1185 4898 1333 4955 deliteat
1374 4939 1381 4954 .
1424 4903 1469 4966 ,1‚
1481 4901 1550 4968 lul
1598 4901 1709 4988 dbptu-

281 4963 442 5022 FXYMOO
484 4967 520 5020 25
537 4963 704 5022 nol‘i'amF'
747 4967 970 5037 30qnodniaut
1020 4966 1204 5052 lnsjidemd'
1239 4968 1540 5043 dbnoemlnosmoss
1570 4967 1708 5030 mrem

281 5035 350 5090 olam
368 5035 411 5092 ‘ot’
427 5035 546 5108 depositi
569 5038 621 5092 F’:
650 5037 688 5092 καὶ
712 5035 744 5093 τὸ
767 5038 848 5103 turbt
872 5040 895 5094 di
921 5037 969 5101 ΑῨῐ
1020 5035 1069 5096 filil
1086 5035 1250 5096 ismidmnrn
1269 5041 1307 5095 F’
