4560 5416
1046 777 1132 874 1111.

793 999 1100 1090 DIGESTORUM
1127 1005 1380 1084 EXCERPTA

514 1177 613 1245 Quen
640 1179 893 1237 ruunuruuruu
918 1180 957 1237 ru
984 1177 1293 1236 connuorrouruus
1321 1175 1498 1237 oxuouorr
1524 1180 1656 1238 uersos

694 1295 824 1366 ruoure,
843 1293 1224 1365 ceusuuuuousnuux,
1242 1294 1473 1350 umruuuruu.

422 1447 631 1546 Institutionum
650 1489 863 1545 Iustinienernm
881 1493 911 1546 et
929 1490 1155 1546 constitutionum
1174 1491 1321 1548 uoluminis
1339 1490 1459 1547 editores
1482 1505 1517 1546 ex
1536 1491 1656 1561 antiquis
1674 1492 1741 1548 iuris
1759 1508 1804 1550 os·
1890 1513 1892 1516 ·

367 1577 458 1634 nonici
480 1577 641 1647 corporibus
664 1593 761 1648 unum,
785 1593 885 1648 nempe
906 1579 997 1648 legem
1015 1579 1167 1634 Βοιιιιιιιιιι
1192 1580 1324 1636 cenouioe
1346 1568 1484 1649 comptem
1507 1594 1581 1634 esec.
1593 1579 1633 1634 IX
1652 1581 1697 1636 nol
1721 1581 1804 1636 etism

367 1670 451 1721 entes
468 1680 503 1720 ex
520 1665 738 1722 institutionibus
756 1666 1052 1737 constitutionibusque
1070 1667 1255 1738 compilatum,
1274 1681 1328 1722 non
1347 1667 1406 1722 siue
1424 1665 1516 1724 fructu
1530 1667 1723 1738 sdbibuerunt,
1742 1685 1805 1726 cum

366 1755 414 1824 qui
432 1753 513 1810 bodie
532 1759 628 1808 extent
645 1759 700 1810 um
720 1755 825 1812 illerum
844 1771 926 1825 quem
945 1754 1041 1812 hurum
1054 1755 1115 1812 iibri
1128 1755 1222 1824 scripti
1234 1759 1325 1810 seinte
1339 1755 1507 1824 aliquantum
1520 1755 1663 1812 interiores
1675 1757 1731 1812 sint
1742 1773 1805 1813 cum

366 1843 404 1898 iiii
422 1844 530 1912 corpori
548 1849 606 1898 tum
625 1844 711 1900 multo
735 1843 823 1912 magis
840 1843 916 1900 libris
934 1844 982 1912 iis,
1005 1858 1075 1912 quos
1097 1843 1222 1900 conditor
1244 1844 1304 1898 eius
1321 1845 1474 1914 usurpauit.
1504 1845 1584 1900 aliter
1602 1850 1694 1902 eutem
1713 1847 1807 1902 euenit

366 1931 394 1986 in
413 1931 537 2000 digestis.
566 1947 628 1986 num
648 1947 712 1988 cum
730 1932 757 1986 in
776 1932 972 1988 uetustioribus
990 1932 1057 1988 iuris
1075 1932 1199 1990 cononici
1216 1932 1331 2003 syllogis
1348 1930 1544 1988 concinnandis
1562 1933 1672 2002 digestu
1683 1933 1807 1990 adhibite

366 2033 421 2076 uon
439 2019 503 2088 sint,
522 2034 593 2088 quse
611 2023 735 2090 tempore
753 2020 857 2090 primes
875 2025 940 2076 sunt
957 2021 1028 2075 inter
1045 2035 1106 2089 ece,
1125 2035 1197 2089 quoe
1215 2026 1346 2090 excerpto
1363 2021 1423 2076 eius
1441 2021 1551 2089 generis
1568 2020 1684 2091 hebent,
1703 2022 1805 2092 ieonis,

366 2108 414 2176 qui
431 2107 578 2177 episcopus
596 2107 762 2163 carnotinus
779 2107 870 2164 sectus
888 2124 913 2163 e.
928 2109 998 2164 1090
1015 2107 1088 2164 diem
1107 2107 1176 2164 obiit
1193 2123 1218 2163 ιι
1233 2110 1303 2162 1115
1321 2097 1456 2180 (Sevipny
1477 2109 1568 2164 Gessit
1580 2111 1624 2164 der
1639 2109 1806 2166 sculteto

367 2197 392 2264 t,
405 2197 484 2263 303),
508 2196 573 2252 item
593 2196 852 2266 Gnoseruuguetuns
875 2211 947 2266 quse
970 2196 1025 2251 dici
1048 2197 1120 2252 solet
1137 2197 1241 2266 scriptu
1258 2196 1310 2252 sub
1328 2213 1401 2268 pepe
1418 2195 1530 2252 Urbano
1549 2197 1575 2252 11
1593 2199 1804 2262 (1088-1099:

366 2283 402 2339 ei.
416 2283 540 2354 Sevigny
552 2285 569 2339 l.
580 2299 604 2340 o.
618 2287 643 2354 2,
656 2286 720 2352 299)
738 2290 767 2340 et
778 2285 868 2354 tertis,
887 2301 970 2354 quom
982 2285 1159 2354 Tripertitum
1177 2286 1325 2355 appellent,
1344 2285 1467 2340 eiusdem
1487 2284 1545 2340 iere
1558 2287 1658 2340 ocutis
1669 2285 1805 2356 <savigny

366 2373 384 2427 l.
395 2387 418 2428 o.
431 2389 458 2442 p.
468 2373 540 2442 301),
558 2387 613 2428 nou
626 2373 803 2442 egrediuntur
815 2377 935 2429 aetutem
947 2389 1017 2443 eum,
1036 2389 1092 2443 quo
1104 2373 1198 2443 scripti
1210 2378 1276 2430 sunt
1288 2373 1397 2430 codices
1410 2372 1529 2428 femiliee
1542 2374 1723 2430 Bononiensis
1735 2375 1808 2429 inter

366 2473 415 2516 eos
434 2461 481 2530 qui
498 2460 580 2516 hodie
598 2465 695 2516 extent
713 2461 904 2531 antiquissimi.
934 2462 962 2516 id
981 2467 1073 2518 nntsm
1093 2462 1167 2532 qnod
1185 2477 1235 2531 per
1258 2477 1288 2518 se
1312 2461 1454 2532 probabile
1475 2468 1518 2517 est
1536 2463 1692 2520 conditores
1711 2477 1805 2517 eorum

367 2549 427 2604 eius
438 2549 525 2618 ipsius
537 2550 646 2618 geuene
658 2548 742 2605 libros
754 2549 913 2606 adhibuisse
925 2565 1014 2620 neque
1030 2550 1161 2606 maiorem
1178 2550 1325 2606 utilitotem
1338 2565 1373 2605 ex
1391 2552 1527 2621 excerptis
1546 2552 1599 2606 illis
1611 2552 1639 2606 in
1651 2550 1806 2606 Pendectus

367 2637 581 2694 redundaturum
601 2654 683 2708 quem
702 2637 837 2694 redundet
854 2639 882 2694 in
896 2639 1025 2694 Codicum
1045 2638 1225 2694 luetinicnum
1245 2653 1280 2694 ex
1298 2653 1434 2694 munuum
1453 2638 1661 2695 collectionibus
1679 2653 1752 2694 suec.
1765 2638 1806 2694 XI

367 2732 396 2782 et
415 2726 545 2796 deinceps
563 2727 718 2798 compilatis
736 2725 783 2794 (ci.
796 2728 923 2797 Krueger
940 2727 1032 2782 Krittt
1050 2729 1094 2782 dec
1112 2727 1175 2782 Ioci.
1191 2728 1276 2782 Codes
1293 2744 1321 2797 p.
1334 2728 1368 2782 tr
1382 2730 1465 2797 eeu),
1489 2743 1585 2784 uerum
1604 2742 1667 2786 esse
1686 2727 1807 2796 comperi

367 2815 494 2871 exemine
518 2816 644 2872 instituto
667 2817 750 2872 trium
775 2817 956 2887 syllogurum:
980 2831 1095 2885 quorum
1119 2831 1183 2872 oum
1206 2815 1329 2870 seeundo
1349 2819 1378 2870 et
1395 2816 1477 2870 tortio
1495 2815 1585 2872 adbuc
1603 2814 1724 2870 ineditae
1742 2815 1817 2885 sint„

367 2903 497 2960 adhibitis
517 2905 655 2978 laterculis
673 2904 709 2959 od
727 2909 872 2974 utromque
891 2904 1037 2974 diligenter
1055 2902 1188 2960 coniectis
1206 2903 1242 2959 ob
1260 2903 1393 2973 Sevignio
1412 2905 1664 2974 (Leptinen.)
1682 2919 1753 2972 queo
1771 2918 1806 2958 ex

368 2993 484 3062 digestis
508 2998 619 3063 sumpto
636 2994 664 3048 in
681 2994 716 3048 iis
734 2994 864 3063 leguntur
881 3008 916 3048 ex
933 2992 1010 3048 libris
1031 2991 1140 3062 scriptis
1158 2991 1332 3062 excerpenda
1349 2992 1453 3048 cursui.
1484 3000 1513 3048 et
1531 2992 1807 3062 Guesereugustunee

367 3081 477 3152 quidem
496 3081 595 3138 tibrum
607 3081 759 3136 Purisiuum
779 3097 805 3136 ιι.
820 3082 891 3136 3875
908 3095 981 3136 enno
1000 3081 1069 3136 1861
1087 3081 1221 3136 hactenus
1239 3081 1362 3136 excussit
1376 3081 1511 3136 Henricus
1523 3081 1687 3150 Degenkoib
1706 3082 1806 3152 socius,

367 3170 433 3226 dum
451 3176 546 3226 noster
557 3172 625 3240 erut
643 3169 724 3226 huius
736 3170 791 3225 mei
802 3169 912 3225 loboris.
938 3169 1010 3225 idem
1024 3169 1140 3225 eontulit
1151 3169 1266 3224 ultorum
1279 3170 1338 3224 eius
1351 3169 1475 3240 syllogus
1487 3169 1611 3224 eiusdem
1624 3168 1806 3225 bibliothecae

368 3259 491 3315 codicem
509 3277 537 3314 n.
551 3259 630 3329 3876,
648 3258 698 3314 sed
717 3263 798 3314 notue
812 3257 955 3314 deterioris
973 3263 1002 3314 et
1014 3273 1110 3328 purum
1126 3257 1229 3313 utilem.
1256 3257 1422 3328 Tripertitxo
1440 3263 1531 3313 sutem
1551 3257 1664 3314 edbibui
1682 3257 1806 3313 codicem

367 3363 439 3404 esee.
453 3347 507 3403 XII
530 3353 613 3402 untes
630 3347 789 3402 monosterii
807 3345 835 3402 S.
848 3347 950 3402 Metine
975 3346 1089 3422 uirginis
1108 3347 1136 3400 in
1154 3347 1230 3402 Lucu
1248 3345 1383 3402 dioecesis
1401 3347 1592 3415 Treuerensis‚
1616 3361 1690 3400 nunc
1710 3344 1806 3400 biblio·

367 3436 465 3492 thecae
483 3436 575 3506 regine
592 3435 777 3492 Berolinensie
790 3437 850 3490 Lot.
863 3433 910 3490 sol.
921 3436 981 3504 197,
1000 3435 1167 3504 descriptum
1185 3433 1345 3506 eSevignio
1356 3435 1375 3490 l.
1385 3449 1409 3492 e.
1422 3451 1450 3505 p.
1460 3435 1522 3504 301,
1538 3423 1622 3504 'quun
1641 3433 1721 3504 periti
1739 3434 1806 3488 iuris

367 3523 492 3580 cononici
505 3529 666 3580 asseuerent
682 3524 820 3580 numereri
838 3524 909 3580 inter
926 3524 1046 3594 optimos
1064 3524 1112 3593 qui
1129 3523 1211 3580 bodie
1228 3527 1323 3578 extent
1344 3522 1426 3578 buius
1449 3523 1573 3593 syllogus
1589 3521 1683 3578 libros.
1710 3536 1805 3591 quem·
1881 3591 1882 3594 Ἴ

367 3614 411 3668 uie
429 3619 520 3668 eutem
540 3612 576 3668 ed
594 3613 704 3683 digesto
721 3612 895 3668 emendenda
916 3613 986 3668 hsec
1009 3617 1140 3682 excerpts
1158 3626 1331 3680 nequequam
1350 3608 1507 3680 proficient,
1531 3615 1625 3666 temen
1647 3609 1738 3664 uisum
1762 3613 1806 3664 eet

368 3707 442 3758 certe
460 3717 495 3756 cx
513 3701 672 3772 corporibus
690 3701 812 3758 nondum
830 3700 912 3756 editis
930 3700 1093 3770 deprompto
1109 3699 1162 3755 boc
1179 3699 1241 3756 ioco
1259 3697 1433 3768 subiungere,
1452 3715 1515 3754 oum
1530 3713 1582 3754 nce
1594 3697 1709 3754 muitum
1723 3698 1805 3768 spatii

367 3796 504 3861 occupent
521 3805 573 3846 noo
591 3791 615 3846 si
633 3791 695 3861 quis
713 3788 784 3846 sorte
802 3805 837 3844 cu
854 3789 975 3858 requiret
991 3789 1019 3844 in
1037 3792 1167 3858 promptu
1185 3786 1265 3844 iecile
1283 3787 1397 3842 hebeat:
1416 3787 1535 3856 deniquo
1548 3793 1697 3856 utcumque
1715 3787 1805 3844 iocum

367 3881 485 3950 sliquom
509 3879 563 3935 sibi
586 3879 728 3934 niudioent
749 3882 806 3932 tom
829 3878 902 3932 inter
925 3877 1117 3946 antiquissimo
1139 3876 1308 3946 digestorum
1332 3876 1422 3932 denuo
1446 3882 1616 3945 repertorum
1640 3875 1806 3930 documento

367 3983 451 4038 quom
468 3969 497 4023 in
515 3969 576 4037 ipse
593 3967 708 4022 historie
724 3966 791 4021 ioris
810 3969 839 4021 et
855 3965 971 4021 Romeui
995 3970 1024 4020 et
1047 3965 1179 4021 cononici.
1198 3995 1231 4004 —
1250 3965 1310 4019 Hoc
1328 3967 1444 4034 opporct
1458 3957 1515 4019 'trio
1532 3979 1649 4034 corpore
1667 3963 1805 4018 artissimo

367 4056 477 4112 uinculo
494 4057 566 4112 inter
583 4071 614 4112 ee
632 4055 774 4111 contineri.
801 4071 865 4110 nem
884 4053 1034 4123 Tripertite
1057 4069 1121 4108 cnm
1138 4053 1232 4109 Iuonis
1249 4054 1369 4108 Decretc
1391 4053 1432 4108 ito
1455 4053 1609 4123 conspiret,
1633 4056 1666 4108 ut
1689 4052 1804 4106 siturum

367 4160 469 4216 corpus
481 4161 516 4200 ex
529 4145 615 4200 attero
628 4143 797 4215 descriptum
810 4142 865 4199 dici
880 4143 982 4212 possit:
1001 4141 1126 4198 bsusiese
1145 4147 1237 4198 nutem
1256 4157 1312 4198 non
1329 4142 1442 4198 Inonem
1461 4155 1496 4196 ox
1508 4141 1665 4210 Tripertite‚
1684 4139 1733 4196 sed
1746 4140 1806 4196 Tri·

367 4233 485 4304 pertitue
503 4233 672 4290 conditorem
691 4247 726 4288 ex
744 4233 830 4288 Inone
848 4235 878 4286 et
889 4230 1177 4288 Weescrsoblebeuius
1195 4231 1331 4302 (Beitrr'iqs
1348 4249 1396 4283 eor
1410 4228 1561 4284 Gesedtebts
1572 4231 1619 4282 der
1630 4235 1804 4298 coerctioni-

367 4324 443 4378 scien
466 4322 657 4394 Recitsqnsiten
679 4321 790 4391 Lipsiae
815 4321 884 4376 1839
912 4337 940 4390 p.
953 4321 989 4376 50
1005 4321 1075 4390 seq.)
1099 4318 1299 4374 demonstrauit
1324 4322 1354 4372 ot
1376 4315 1503 4387 equidem
1529 4317 1655 4372 examine
1679 4317 1805 4372 instituto

368 4425 463 4466 uerum
482 4425 543 4465 esse
562 4410 692 4480 comperi.
721 4410 780 4465 eius
799 4409 912 4478 originis
930 4413 963 4464 ut
981 4409 1087 4462 mittum
1105 4407 1160 4462 sliu
1178 4409 1355 4476 argumente,
1373 4405 1408 4460 de
1427 4404 1528 4473 quibus
1546 4405 1591 4460 uel
1604 4405 1804 4461 Wesserschle·

367 4498 465 4554 bonius
488 4498 559 4553 dixit
579 4499 624 4553 uei
649 4497 796 4568 aliquando
820 4497 887 4552 doto
910 4511 996 4566 opero
1018 4494 1171 4566 disputebit
1193 4495 1370 4563 bixossenue,
1395 4493 1456 4563 ipse
1473 4493 1655 4564 Digestorum·
1674 4498 1806 4563 excerpto
1926 4495 1928 4498 ’

367 4586 442 4658 epud
460 4587 573 4642 Inonem
591 4587 689 4642 eudem
707 4585 819 4655 quidem
832 4591 898 4641 sunt
915 4585 944 4640 in
961 4598 1070 4639 summe
1086 4597 1125 4652 re,
1144 4582 1194 4638 scd
1211 4583 1278 4638 item
1296 4588 1325 4638 et
1342 4582 1464 4652 pleniore
1478 4585 1507 4636 et
1518 4581 1705 4638 emendatiore
1722 4585 1752 4635 et
1769 4580 1805 4635 sd

367 4675 470 4730 iustum
489 4673 622 4743 ordinem,
639 4689 738 4744 nempe
756 4675 879 4743 ipsorum
896 4673 1077 4744 digestorum,
1094 4670 1208 4754 propius
1225 4670 1363 4726 accedunt
1379 4675 1408 4726 et
1419 4671 1610 4740 inscriptiones
1627 4669 1731 4724 babent
1747 4674 1804 4723 tem

367 4777 482 4818 numero
505 4763 598 4832 piures
621 4777 702 4831 quem
727 4762 927 4832 scquobilioros
951 4766 980 4816 et
1002 4762 1173 4830 integriores.
1201 4759 1376 4814 nihilominus
1394 4760 1518 4830 expressi
1536 4759 1726 4828 Tripertitem‚
1750 4771 1806 4812 non

265 4845 267 4848 ’
367 4851 495 4920 Iuonem,
521 4851 651 4920 quonism
673 4851 746 4906 iilius
768 4849 868 4906 tibrum
891 4849 1024 4920 scriptum
1045 4847 1137 4905 bouso
1154 4853 1237 4904 notse
1260 4847 1296 4904 ed
1314 4863 1412 4904 munus
1429 4847 1527 4915 hebui,
1550 4846 1632 4902 huius
1655 4845 1805 4900 editionem

367 4941 469 5010 sotem,
491 4954 563 5009 quoe
587 4943 616 4994 et
634 4939 723 5004 cuiuis
740 4944 818 5009 petet
841 4944 870 4994 et
891 4947 989 5014 uereor
1010 4951 1046 4992 ue
1068 4937 1142 4994 huod
1165 4937 1262 5007 poecis
1281 4936 1350 4992 locis
1368 4935 1404 4991 sd
1422 4935 1609 4992 Florentinum
1632 4937 1732 4989 eructo
1754 4919 1822 4988 sitz'

582 5029 610 5074 u
1548 5029 1562 5069 ι
