<?xml version="1.0" encoding="UTF-8"?>
<!DOCTYPE html PUBLIC "-//W3C//DTD XHTML 1.0 Transitional//EN"
    "http://www.w3.org/TR/xhtml1/DTD/xhtml1-transitional.dtd">
<html xmlns="http://www.w3.org/1999/xhtml" xml:lang="en" lang="en">
 <head>
  <title>
</title>
<meta http-equiv="Content-Type" content="text/html;charset=utf-8" />
  <meta name='ocr-system' content='tesseract 3.04.00' />
  <meta name='ocr-capabilities' content='ocr_page ocr_carea ocr_par ocr_line ocrx_word'/>
</head>
<body>
  <div class='ocr_page' id='page_1' title='image "./digestaiustinia00kruegoog_0700.png"; bbox 0 0 3608 5460; ppageno 0'>
   <div class='ocr_carea' id='block_1_1' title="bbox 167 205 1600 317">
    <p class='ocr_par' dir='ltr' id='par_1_1' title="bbox 167 205 1600 317">
     <span class='ocr_line' id='line_1_1' title="bbox 167 205 1600 317; baseline 0.001 -10"><span class='ocrx_word' id='word_1_1' title='bbox 167 258 354 308; x_wconf 71' lang='lat' dir='ltr'><strong>suanorum</strong></span> <span class='ocrx_word' id='word_1_2' title='bbox 492 205 493 208; x_wconf 8' lang='grc' dir='ltr'><strong>Ἴ</strong></span> <span class='ocrx_word' id='word_1_3' title='bbox 633 281 634 286; x_wconf 62' lang='lat'><em>=</em></span> <span class='ocrx_word' id='word_1_4' title='bbox 837 233 924 317; x_wconf 81' lang='lat'><strong>685</strong></span> <span class='ocrx_word' id='word_1_5' title='bbox 1270 243 1419 312; x_wconf 82' lang='lat' dir='ltr'>XXXXV</span> <span class='ocrx_word' id='word_1_6' title='bbox 1441 247 1461 312; x_wconf 86' lang='lat'>3</span> <span class='ocrx_word' id='word_1_7' title='bbox 1482 253 1600 308; x_wconf 79' lang='lat' dir='ltr'><strong>ee-to</strong></span> 
     </span>
    </p>
   </div>
   <div class='ocr_carea' id='block_1_2' title="bbox 106 395 1684 1364">
    <p class='ocr_par' dir='ltr' id='par_1_2' title="bbox 107 395 1684 1092">
     <span class='ocr_line' id='line_1_2' title="bbox 107 395 1645 486; baseline 0.003 -30"><span class='ocrx_word' id='word_1_8' title='bbox 107 395 148 456; x_wconf 82' lang='grc'><strong>36</strong></span> <span class='ocrx_word' id='word_1_9' title='bbox 219 397 391 454; x_wconf 79' lang='lat' dir='ltr'><strong>lauouuuus</strong></span> <span class='ocrx_word' id='word_1_10' title='bbox 413 395 482 452; x_wconf 93' lang='lat' dir='ltr'><strong>libro</strong></span> <span class='ocrx_word' id='word_1_11' title='bbox 505 401 603 466; x_wconf 88' lang='lat' dir='ltr'><strong>quarto</strong></span> <span class='ocrx_word' id='word_1_12' title='bbox 626 396 733 452; x_wconf 88' lang='lat' dir='ltr'><strong>decimo</strong></span> <span class='ocrx_word' id='word_1_13' title='bbox 756 397 943 468; x_wconf 72' lang='lat' dir='ltr'><strong>epistularum.</strong></span> <span class='ocrx_word' id='word_1_14' title='bbox 982 397 1060 466; x_wconf 84' lang='lat' dir='ltr'><strong>Quod</strong></span> <span class='ocrx_word' id='word_1_15' title='bbox 1086 415 1184 456; x_wconf 90' lang='lat' dir='ltr'><strong>seruus</strong></span> <span class='ocrx_word' id='word_1_16' title='bbox 1208 401 1355 473; x_wconf 88' lang='lat' dir='ltr'><strong>stipulatus</strong></span> <span class='ocrx_word' id='word_1_17' title='bbox 1373 409 1424 472; x_wconf 90' lang='lat' dir='ltr'><strong>est,</strong></span> <span class='ocrx_word' id='word_1_18' title='bbox 1443 398 1599 486; x_wconf 56' lang='lat' dir='ltr'><strong>[diffie</strong></span> <span class='ocrx_word' id='word_1_19' title='bbox 1616 408 1645 462; x_wconf 82' lang='grc' dir='ltr'><em>Ε</em></span> 
     </span>
     <span class='ocr_line' id='line_1_3' title="bbox 166 479 1598 562; baseline 0.006 -23"><span class='ocrx_word' id='word_1_20' title='bbox 166 499 248 556; x_wconf 92' lang='lat' dir='ltr'><strong>quem</strong></span> <span class='ocrx_word' id='word_1_21' title='bbox 270 485 397 542; x_wconf 89' lang='lat' dir='ltr'><strong>domiuus</strong></span> <span class='ocrx_word' id='word_1_22' title='bbox 414 500 465 556; x_wconf 91' lang='lat' dir='ltr'><strong>pro</strong></span> <span class='ocrx_word' id='word_1_23' title='bbox 487 484 617 542; x_wconf 88' lang='lat' dir='ltr'><strong>derelicto</strong></span> <span class='ocrx_word' id='word_1_24' title='bbox 640 483 773 556; x_wconf 85' lang='lat' dir='ltr'><strong>habebat,</strong></span> <span class='ocrx_word' id='word_1_25' title='bbox 797 487 897 542; x_wconf 88' lang='lat' dir='ltr'><strong>nullius</strong></span> <span class='ocrx_word' id='word_1_26' title='bbox 921 492 965 542; x_wconf 91' lang='lat' dir='ltr'><strong>est</strong></span> <span class='ocrx_word' id='word_1_27' title='bbox 987 489 1132 560; x_wconf 89' lang='lat' dir='ltr'><strong>momenti,</strong></span> <span class='ocrx_word' id='word_1_28' title='bbox 1156 490 1221 560; x_wconf 89' lang='lat' dir='ltr'><strong>qnia</strong></span> <span class='ocrx_word' id='word_1_29' title='bbox 1244 492 1290 562; x_wconf 91' lang='lat' dir='ltr'><strong>qui</strong></span> <span class='ocrx_word' id='word_1_30' title='bbox 1313 506 1363 561; x_wconf 92' lang='lat' dir='ltr'><strong>pro</strong></span> <span class='ocrx_word' id='word_1_31' title='bbox 1387 479 1598 548; x_wconf 55' lang='lat' dir='ltr'><strong>derelicto-rem</strong></span> 
     </span>
     <span class='ocr_line' id='line_1_4' title="bbox 166 572 1599 654; baseline 0.006 -26"><span class='ocrx_word' id='word_1_32' title='bbox 166 572 257 644; x_wconf 81' lang='lat' dir='ltr'><strong>habet,</strong></span> <span class='ocrx_word' id='word_1_33' title='bbox 276 574 433 632; x_wconf 91' lang='lat' dir='ltr'><strong>omnimodo</strong></span> <span class='ocrx_word' id='word_1_34' title='bbox 451 591 468 630; x_wconf 92' lang='lat' dir='ltr'><strong>a</strong></span> <span class='ocrx_word' id='word_1_35' title='bbox 486 589 516 630; x_wconf 93' lang='lat' dir='ltr'><strong>se</strong></span> <span class='ocrx_word' id='word_1_36' title='bbox 535 573 629 630; x_wconf 91' lang='lat' dir='ltr'><strong>reiecit</strong></span> <span class='ocrx_word' id='word_1_37' title='bbox 646 591 698 631; x_wconf 88' lang='lat' dir='ltr'><strong>noc</strong></span> <span class='ocrx_word' id='word_1_38' title='bbox 715 579 807 646; x_wconf 88' lang='lat' dir='ltr'><strong>potest</strong></span> <span class='ocrx_word' id='word_1_39' title='bbox 825 576 884 631; x_wconf 90' lang='lat' dir='ltr'><strong>eius</strong></span> <span class='ocrx_word' id='word_1_40' title='bbox 902 575 1045 646; x_wconf 88' lang='lat' dir='ltr'><strong>operibus¹</strong></span> <span class='ocrx_word' id='word_1_41' title='bbox 1066 579 1115 654; x_wconf 84' lang='lat' dir='ltr'><strong>uti,</strong></span> <span class='ocrx_word' id='word_1_42' title='bbox 1133 593 1214 649; x_wconf 90' lang='lat' dir='ltr'><strong>quem</strong></span> <span class='ocrx_word' id='word_1_43' title='bbox 1233 595 1266 636; x_wconf 91' lang='lat' dir='ltr'><strong>eo</strong></span> <span class='ocrx_word' id='word_1_44' title='bbox 1285 581 1343 636; x_wconf 90' lang='lat' dir='ltr'><strong>iure</strong></span> <span class='ocrx_word' id='word_1_45' title='bbox 1362 581 1397 636; x_wconf 90' lang='lat' dir='ltr'><strong>ad</strong></span> <span class='ocrx_word' id='word_1_46' title='bbox 1416 582 1599 651; x_wconf 90' lang='lat' dir='ltr'><strong>sepertinere</strong></span> 
     </span>
     <span class='ocr_line' id='line_1_5' title="bbox 153 663 1600 740; baseline 0.004 -22"><span class='ocrx_word' id='word_1_47' title='bbox 153 664 262 734; x_wconf 74' lang='lat' dir='ltr'><strong>¹uoluit</strong></span> <span class='ocrx_word' id='word_1_48' title='bbox 289 664 406 735; x_wconf 89' lang='lat' dir='ltr'><strong>quodsi</strong></span> <span class='ocrx_word' id='word_1_49' title='bbox 425 663 460 720; x_wconf 88' lang='lat' dir='ltr'><strong>ab</strong></span> <span class='ocrx_word' id='word_1_50' title='bbox 479 664 532 718; x_wconf 85' lang='lat' dir='ltr'><strong>ulio</strong></span> <span class='ocrx_word' id='word_1_51' title='bbox 551 663 738 734; x_wconf 65' lang='lat' dir='ltr'>adprehensus</span> <span class='ocrx_word' id='word_1_52' title='bbox 761 670 816 736; x_wconf 92' lang='lat' dir='ltr'><strong>est,</strong></span> <span class='ocrx_word' id='word_1_53' title='bbox 841 666 1017 736; x_wconf 76' lang='lat' dir='ltr'><strong>stipulatione</strong></span> <span class='ocrx_word' id='word_1_54' title='bbox 1041 667 1066 722; x_wconf 87' lang='lat' dir='ltr'><strong>ei</strong></span> <span class='ocrx_word' id='word_1_55' title='bbox 1090 667 1234 737; x_wconf 74' lang='lat' dir='ltr'><strong>adquirere</strong></span> <span class='ocrx_word' id='word_1_56' title='bbox 1256 671 1368 740; x_wconf 91' lang='lat' dir='ltr'><strong>poterit:</strong></span> <span class='ocrx_word' id='word_1_57' title='bbox 1394 686 1456 724; x_wconf 90' lang='lat' dir='ltr'><strong>uam</strong></span> <span class='ocrx_word' id='word_1_58' title='bbox 1481 675 1510 725; x_wconf 89' lang='lat' dir='ltr'><strong>et</strong></span> <span class='ocrx_word' id='word_1_59' title='bbox 1531 669 1600 724; x_wconf 90' lang='lat' dir='ltr'><strong>haec</strong></span> 
     </span>
     <span class='ocr_line' id='line_1_6' title="bbox 165 752 1632 830; baseline 0.003 -22"><span class='ocrx_word' id='word_1_60' title='bbox 165 768 267 822; x_wconf 75' lang='lat' dir='ltr'><strong>genere</strong></span> <span class='ocrx_word' id='word_1_61' title='bbox 290 753 410 824; x_wconf 90' lang='lat' dir='ltr'><strong>quodam</strong></span> <span class='ocrx_word' id='word_1_62' title='bbox 433 752 545 809; x_wconf 88' lang='lat' dir='ltr'><strong>donatio</strong></span> <span class='ocrx_word' id='word_1_63' title='bbox 564 758 614 808; x_wconf 87' lang='lat' dir='ltr'><strong>est.</strong></span> <span class='ocrx_word' id='word_1_64' title='bbox 641 753 712 809; x_wconf 88' lang='lat' dir='ltr'><strong>iuter</strong></span> <span class='ocrx_word' id='word_1_65' title='bbox 730 753 923 812; x_wconf 88' lang='lat' dir='ltr'><strong>bereditarium</strong></span> <span class='ocrx_word' id='word_1_66' title='bbox 946 755 1018 810; x_wconf 90' lang='lat' dir='ltr'><strong>enim</strong></span> <span class='ocrx_word' id='word_1_67' title='bbox 1042 771 1152 812; x_wconf 90' lang='lat' dir='ltr'><strong>seruum</strong></span> <span class='ocrx_word' id='word_1_68' title='bbox 1176 762 1205 812; x_wconf 87' lang='lat' dir='ltr'><strong>et</strong></span> <span class='ocrx_word' id='word_1_69' title='bbox 1229 773 1303 829; x_wconf 91' lang='lat' dir='ltr'><strong>eum,</strong></span> <span class='ocrx_word' id='word_1_70' title='bbox 1327 759 1374 829; x_wconf 92' lang='lat' dir='ltr'><strong>qni</strong></span> <span class='ocrx_word' id='word_1_71' title='bbox 1397 775 1446 830; x_wconf 90' lang='lat' dir='ltr'><strong>pro</strong></span> <span class='ocrx_word' id='word_1_72' title='bbox 1469 759 1599 815; x_wconf 89' lang='lat' dir='ltr'><strong>derelicto</strong></span> <span class='ocrx_word' id='word_1_73' title='bbox 1618 769 1632 811; x_wconf 84' lang='grc' dir='ltr'><strong>ι</strong></span> 
     </span>
     <span class='ocr_line' id='line_1_7' title="bbox 166 839 1600 918; baseline 0.005 -20"><span class='ocrx_word' id='word_1_74' title='bbox 166 839 296 912; x_wconf 82' lang='lat' dir='ltr'><strong>habetur,</strong></span> <span class='ocrx_word' id='word_1_75' title='bbox 320 843 466 914; x_wconf 88' lang='lat' dir='ltr'><strong>plurimum</strong></span> <span class='ocrx_word' id='word_1_76' title='bbox 484 843 612 908; x_wconf 86' lang='lat' dir='ltr'><strong>interest,</strong></span> <span class='ocrx_word' id='word_1_77' title='bbox 633 843 761 912; x_wconf 90' lang='lat' dir='ltr'><strong>quoniam</strong></span> <span class='ocrx_word' id='word_1_78' title='bbox 780 845 848 900; x_wconf 88' lang='lat' dir='ltr'><strong>alter</strong></span> <span class='ocrx_word' id='word_1_79' title='bbox 866 843 1027 900; x_wconf 89' lang='lat' dir='ltr'><strong>hereditatis</strong></span> <span class='ocrx_word' id='word_1_80' title='bbox 1045 845 1103 900; x_wconf 87' lang='lat' dir='ltr'><strong>iure</strong></span> <span class='ocrx_word' id='word_1_81' title='bbox 1122 847 1268 918; x_wconf 85' lang='lat' dir='ltr'><strong>retinetur,</strong></span> <span class='ocrx_word' id='word_1_82' title='bbox 1293 863 1343 902; x_wconf 90' lang='lat' dir='ltr'><strong>uec</strong></span> <span class='ocrx_word' id='word_1_83' title='bbox 1361 854 1453 918; x_wconf 91' lang='lat' dir='ltr'><strong>potest</strong></span> <span class='ocrx_word' id='word_1_84' title='bbox 1471 849 1600 904; x_wconf 75' lang='lat' dir='ltr'><strong>relictusi</strong></span> 
     </span>
     <span class='ocr_line' id='line_1_8' title="bbox 165 930 1684 1006; baseline 0.005 -20"><span class='ocrx_word' id='word_1_85' title='bbox 165 931 254 988; x_wconf 90' lang='lat' dir='ltr'><strong>uideri</strong></span> <span class='ocrx_word' id='word_1_86' title='bbox 271 931 319 1002; x_wconf 91' lang='lat' dir='ltr'><strong>qui</strong></span> <span class='ocrx_word' id='word_1_87' title='bbox 336 932 465 989; x_wconf 89' lang='lat' dir='ltr'><strong>uniuerso</strong></span> <span class='ocrx_word' id='word_1_88' title='bbox 483 930 642 988; x_wconf 82' lang='lat' dir='ltr'><strong>hereditatis</strong></span> <span class='ocrx_word' id='word_1_89' title='bbox 658 931 718 988; x_wconf 89' lang='lat' dir='ltr'><strong>iure</strong></span> <span class='ocrx_word' id='word_1_90' title='bbox 736 934 898 1004; x_wconf 76' lang='lat' dir='ltr'><strong>continetur,</strong></span> <span class='ocrx_word' id='word_1_91' title='bbox 918 935 986 990; x_wconf 85' lang='lat' dir='ltr'><strong>alter</strong></span> <span class='ocrx_word' id='word_1_92' title='bbox 1004 935 1146 990; x_wconf 86' lang='lat' dir='ltr'><strong>uoluntate</strong></span> <span class='ocrx_word' id='word_1_93' title='bbox 1164 934 1266 994; x_wconf 86' lang='lat' dir='ltr'><strong>domiui</strong></span> <span class='ocrx_word' id='word_1_94' title='bbox 1285 936 1430 992; x_wconf 75' lang='lat' dir='ltr'><strong>dmebctus</strong></span> <span class='ocrx_word' id='word_1_95' title='bbox 1442 952 1496 993; x_wconf 90' lang='lat' dir='ltr'><strong>nou</strong></span> <span class='ocrx_word' id='word_1_96' title='bbox 1508 941 1601 1006; x_wconf 86' lang='lat' dir='ltr'><strong>potest</strong></span> <span class='ocrx_word' id='word_1_97' title='bbox 1681 979 1684 994; x_wconf 52' lang='lat' dir='ltr'><strong>r</strong></span> 
     </span>
     <span class='ocr_line' id='line_1_9' title="bbox 165 1019 970 1092; baseline 0.001 -16"><span class='ocrx_word' id='word_1_98' title='bbox 165 1019 254 1076; x_wconf 81' lang='lat' dir='ltr'><strong>uiden·</strong></span> <span class='ocrx_word' id='word_1_99' title='bbox 272 1021 308 1076; x_wconf 84' lang='lat' dir='ltr'><strong>ad</strong></span> <span class='ocrx_word' id='word_1_100' title='bbox 325 1037 405 1078; x_wconf 91' lang='lat' dir='ltr'><strong>usum</strong></span> <span class='ocrx_word' id='word_1_101' title='bbox 423 1021 483 1077; x_wconf 89' lang='lat' dir='ltr'><strong>eius</strong></span> <span class='ocrx_word' id='word_1_102' title='bbox 500 1021 644 1092; x_wconf 88' lang='lat' dir='ltr'><strong>pertinere,</strong></span> <span class='ocrx_word' id='word_1_103' title='bbox 664 1037 682 1076; x_wconf 91' lang='grc' dir='ltr'><strong>ι</strong></span> <span class='ocrx_word' id='word_1_104' title='bbox 699 1035 754 1092; x_wconf 92' lang='lat' dir='ltr'><strong>quo</strong></span> <span class='ocrx_word' id='word_1_105' title='bbox 771 1022 901 1078; x_wconf 70' lang='lat' dir='ltr'><strong>relictus²</strong></span> <span class='ocrx_word' id='word_1_106' title='bbox 919 1028 970 1079; x_wconf 91' lang='lat' dir='ltr'><strong>est.</strong></span> 
     </span>
    </p>

    <p class='ocr_par' dir='ltr' id='par_1_3' title="bbox 106 1107 1648 1364">
     <span class='ocr_line' id='line_1_10' title="bbox 106 1107 1645 1196; baseline 0.005 -30"><span class='ocrx_word' id='word_1_107' title='bbox 106 1107 147 1166; x_wconf 85' lang='grc'><strong>37</strong></span> <span class='ocrx_word' id='word_1_108' title='bbox 218 1110 390 1167; x_wconf 80' lang='lat' dir='ltr'><strong>Pouroruus</strong></span> <span class='ocrx_word' id='word_1_109' title='bbox 408 1109 476 1166; x_wconf 92' lang='lat' dir='ltr'><strong>libro</strong></span> <span class='ocrx_word' id='word_1_110' title='bbox 493 1110 575 1167; x_wconf 92' lang='lat' dir='ltr'><strong>tertio</strong></span> <span class='ocrx_word' id='word_1_111' title='bbox 593 1109 629 1166; x_wconf 88' lang='lat' dir='ltr'><strong>ad</strong></span> <span class='ocrx_word' id='word_1_112' title='bbox 646 1109 775 1176; x_wconf 83' lang='lat' dir='ltr'><strong>Quintum</strong></span> <span class='ocrx_word' id='word_1_113' title='bbox 787 1111 915 1168; x_wconf 81' lang='lat' dir='ltr'><strong>Mucium.</strong></span> <span class='ocrx_word' id='word_1_114' title='bbox 948 1110 977 1168; x_wconf 84' lang='lat' dir='ltr'><strong>Si</strong></span> <span class='ocrx_word' id='word_1_115' title='bbox 996 1113 1148 1170; x_wconf 89' lang='lat' dir='ltr'><strong>communis</strong></span> <span class='ocrx_word' id='word_1_116' title='bbox 1166 1129 1263 1170; x_wconf 90' lang='lat' dir='ltr'><strong>seruus</strong></span> <span class='ocrx_word' id='word_1_117' title='bbox 1281 1115 1320 1170; x_wconf 90' lang='lat' dir='ltr'><strong>ita</strong></span> <span class='ocrx_word' id='word_1_118' title='bbox 1338 1116 1423 1186; x_wconf 89' lang='lat' dir='ltr'><strong>stipu-</strong></span> <span class='ocrx_word' id='word_1_119' title='bbox 1442 1107 1599 1196; x_wconf 42' lang='lat' dir='ltr'><strong>[BE-HI&amp;</strong></span> <span class='ocrx_word' id='word_1_120' title='bbox 1617 1118 1645 1174; x_wconf 83' lang='grc' dir='ltr'><em>Ε</em></span> 
     </span>
     <span class='ocr_line' id='line_1_11' title="bbox 165 1189 1648 1275; baseline 0 -21"><span class='ocrx_word' id='word_1_121' title='bbox 165 1199 281 1254; x_wconf 80' lang='lat' dir='ltr'><strong>iuretur:</strong></span> <span class='ocrx_word' id='word_1_122' title='bbox 300 1199 392 1256; x_wconf 70' lang='lat' dir='ltr'><strong>Lucio</strong></span> <span class='ocrx_word' id='word_1_123' title='bbox 404 1199 478 1255; x_wconf 85' lang='lat' dir='ltr'><strong>Titio</strong></span> <span class='ocrx_word' id='word_1_124' title='bbox 496 1205 525 1256; x_wconf 89' lang='lat' dir='ltr'><strong>et</strong></span> <span class='ocrx_word' id='word_1_125' title='bbox 541 1199 610 1256; x_wconf 86' lang='lat' dir='ltr'><strong>Gaio</strong></span> <span class='ocrx_word' id='word_1_126' title='bbox 628 1198 692 1256; x_wconf 86' lang='lat' dir='ltr'><strong>Seio</strong></span> <span class='ocrx_word' id='word_1_127' title='bbox 711 1199 770 1256; x_wconf 87' lang='lat' dir='ltr'><strong>dari</strong></span> <span class='ocrx_word' id='word_1_128' title='bbox 788 1200 943 1271; x_wconf 81' lang='lat' dir='ltr'><strong>spendes&#39;l&#39;,</strong></span> <span class='ocrx_word' id='word_1_129' title='bbox 962 1201 1009 1272; x_wconf 91' lang='lat' dir='ltr'><strong>qui</strong></span> <span class='ocrx_word' id='word_1_130' title='bbox 1027 1207 1092 1258; x_wconf 90' lang='lat' dir='ltr'><strong>suut</strong></span> <span class='ocrx_word' id='word_1_131' title='bbox 1108 1202 1213 1259; x_wconf 92' lang='lat' dir='ltr'><strong>domini</strong></span> <span class='ocrx_word' id='word_1_132' title='bbox 1230 1205 1310 1274; x_wconf 91' lang='lat' dir='ltr'><strong>illius,</strong></span> <span class='ocrx_word' id='word_1_133' title='bbox 1328 1219 1378 1275; x_wconf 91' lang='lat' dir='ltr'><strong>pro</strong></span> <span class='ocrx_word' id='word_1_134' title='bbox 1396 1189 1599 1273; x_wconf 58' lang='lat' dir='ltr'><strong>uirilibus&#39;parT</strong></span> <span class='ocrx_word' id='word_1_135' title='bbox 1619 1214 1648 1255; x_wconf 92' lang='lat' dir='ltr'><strong>ro</strong></span> 
     </span>
     <span class='ocr_line' id='line_1_12' title="bbox 165 1285 1598 1364; baseline 0.002 -20"><span class='ocrx_word' id='word_1_136' title='bbox 165 1287 240 1344; x_wconf 85' lang='lat' dir='ltr'><strong>tubus</strong></span> <span class='ocrx_word' id='word_1_137' title='bbox 257 1288 298 1344; x_wconf 89' lang='lat' dir='ltr'><strong>eis</strong></span> <span class='ocrx_word' id='word_1_138' title='bbox 317 1303 351 1345; x_wconf 87' lang='lat' dir='ltr'><strong>ex</strong></span> <span class='ocrx_word' id='word_1_139' title='bbox 369 1289 544 1359; x_wconf 89' lang='lat' dir='ltr'><strong>stipulatione</strong></span> <span class='ocrx_word' id='word_1_140' title='bbox 567 1285 706 1346; x_wconf 80' lang='lat' dir='ltr'><strong>debetur:</strong></span> <span class='ocrx_word' id='word_1_141' title='bbox 720 1290 744 1346; x_wconf 90' lang='lat' dir='ltr'><strong>si</strong></span> <span class='ocrx_word' id='word_1_142' title='bbox 768 1303 834 1346; x_wconf 90' lang='lat' dir='ltr'><strong>uero</strong></span> <span class='ocrx_word' id='word_1_143' title='bbox 857 1291 909 1345; x_wconf 89' lang='lat' dir='ltr'><strong>ita:</strong></span> <span class='ocrx_word' id='word_1_144' title='bbox 929 1289 1055 1348; x_wconf 91' lang='lat' dir='ltr'><strong>&#39;dominis</strong></span> <span class='ocrx_word' id='word_1_145' title='bbox 1078 1292 1147 1348; x_wconf 89' lang='lat' dir='ltr'><strong>meis</strong></span> <span class='ocrx_word' id='word_1_146' title='bbox 1170 1292 1235 1348; x_wconf 92' lang='lat' dir='ltr'><strong>dare</strong></span> <span class='ocrx_word' id='word_1_147' title='bbox 1259 1292 1416 1364; x_wconf 78' lang='lat' dir='ltr'><strong>spondesl&#39;,</strong></span> <span class='ocrx_word' id='word_1_148' title='bbox 1438 1307 1489 1363; x_wconf 90' lang='lat' dir='ltr'><strong>pro</strong></span> <span class='ocrx_word' id='word_1_149' title='bbox 1511 1295 1598 1364; x_wconf 91' lang='lat' dir='ltr'><strong>parte,</strong></span> 
     </span>
    </p>
   </div>
   <div class='ocr_carea' id='block_1_3' title="bbox 24 1465 1730 2787">
    <p class='ocr_par' dir='ltr' id='par_1_4' title="bbox 165 1465 1598 1542">
     <span class='ocr_line' id='line_1_13' title="bbox 165 1465 1598 1542; baseline 0.001 -21"><span class='ocrx_word' id='word_1_150' title='bbox 165 1465 350 1538; x_wconf 74' lang='lat' dir='ltr'><strong>dubitaretur,</strong></span> <span class='ocrx_word' id='word_1_151' title='bbox 367 1472 496 1522; x_wconf 90' lang='lat' dir='ltr'><strong>utrumne</strong></span> <span class='ocrx_word' id='word_1_152' title='bbox 514 1468 606 1524; x_wconf 88' lang='lat' dir='ltr'><strong>uiriles</strong></span> <span class='ocrx_word' id='word_1_153' title='bbox 624 1473 718 1539; x_wconf 86' lang='lat' dir='ltr'><strong>partes</strong></span> <span class='ocrx_word' id='word_1_154' title='bbox 736 1485 772 1524; x_wconf 88' lang='lat' dir='ltr'><strong>au</strong></span> <span class='ocrx_word' id='word_1_155' title='bbox 789 1485 840 1542; x_wconf 91' lang='lat' dir='ltr'><strong>pro</strong></span> <span class='ocrx_word' id='word_1_156' title='bbox 859 1469 995 1526; x_wconf 87' lang='lat' dir='ltr'><strong>dominica</strong></span> <span class='ocrx_word' id='word_1_157' title='bbox 1015 1470 1141 1540; x_wconf 87' lang='lat' dir='ltr'><strong>portione</strong></span> <span class='ocrx_word' id='word_1_158' title='bbox 1158 1471 1198 1527; x_wconf 95' lang='lat' dir='ltr'><strong>eis</strong></span> <span class='ocrx_word' id='word_1_159' title='bbox 1217 1470 1370 1528; x_wconf 88' lang='lat' dir='ltr'><strong>deberetur.</strong></span> <span class='ocrx_word' id='word_1_160' title='bbox 1398 1475 1426 1526; x_wconf 87' lang='lat' dir='ltr'><strong>et</strong></span> <span class='ocrx_word' id='word_1_161' title='bbox 1444 1471 1598 1540; x_wconf 86' lang='lat' dir='ltr'><strong>interesset,</strong></span> 
     </span>
    </p>

    <p class='ocr_par' dir='ltr' id='par_1_5' title="bbox 164 1555 1687 1880">
     <span class='ocr_line' id='line_1_14' title="bbox 164 1555 1596 1630; baseline 0.001 -19"><span class='ocrx_word' id='word_1_162' title='bbox 164 1555 232 1625; x_wconf 91' lang='lat' dir='ltr'><strong>quid</strong></span> <span class='ocrx_word' id='word_1_163' title='bbox 250 1557 328 1612; x_wconf 89' lang='lat' dir='ltr'><strong>ouius</strong></span> <span class='ocrx_word' id='word_1_164' title='bbox 346 1556 551 1613; x_wconf 90' lang='lat' dir='ltr'><strong>demonstrandi</strong></span> <span class='ocrx_word' id='word_1_165' title='bbox 569 1558 659 1628; x_wconf 81' lang='lat' dir='ltr'><strong>gratia</strong></span> <span class='ocrx_word' id='word_1_166' title='bbox 677 1563 751 1613; x_wconf 90' lang='lat' dir='ltr'><strong>esset</strong></span> <span class='ocrx_word' id='word_1_167' title='bbox 769 1558 906 1624; x_wconf 86' lang='lat' dir='ltr'><strong>adiectum</strong></span> <span class='ocrx_word' id='word_1_168' title='bbox 925 1564 954 1614; x_wconf 89' lang='lat' dir='ltr'><strong>et</strong></span> <span class='ocrx_word' id='word_1_169' title='bbox 971 1574 1042 1628; x_wconf 89' lang='lat' dir='ltr'><strong>quae</strong></span> <span class='ocrx_word' id='word_1_170' title='bbox 1061 1574 1125 1628; x_wconf 89' lang='lat' dir='ltr'><strong>pars</strong></span> <span class='ocrx_word' id='word_1_171' title='bbox 1143 1560 1203 1615; x_wconf 90' lang='lat' dir='ltr'><strong>eius</strong></span> <span class='ocrx_word' id='word_1_172' title='bbox 1220 1560 1403 1630; x_wconf 85' lang='lat' dir='ltr'><strong>stipulationis</strong></span> <span class='ocrx_word' id='word_1_173' title='bbox 1421 1559 1596 1630; x_wconf 88' lang='lat' dir='ltr'><strong>principalem</strong></span> 
     </span>
     <span class='ocr_line' id='line_1_15' title="bbox 165 1644 1646 1719; baseline -0.001 -18"><span class='ocrx_word' id='word_1_174' title='bbox 165 1661 277 1701; x_wconf 74' lang='lat' dir='ltr'><strong>cauum</strong></span> <span class='ocrx_word' id='word_1_175' title='bbox 295 1644 423 1702; x_wconf 89' lang='lat' dir='ltr'><strong>baberet:</strong></span> <span class='ocrx_word' id='word_1_176' title='bbox 447 1647 496 1702; x_wconf 92' lang='lat' dir='ltr'><strong>ssd</strong></span> <span class='ocrx_word' id='word_1_177' title='bbox 520 1662 582 1702; x_wconf 91' lang='lat' dir='ltr'><strong>oum</strong></span> <span class='ocrx_word' id='word_1_178' title='bbox 607 1647 642 1702; x_wconf 88' lang='lat' dir='ltr'><strong>ad</strong></span> <span class='ocrx_word' id='word_1_179' title='bbox 665 1647 777 1702; x_wconf 90' lang='lat' dir='ltr'><strong>uomina</strong></span> <span class='ocrx_word' id='word_1_180' title='bbox 799 1647 875 1716; x_wconf 89' lang='lat' dir='ltr'><strong>prius</strong></span> <span class='ocrx_word' id='word_1_181' title='bbox 893 1646 1039 1703; x_wconf 90' lang='lat' dir='ltr'><strong>decursum</strong></span> <span class='ocrx_word' id='word_1_182' title='bbox 1058 1652 1114 1718; x_wconf 90' lang='lat' dir='ltr'><strong>est,</strong></span> <span class='ocrx_word' id='word_1_183' title='bbox 1138 1649 1324 1706; x_wconf 89' lang='lat' dir='ltr'><strong>rationabilius</strong></span> <span class='ocrx_word' id='word_1_184' title='bbox 1342 1663 1404 1705; x_wconf 85' lang='lat' dir='ltr'><strong>esre</strong></span> <span class='ocrx_word' id='word_1_185' title='bbox 1422 1648 1531 1704; x_wconf 89' lang='lat' dir='ltr'><strong>uidetur</strong></span> <span class='ocrx_word' id='word_1_186' title='bbox 1548 1663 1597 1719; x_wconf 91' lang='lat' dir='ltr'><strong>pro</strong></span> <span class='ocrx_word' id='word_1_187' title='bbox 1617 1659 1646 1701; x_wconf 88' lang='lat' dir='ltr'><strong>rs</strong></span> 
     </span>
     <span class='ocr_line' id='line_1_16' title="bbox 165 1735 1687 1818; baseline 0.001 -28"><span class='ocrx_word' id='word_1_188' title='bbox 165 1735 236 1790; x_wconf 80' lang='lat' dir='ltr'><strong>uirbi</strong></span> <span class='ocrx_word' id='word_1_189' title='bbox 253 1740 331 1806; x_wconf 88' lang='lat' dir='ltr'><strong>parte</strong></span> <span class='ocrx_word' id='word_1_190' title='bbox 349 1735 552 1806; x_wconf 88' lang='lat' dir='ltr'><strong>stipulationem</strong></span> <span class='ocrx_word' id='word_1_191' title='bbox 570 1736 611 1792; x_wconf 87' lang='lat' dir='ltr'><strong>eis</strong></span> <span class='ocrx_word' id='word_1_192' title='bbox 628 1735 749 1807; x_wconf 88' lang='lat' dir='ltr'><strong>adquiri,</strong></span> <span class='ocrx_word' id='word_1_193' title='bbox 767 1735 841 1806; x_wconf 93' lang='lat' dir='ltr'><strong>quod</strong></span> <span class='ocrx_word' id='word_1_194' title='bbox 859 1735 1030 1794; x_wconf 87' lang='lat' dir='ltr'><strong>dominorum</strong></span> <span class='ocrx_word' id='word_1_195' title='bbox 1049 1737 1185 1794; x_wconf 89' lang='lat' dir='ltr'><strong>uocabula</strong></span> <span class='ocrx_word' id='word_1_196' title='bbox 1201 1753 1252 1808; x_wconf 91' lang='lat' dir='ltr'><strong>pro</strong></span> <span class='ocrx_word' id='word_1_197' title='bbox 1270 1738 1502 1794; x_wconf 72' lang='lat' dir='ltr'><strong>demonstratione</strong></span> <span class='ocrx_word' id='word_1_198' title='bbox 1521 1736 1532 1807; x_wconf 82' lang='grc' dir='ltr'><strong>ΙΙ</strong></span> <span class='ocrx_word' id='word_1_199' title='bbox 1550 1737 1597 1818; x_wconf 84' lang='grc' dir='ltr'><strong>Ιιι-</strong></span> <span class='ocrx_word' id='word_1_200' title='bbox 1614 1744 1631 1792; x_wconf 87' lang='lat' dir='ltr'><strong>l.</strong></span> <span class='ocrx_word' id='word_1_201' title='bbox 1642 1745 1687 1792; x_wconf 83' lang='lat' dir='ltr'><strong>ecl</strong></span> 
     </span>
     <span class='ocr_line' id='line_1_17' title="bbox 164 1822 290 1880; baseline -0.016 0"><span class='ocrx_word' id='word_1_202' title='bbox 164 1822 290 1880; x_wconf 85' lang='lat' dir='ltr'><strong>beantur.</strong></span> 
     </span>
    </p>

    <p class='ocr_par' dir='ltr' id='par_1_6' title="bbox 103 1909 1645 2162">
     <span class='ocr_line' id='line_1_18' title="bbox 103 1909 1643 2000; baseline 0.004 -29"><span class='ocrx_word' id='word_1_203' title='bbox 103 1911 146 1971; x_wconf 81' lang='lat'><strong>38</strong></span> <span class='ocrx_word' id='word_1_204' title='bbox 218 1913 295 1970; x_wconf 84' lang='lat' dir='ltr'><strong>luurr</strong></span> <span class='ocrx_word' id='word_1_205' title='bbox 321 1912 391 1968; x_wconf 93' lang='lat' dir='ltr'><strong>libro</strong></span> <span class='ocrx_word' id='word_1_206' title='bbox 414 1913 510 1983; x_wconf 89' lang='lat' dir='ltr'><strong>quinto</strong></span> <span class='ocrx_word' id='word_1_207' title='bbox 537 1913 573 1968; x_wconf 88' lang='lat' dir='ltr'><strong>ad</strong></span> <span class='ocrx_word' id='word_1_208' title='bbox 596 1913 726 1980; x_wconf 83' lang='lat' dir='ltr'><strong>Quintum</strong></span> <span class='ocrx_word' id='word_1_209' title='bbox 749 1913 877 1968; x_wconf 85' lang='lat' dir='ltr'><strong>lineium.</strong></span> <span class='ocrx_word' id='word_1_210' title='bbox 921 1911 949 1970; x_wconf 86' lang='lat' dir='ltr'><strong>Si</strong></span> <span class='ocrx_word' id='word_1_211' title='bbox 974 1929 1071 1971; x_wconf 90' lang='lat' dir='ltr'><strong>seruus</strong></span> <span class='ocrx_word' id='word_1_212' title='bbox 1097 1931 1176 1972; x_wconf 90' lang='lat' dir='ltr'><strong>meus</strong></span> <span class='ocrx_word' id='word_1_213' title='bbox 1200 1932 1218 1971; x_wconf 92' lang='lat' dir='ltr'><strong>a</strong></span> <span class='ocrx_word' id='word_1_214' title='bbox 1239 1915 1336 1972; x_wconf 90' lang='lat' dir='ltr'><strong>liberto</strong></span> <span class='ocrx_word' id='word_1_215' title='bbox 1360 1931 1421 1972; x_wconf 91' lang='lat' dir='ltr'><strong>meo</strong></span> <span class='ocrx_word' id='word_1_216' title='bbox 1440 1909 1596 2000; x_wconf 59' lang='lat' dir='ltr'><strong>[Q</strong></span> <span class='ocrx_word' id='word_1_217' title='bbox 1615 1921 1643 1978; x_wconf 82' lang='grc' dir='ltr'><strong><em>Ε</em></strong></span> 
     </span>
     <span class='ocr_line' id='line_1_19' title="bbox 165 2001 1595 2075; baseline 0.001 -17"><span class='ocrx_word' id='word_1_218' title='bbox 165 2001 271 2072; x_wconf 88' lang='lat' dir='ltr'><strong>&#39;operas</strong></span> <span class='ocrx_word' id='word_1_219' title='bbox 288 2001 341 2058; x_wconf 89' lang='lat' dir='ltr'><strong>sibi</strong></span> <span class='ocrx_word' id='word_1_220' title='bbox 359 2001 425 2057; x_wconf 73' lang='lat' dir='ltr'><strong>dari·</strong></span> <span class='ocrx_word' id='word_1_221' title='bbox 444 2002 595 2073; x_wconf 87' lang='lat' dir='ltr'><strong>stipuletur,</strong></span> <span class='ocrx_word' id='word_1_222' title='bbox 614 2003 736 2058; x_wconf 89' lang='lat' dir='ltr'><strong>inutilem</strong></span> <span class='ocrx_word' id='word_1_223' title='bbox 755 2001 958 2073; x_wconf 75' lang='lat' dir='ltr'><strong>stipulationem</strong></span> <span class='ocrx_word' id='word_1_224' title='bbox 975 2017 1037 2059; x_wconf 88' lang='lat' dir='ltr'><strong>osse</strong></span> <span class='ocrx_word' id='word_1_225' title='bbox 1056 2005 1152 2062; x_wconf 80' lang='lat' dir='ltr'><strong>Celsus</strong></span> <span class='ocrx_word' id='word_1_226' title='bbox 1171 2003 1277 2062; x_wconf 75' lang='lat' dir='ltr'><strong>cambit:</strong></span> <span class='ocrx_word' id='word_1_227' title='bbox 1302 2005 1381 2061; x_wconf 84' lang='lat' dir='ltr'><strong>aliter</strong></span> <span class='ocrx_word' id='word_1_228' title='bbox 1398 2011 1481 2075; x_wconf 88' lang='lat' dir='ltr'><strong>atque</strong></span> <span class='ocrx_word' id='word_1_229' title='bbox 1499 2005 1522 2061; x_wconf 92' lang='lat' dir='ltr'><strong>si</strong></span> <span class='ocrx_word' id='word_1_230' title='bbox 1541 2020 1595 2062; x_wconf 93' lang='lat' dir='ltr'><strong>non</strong></span> 
     </span>
     <span class='ocr_line' id='line_1_20' title="bbox 165 2089 1645 2162; baseline 0.001 -16"><span class='ocrx_word' id='word_1_231' title='bbox 165 2091 273 2148; x_wconf 88' lang='lat' dir='ltr'><strong>adiecto</strong></span> <span class='ocrx_word' id='word_1_232' title='bbox 291 2090 342 2149; x_wconf 88' lang='lat' dir='ltr'><strong>boc</strong></span> <span class='ocrx_word' id='word_1_233' title='bbox 360 2089 445 2147; x_wconf 89' lang='lat' dir='ltr'><strong>uerbo</strong></span> <span class='ocrx_word' id='word_1_234' title='bbox 464 2089 531 2147; x_wconf 83' lang='lat' dir='ltr'><strong>&#39;sibi&#39;</strong></span> <span class='ocrx_word' id='word_1_235' title='bbox 548 2092 696 2162; x_wconf 89' lang='lat' dir='ltr'><strong>stipulatus</strong></span> <span class='ocrx_word' id='word_1_236' title='bbox 713 2089 802 2147; x_wconf 81' lang='lat' dir='ltr'><strong>fuerit</strong></span> <span class='ocrx_word' id='word_1_237' title='bbox 1616 2106 1645 2147; x_wconf 88' lang='lat' dir='ltr'><strong>ro</strong></span> 
     </span>
    </p>

    <p class='ocr_par' dir='ltr' id='par_1_7' title="bbox 101 2177 1730 2342">
     <span class='ocr_line' id='line_1_21' title="bbox 101 2177 1730 2266; baseline 0.004 -28"><span class='ocrx_word' id='word_1_238' title='bbox 101 2179 145 2240; x_wconf 82' lang='grc'><strong>39</strong></span> <span class='ocrx_word' id='word_1_239' title='bbox 217 2181 295 2236; x_wconf 83' lang='lat' dir='ltr'><strong>lucu</strong></span> <span class='ocrx_word' id='word_1_240' title='bbox 317 2179 386 2236; x_wconf 91' lang='lat' dir='ltr'><strong>libro</strong></span> <span class='ocrx_word' id='word_1_241' title='bbox 408 2181 559 2236; x_wconf 91' lang='lat' dir='ltr'><strong>uicensimo</strong></span> <span class='ocrx_word' id='word_1_242' title='bbox 583 2180 705 2236; x_wconf 88' lang='lat' dir='ltr'><strong>secundo</strong></span> <span class='ocrx_word' id='word_1_243' title='bbox 729 2179 764 2235; x_wconf 89' lang='lat' dir='ltr'><strong>ad</strong></span> <span class='ocrx_word' id='word_1_244' title='bbox 783 2180 912 2246; x_wconf 79' lang='lat' dir='ltr'><strong>Quintum</strong></span> <span class='ocrx_word' id='word_1_245' title='bbox 930 2181 1059 2238; x_wconf 87' lang='lat' dir='ltr'><strong>lineium.</strong></span> <span class='ocrx_word' id='word_1_246' title='bbox 1096 2183 1296 2253; x_wconf 77' lang='lat' dir='ltr'><strong>conserues,</strong></span> <span class='ocrx_word' id='word_1_247' title='bbox 1320 2177 1597 2266; x_wconf 60' lang='lat' dir='ltr'><strong>iuquoffl</strong></span> <span class='ocrx_word' id='word_1_248' title='bbox 1615 2188 1643 2244; x_wconf 82' lang='lat' dir='ltr'><strong><em>E</em></strong></span> <span class='ocrx_word' id='word_1_249' title='bbox 1727 2203 1730 2214; x_wconf 59' lang='lat'>¹</span> 
     </span>
     <span class='ocr_line' id='line_1_22' title="bbox 164 2265 1595 2342; baseline 0.002 -17"><span class='ocrx_word' id='word_1_250' title='bbox 164 2285 245 2326; x_wconf 80' lang='lat' dir='ltr'><strong>mum</strong></span> <span class='ocrx_word' id='word_1_251' title='bbox 263 2267 380 2325; x_wconf 78' lang='lat' dir='ltr'><strong>fructum</strong></span> <span class='ocrx_word' id='word_1_252' title='bbox 399 2268 540 2340; x_wconf 86' lang='lat' dir='ltr'><strong>habemus,</strong></span> <span class='ocrx_word' id='word_1_253' title='bbox 558 2269 734 2341; x_wconf 83' lang='lat' dir='ltr'><strong>proprietatis</strong></span> <span class='ocrx_word' id='word_1_254' title='bbox 753 2269 863 2326; x_wconf 92' lang='lat' dir='ltr'><strong>domine</strong></span> <span class='ocrx_word' id='word_1_255' title='bbox 882 2285 916 2326; x_wconf 86' lang='lat' dir='ltr'><strong>ex</strong></span> <span class='ocrx_word' id='word_1_256' title='bbox 935 2287 964 2327; x_wconf 92' lang='lat' dir='ltr'><strong>re</strong></span> <span class='ocrx_word' id='word_1_257' title='bbox 982 2265 1125 2327; x_wconf 76' lang='lat' dir='ltr'><strong>fructuarii</strong></span> <span class='ocrx_word' id='word_1_258' title='bbox 1142 2271 1240 2342; x_wconf 79' lang='lat' dir='ltr'><strong>ueler</strong></span> <span class='ocrx_word' id='word_1_259' title='bbox 1258 2271 1349 2342; x_wconf 85' lang='lat' dir='ltr'><strong>operis</strong></span> <span class='ocrx_word' id='word_1_260' title='bbox 1365 2272 1424 2327; x_wconf 89' lang='lat' dir='ltr'><strong>eius</strong></span> <span class='ocrx_word' id='word_1_261' title='bbox 1437 2273 1595 2328; x_wconf 85' lang='lat' dir='ltr'><strong>nominatim</strong></span> 
     </span>
    </p>

    <p class='ocr_par' dir='ltr' id='par_1_8' title="bbox 24 2358 1644 2787">
     <span class='ocr_line' id='line_1_23' title="bbox 24 2358 1598 2438; baseline 0.001 -24"><span class='ocrx_word' id='word_1_262' title='bbox 24 2409 42 2438; x_wconf 49' lang='grc' dir='ltr'><strong>ο</strong></span> <span class='ocrx_word' id='word_1_263' title='bbox 163 2359 321 2430; x_wconf 83' lang='lat' dir='ltr'><strong>stipuletur,</strong></span> <span class='ocrx_word' id='word_1_264' title='bbox 346 2359 499 2430; x_wconf 87' lang='lat' dir='ltr'><strong>adquiritur</strong></span> <span class='ocrx_word' id='word_1_265' title='bbox 516 2359 626 2415; x_wconf 91' lang='lat' dir='ltr'><strong>domino</strong></span> <span class='ocrx_word' id='word_1_266' title='bbox 643 2358 833 2429; x_wconf 88' lang='lat' dir='ltr'><strong>proprietatis:</strong></span> <span class='ocrx_word' id='word_1_267' title='bbox 858 2359 907 2414; x_wconf 87' lang='lat' dir='ltr'><strong>sed</strong></span> <span class='ocrx_word' id='word_1_268' title='bbox 925 2375 980 2430; x_wconf 84' lang='lat' dir='ltr'><strong>qua</strong></span> <span class='ocrx_word' id='word_1_269' title='bbox 998 2361 1106 2416; x_wconf 88' lang='lat' dir='ltr'><strong>actione</strong></span> <span class='ocrx_word' id='word_1_270' title='bbox 1123 2358 1288 2416; x_wconf 81' lang='lat' dir='ltr'><strong>fructuarius</strong></span> <span class='ocrx_word' id='word_1_271' title='bbox 1306 2360 1458 2431; x_wconf 88' lang='lat' dir='ltr'><strong>reciperare</strong></span> <span class='ocrx_word' id='word_1_272' title='bbox 1475 2362 1563 2431; x_wconf 88' lang='lat' dir='ltr'><strong>possit</strong></span> <span class='ocrx_word' id='word_1_273' title='bbox 1581 2377 1598 2416; x_wconf 94' lang='lat' dir='ltr'><strong>a</strong></span> 
     </span>
     <span class='ocr_line' id='line_1_24' title="bbox 163 2445 1596 2520; baseline 0 -16"><span class='ocrx_word' id='word_1_274' title='bbox 163 2445 276 2504; x_wconf 90' lang='lat' dir='ltr'><strong>domiuo</strong></span> <span class='ocrx_word' id='word_1_275' title='bbox 292 2449 481 2520; x_wconf 84' lang='lat' dir='ltr'><strong>proprietatis,</strong></span> <span class='ocrx_word' id='word_1_276' title='bbox 500 2447 692 2518; x_wconf 89' lang='lat' dir='ltr'><strong>requirendum</strong></span> <span class='ocrx_word' id='word_1_277' title='bbox 711 2452 762 2504; x_wconf 90' lang='lat' dir='ltr'><strong>ost.</strong></span> <span class='ocrx_word' id='word_1_278' title='bbox 788 2448 854 2503; x_wconf 88' lang='lat' dir='ltr'><strong>item</strong></span> <span class='ocrx_word' id='word_1_279' title='bbox 873 2448 897 2504; x_wconf 90' lang='lat' dir='ltr'><strong>si</strong></span> <span class='ocrx_word' id='word_1_280' title='bbox 915 2464 1012 2505; x_wconf 89' lang='lat' dir='ltr'><strong>seruus</strong></span> <span class='ocrx_word' id='word_1_281' title='bbox 1031 2449 1104 2506; x_wconf 89' lang='lat' dir='ltr'><strong>bona</strong></span> <span class='ocrx_word' id='word_1_282' title='bbox 1121 2447 1176 2504; x_wconf 87' lang='lat' dir='ltr'><strong>fide</strong></span> <span class='ocrx_word' id='word_1_283' title='bbox 1194 2449 1273 2505; x_wconf 90' lang='lat' dir='ltr'><strong>uobis</strong></span> <span class='ocrx_word' id='word_1_284' title='bbox 1291 2449 1394 2504; x_wconf 79' lang='lat' dir='ltr'><strong>sermat</strong></span> <span class='ocrx_word' id='word_1_285' title='bbox 1411 2455 1440 2506; x_wconf 92' lang='lat' dir='ltr'><strong>et</strong></span> <span class='ocrx_word' id='word_1_286' title='bbox 1456 2449 1500 2519; x_wconf 91' lang='lat' dir='ltr'><strong>id,</strong></span> <span class='ocrx_word' id='word_1_287' title='bbox 1523 2449 1596 2520; x_wconf 93' lang='lat' dir='ltr'><strong>quod</strong></span> 
     </span>
     <span class='ocr_line' id='line_1_25' title="bbox 164 2536 1644 2610; baseline 0.001 -18"><span class='ocrx_word' id='word_1_288' title='bbox 164 2536 244 2594; x_wconf 91' lang='lat' dir='ltr'><strong>uobis</strong></span> <span class='ocrx_word' id='word_1_289' title='bbox 266 2537 409 2608; x_wconf 86' lang='lat' dir='ltr'><strong>adquirere</strong></span> <span class='ocrx_word' id='word_1_290' title='bbox 431 2537 544 2609; x_wconf 89' lang='lat' dir='ltr'><strong>poterit,</strong></span> <span class='ocrx_word' id='word_1_291' title='bbox 568 2537 728 2594; x_wconf 90' lang='lat' dir='ltr'><strong>nominatim</strong></span> <span class='ocrx_word' id='word_1_292' title='bbox 751 2536 862 2594; x_wconf 89' lang='lat' dir='ltr'><strong>domiuo</strong></span> <span class='ocrx_word' id='word_1_293' title='bbox 886 2553 937 2594; x_wconf 86' lang='lat' dir='ltr'><strong>sno</strong></span> <span class='ocrx_word' id='word_1_294' title='bbox 960 2539 1107 2610; x_wconf 90' lang='lat' dir='ltr'><strong>stipulatus</strong></span> <span class='ocrx_word' id='word_1_295' title='bbox 1132 2537 1226 2609; x_wconf 86' lang='lat' dir='ltr'><strong>inerit,</strong></span> <span class='ocrx_word' id='word_1_296' title='bbox 1251 2540 1276 2594; x_wconf 90' lang='lat' dir='ltr'><strong>ei</strong></span> <span class='ocrx_word' id='word_1_297' title='bbox 1301 2538 1440 2608; x_wconf 85' lang='lat' dir='ltr'><strong>adquiret:</strong></span> <span class='ocrx_word' id='word_1_298' title='bbox 1468 2539 1518 2594; x_wconf 90' lang='lat' dir='ltr'><strong>sed</strong></span> <span class='ocrx_word' id='word_1_299' title='bbox 1541 2541 1597 2610; x_wconf 92' lang='lat' dir='ltr'><strong>qua</strong></span> <span class='ocrx_word' id='word_1_300' title='bbox 1615 2551 1644 2593; x_wconf 85' lang='lat' dir='ltr'><strong>as</strong></span> 
     </span>
     <span class='ocr_line' id='line_1_26' title="bbox 164 2626 1597 2698; baseline 0.001 -16"><span class='ocrx_word' id='word_1_301' title='bbox 164 2627 273 2682; x_wconf 84' lang='lat' dir='ltr'><strong>actione</strong></span> <span class='ocrx_word' id='word_1_302' title='bbox 294 2626 323 2682; x_wconf 92' lang='lat' dir='ltr'><strong>id</strong></span> <span class='ocrx_word' id='word_1_303' title='bbox 345 2627 497 2696; x_wconf 88' lang='lat' dir='ltr'><strong>reciperare</strong></span> <span class='ocrx_word' id='word_1_304' title='bbox 518 2641 680 2697; x_wconf 86' lang='lat' dir='ltr'><strong>possamus,</strong></span> <span class='ocrx_word' id='word_1_305' title='bbox 703 2641 875 2697; x_wconf 88' lang='lat' dir='ltr'><strong>quaeremus.</strong></span> <span class='ocrx_word' id='word_1_306' title='bbox 902 2632 932 2682; x_wconf 92' lang='lat' dir='ltr'><strong>et</strong></span> <span class='ocrx_word' id='word_1_307' title='bbox 948 2641 1003 2684; x_wconf 89' lang='lat' dir='ltr'><strong>uon</strong></span> <span class='ocrx_word' id='word_1_308' title='bbox 1027 2628 1209 2684; x_wconf 76' lang='lat' dir='ltr'><strong>:lucratione</strong></span> <span class='ocrx_word' id='word_1_309' title='bbox 1227 2633 1283 2698; x_wconf 89' lang='lat' dir='ltr'><strong>est,</strong></span> <span class='ocrx_word' id='word_1_310' title='bbox 1307 2627 1381 2698; x_wconf 90' lang='lat' dir='ltr'><strong>quod</strong></span> <span class='ocrx_word' id='word_1_311' title='bbox 1399 2627 1485 2684; x_wconf 81' lang='lat' dir='ltr'><strong>Gaius</strong></span> <span class='ocrx_word' id='word_1_312' title='bbox 1503 2632 1597 2684; x_wconf 84' lang='lat' dir='ltr'><strong>nostor</strong></span> 
     </span>
     <span class='ocr_line' id='line_1_27' title="bbox 163 2713 917 2787; baseline 0.003 -17"><span class='ocrx_word' id='word_1_313' title='bbox 163 2713 242 2784; x_wconf 71' lang='lat' dir='ltr'><strong>dixit,</strong></span> <span class='ocrx_word' id='word_1_314' title='bbox 260 2715 367 2772; x_wconf 81' lang='lat' dir='ltr'><strong>condiri</strong></span> <span class='ocrx_word' id='word_1_315' title='bbox 385 2715 413 2771; x_wconf 92' lang='lat' dir='ltr'><strong>id</strong></span> <span class='ocrx_word' id='word_1_316' title='bbox 431 2715 460 2770; x_wconf 93' lang='lat' dir='ltr'><strong>iu</strong></span> <span class='ocrx_word' id='word_1_317' title='bbox 477 2721 595 2786; x_wconf 90' lang='lat' dir='ltr'><strong>utroque</strong></span> <span class='ocrx_word' id='word_1_318' title='bbox 611 2729 779 2787; x_wconf 87' lang='lat' dir='ltr'><strong>oasuposse</strong></span> <span class='ocrx_word' id='word_1_319' title='bbox 797 2715 917 2772; x_wconf 91' lang='lat' dir='ltr'><strong>domino.</strong></span> 
     </span>
    </p>
   </div>
   <div class='ocr_carea' id='block_1_4' title="bbox 96 2799 1772 3233">
    <p class='ocr_par' dir='ltr' id='par_1_9' title="bbox 96 2799 1772 3233">
     <span class='ocr_line' id='line_1_28' title="bbox 96 2799 1641 2891; baseline 0.001 -26"><span class='ocrx_word' id='word_1_320' title='bbox 96 2804 145 2865; x_wconf 79' lang='lat'><strong>40</strong></span> <span class='ocrx_word' id='word_1_321' title='bbox 217 2805 295 2860; x_wconf 76' lang='lat' dir='ltr'><strong>loma</strong></span> <span class='ocrx_word' id='word_1_322' title='bbox 310 2803 380 2860; x_wconf 89' lang='lat' dir='ltr'><strong>libro</strong></span> <span class='ocrx_word' id='word_1_323' title='bbox 398 2803 558 2875; x_wconf 70' lang='lat' dir='ltr'><strong>inpensius</strong></span> <span class='ocrx_word' id='word_1_324' title='bbox 569 2805 651 2861; x_wconf 90' lang='lat' dir='ltr'><strong>tertio</strong></span> <span class='ocrx_word' id='word_1_325' title='bbox 664 2805 700 2860; x_wconf 82' lang='lat' dir='ltr'><strong>ad</strong></span> <span class='ocrx_word' id='word_1_326' title='bbox 713 2805 842 2872; x_wconf 84' lang='lat' dir='ltr'><strong>Quintum</strong></span> <span class='ocrx_word' id='word_1_327' title='bbox 855 2805 982 2880; x_wconf 84' lang='lat' dir='ltr'><strong>liucium.</strong></span> <span class='ocrx_word' id='word_1_328' title='bbox 1009 2804 1147 2876; x_wconf 82' lang='lat' dir='ltr'><strong>Quidquid</strong></span> <span class='ocrx_word' id='word_1_329' title='bbox 1164 2805 1302 2862; x_wconf 78' lang='lat' dir='ltr'><strong>ooubaxit</strong></span> <span class='ocrx_word' id='word_1_330' title='bbox 1314 2819 1419 2875; x_wconf 90' lang='lat' dir='ltr'><strong>seruus,</strong></span> <span class='ocrx_word' id='word_1_331' title='bbox 1438 2799 1596 2891; x_wconf 60' lang='lat' dir='ltr'><em>Q</em></span> <span class='ocrx_word' id='word_1_332' title='bbox 1613 2811 1641 2866; x_wconf 84' lang='lat' dir='ltr'><strong><em>E</em></strong></span> 
     </span>
     <span class='ocr_line' id='line_1_29' title="bbox 163 2893 1594 2967; baseline 0.002 -17"><span class='ocrx_word' id='word_1_333' title='bbox 163 2893 229 2950; x_wconf 90' lang='lat' dir='ltr'><strong>dum</strong></span> <span class='ocrx_word' id='word_1_334' title='bbox 248 2893 328 2950; x_wconf 90' lang='lat' dir='ltr'><strong>nobis</strong></span> <span class='ocrx_word' id='word_1_335' title='bbox 346 2893 440 2964; x_wconf 89' lang='lat' dir='ltr'><strong>seruit,</strong></span> <span class='ocrx_word' id='word_1_336' title='bbox 458 2893 541 2950; x_wconf 87' lang='lat' dir='ltr'><strong>etiarn</strong></span> <span class='ocrx_word' id='word_1_337' title='bbox 560 2895 584 2949; x_wconf 88' lang='lat' dir='ltr'><strong>si</strong></span> <span class='ocrx_word' id='word_1_338' title='bbox 602 2895 805 2966; x_wconf 89' lang='lat' dir='ltr'><strong>stipulationem</strong></span> <span class='ocrx_word' id='word_1_339' title='bbox 824 2895 940 2950; x_wconf 89' lang='lat' dir='ltr'><strong>contulit</strong></span> <span class='ocrx_word' id='word_1_340' title='bbox 957 2895 984 2950; x_wconf 90' lang='lat' dir='ltr'><strong>iu</strong></span> <span class='ocrx_word' id='word_1_341' title='bbox 998 2896 1188 2951; x_wconf 87' lang='lat' dir='ltr'><strong>alienationem</strong></span> <span class='ocrx_word' id='word_1_342' title='bbox 1201 2895 1247 2950; x_wconf 86' lang='lat' dir='ltr'><strong>uel</strong></span> <span class='ocrx_word' id='word_1_343' title='bbox 1259 2895 1494 2950; x_wconf 83' lang='lat' dir='ltr'><strong>manumissionem</strong></span> <span class='ocrx_word' id='word_1_344' title='bbox 1507 2912 1594 2967; x_wconf 89' lang='lat' dir='ltr'><strong>suam,</strong></span> 
     </span>
     <span class='ocr_line' id='line_1_30' title="bbox 162 2981 1644 3055; baseline -0.002 -17"><span class='ocrx_word' id='word_1_345' title='bbox 162 2987 257 3038; x_wconf 86' lang='lat' dir='ltr'><strong>tamen</strong></span> <span class='ocrx_word' id='word_1_346' title='bbox 275 2981 354 3040; x_wconf 88' lang='lat' dir='ltr'><strong>uobis</strong></span> <span class='ocrx_word' id='word_1_347' title='bbox 371 2981 400 3038; x_wconf 92' lang='lat' dir='ltr'><strong>ld</strong></span> <span class='ocrx_word' id='word_1_348' title='bbox 417 2981 585 3052; x_wconf 83' lang='lat' dir='ltr'><strong>adquisitum</strong></span> <span class='ocrx_word' id='word_1_349' title='bbox 603 2984 666 3054; x_wconf 89' lang='lat' dir='ltr'><strong>erit,</strong></span> <span class='ocrx_word' id='word_1_350' title='bbox 685 2983 751 3054; x_wconf 91' lang='lat' dir='ltr'><strong>quia</strong></span> <span class='ocrx_word' id='word_1_351' title='bbox 767 2985 968 3055; x_wconf 85' lang='lat' dir='ltr'><strong>potestaseius</strong></span> <span class='ocrx_word' id='word_1_352' title='bbox 986 2989 1065 3054; x_wconf 90' lang='lat' dir='ltr'><strong>tunc,</strong></span> <span class='ocrx_word' id='word_1_353' title='bbox 1084 2999 1148 3040; x_wconf 91' lang='lat' dir='ltr'><strong>cum</strong></span> <span class='ocrx_word' id='word_1_354' title='bbox 1165 2983 1195 3040; x_wconf 94' lang='lat' dir='ltr'><strong>id</strong></span> <span class='ocrx_word' id='word_1_355' title='bbox 1213 2982 1398 3054; x_wconf 78' lang='lat' dir='ltr'><strong>conueheret,</strong></span> <span class='ocrx_word' id='word_1_356' title='bbox 1423 2989 1517 3040; x_wconf 81' lang='lat' dir='ltr'><strong>nostm</strong></span> <span class='ocrx_word' id='word_1_357' title='bbox 1534 2983 1594 3042; x_wconf 83' lang='lat' dir='ltr'><strong>fuit</strong></span> <span class='ocrx_word' id='word_1_358' title='bbox 1614 2995 1644 3036; x_wconf 86' lang='lat' dir='ltr'><strong>:o</strong></span> 
     </span>
     <span class='ocr_line' id='line_1_31' title="bbox 163 3071 1595 3145; baseline 0.001 -17"><span class='ocrx_word' id='word_1_359' title='bbox 163 3072 265 3143; x_wconf 79' lang='lat' dir='ltr'><strong>idque·</strong></span> <span class='ocrx_word' id='word_1_360' title='bbox 276 3076 327 3143; x_wconf 82' lang='lat' dir='ltr'><strong>ert,</strong></span> <span class='ocrx_word' id='word_1_361' title='bbox 346 3072 369 3128; x_wconf 91' lang='lat' dir='ltr'><strong>ai</strong></span> <span class='ocrx_word' id='word_1_362' title='bbox 387 3071 459 3128; x_wconf 87' lang='lat' dir='ltr'><strong>iilius</strong></span> <span class='ocrx_word' id='word_1_363' title='bbox 476 3071 594 3129; x_wconf 81' lang='lat' dir='ltr'><strong>familias</strong></span> <span class='ocrx_word' id='word_1_364' title='bbox 611 3072 767 3129; x_wconf 79' lang='lat' dir='ltr'><strong>contrahat:</strong></span> <span class='ocrx_word' id='word_1_365' title='bbox 786 3087 904 3143; x_wconf 91' lang='lat' dir='ltr'><strong>namque</strong></span> <span class='ocrx_word' id='word_1_366' title='bbox 922 3073 1006 3130; x_wconf 88' lang='lat' dir='ltr'><strong>etiam</strong></span> <span class='ocrx_word' id='word_1_367' title='bbox 1024 3073 1097 3144; x_wconf 91' lang='lat' dir='ltr'><strong>quod</strong></span> <span class='ocrx_word' id='word_1_368' title='bbox 1116 3074 1145 3129; x_wconf 91' lang='lat' dir='ltr'><strong>in</strong></span> <span class='ocrx_word' id='word_1_369' title='bbox 1162 3073 1388 3144; x_wconf 85' lang='lat' dir='ltr'><strong>emancipationis</strong></span> <span class='ocrx_word' id='word_1_370' title='bbox 1406 3089 1473 3130; x_wconf 89' lang='lat' dir='ltr'><strong>suae</strong></span> <span class='ocrx_word' id='word_1_371' title='bbox 1485 3079 1595 3145; x_wconf 86' lang='lat' dir='ltr'><strong>tompus</strong></span> 
     </span>
     <span class='ocr_line' id='line_1_32' title="bbox 162 3160 1772 3233; baseline -0.002 -13"><span class='ocrx_word' id='word_1_372' title='bbox 162 3161 317 3232; x_wconf 88' lang='lat' dir='ltr'><strong>contulerit,</strong></span> <span class='ocrx_word' id='word_1_373' title='bbox 336 3160 416 3218; x_wconf 89' lang='lat' dir='ltr'><strong>nobis</strong></span> <span class='ocrx_word' id='word_1_374' title='bbox 434 3161 586 3233; x_wconf 86' lang='lat' dir='ltr'><strong>debebitur,</strong></span> <span class='ocrx_word' id='word_1_375' title='bbox 605 3162 629 3218; x_wconf 89' lang='lat' dir='ltr'><strong>si</strong></span> <span class='ocrx_word' id='word_1_376' title='bbox 646 3167 739 3219; x_wconf 87' lang='lat' dir='ltr'><strong>tamen</strong></span> <span class='ocrx_word' id='word_1_377' title='bbox 757 3161 821 3220; x_wconf 93' lang='lat' dir='ltr'><strong>dolo</strong></span> <span class='ocrx_word' id='word_1_378' title='bbox 839 3163 911 3219; x_wconf 90' lang='lat' dir='ltr'><strong>malo</strong></span> <span class='ocrx_word' id='word_1_379' title='bbox 929 3163 958 3218; x_wconf 90' lang='lat' dir='ltr'><strong>ld</strong></span> <span class='ocrx_word' id='word_1_380' title='bbox 976 3161 1080 3219; x_wconf 72' lang='lat' dir='ltr'><strong>locent.</strong></span> <span class='ocrx_word' id='word_1_381' title='bbox 1612 3165 1772 3217; x_wconf 68' lang='lat' dir='ltr'><strong>testacea:</strong></span> 
     </span>
    </p>
   </div>
   <div class='ocr_carea' id='block_1_5' title="bbox 162 3267 356 3338">
    <p class='ocr_par' dir='ltr' id='par_1_10' title="bbox 162 3267 356 3338">
     <span class='ocr_line' id='line_1_33' title="bbox 162 3267 356 3338; baseline 0 -14"><span class='ocrx_word' id='word_1_382' title='bbox 162 3267 356 3338; x_wconf 56' lang='lat' dir='ltr'><strong>amoc)</strong></span> 
     </span>
    </p>
   </div>
   <div class='ocr_carea' id='block_1_6' title="bbox 162 3418 1278 3492">
    <p class='ocr_par' dir='ltr' id='par_1_11' title="bbox 162 3418 1278 3492">
     <span class='ocr_line' id='line_1_34' title="bbox 162 3418 1278 3492; baseline 0 -16"><span class='ocrx_word' id='word_1_383' title='bbox 162 3424 172 3460; x_wconf 90' lang='lat'>¹</span> <span class='ocrx_word' id='word_1_384' title='bbox 194 3420 284 3492; x_wconf 89' lang='lat' dir='ltr'><strong>operis</strong></span> <span class='ocrx_word' id='word_1_385' title='bbox 301 3419 405 3487; x_wconf 63' lang='lat' dir='ltr'><strong>(Helii</strong></span> <span class='ocrx_word' id='word_1_386' title='bbox 475 3419 672 3476; x_wconf 75' lang='lat' dir='ltr'><strong>¹derelictus?</strong></span> <span class='ocrx_word' id='word_1_387' title='bbox 771 3420 899 3489; x_wconf 89' lang='lat' dir='ltr'><strong>idemque</strong></span> <span class='ocrx_word' id='word_1_388' title='bbox 917 3419 961 3487; x_wconf 80' lang='lat' dir='ltr'><strong>(rb</strong></span> <span class='ocrx_word' id='word_1_389' title='bbox 978 3419 1043 3483; x_wconf 68' lang='lat' dir='ltr'><strong>atro</strong></span> <span class='ocrx_word' id='word_1_390' title='bbox 1061 3418 1112 3476; x_wconf 85' lang='lat' dir='ltr'><strong>&#39;ecrr</strong></span> <span class='ocrx_word' id='word_1_391' title='bbox 1132 3421 1173 3474; x_wconf 87' lang='lat' dir='ltr'><strong>B:</strong></span> <span class='ocrx_word' id='word_1_392' title='bbox 1191 3419 1278 3487; x_wconf 65' lang='lat' dir='ltr'><strong>edd-l?</strong></span> 
     </span>
    </p>
   </div>
   <div class='ocr_carea' id='block_1_7' title="bbox 143 3569 1595 3928">
    <p class='ocr_par' dir='ltr' id='par_1_12' title="bbox 143 3569 1595 3928">
     <span class='ocr_line' id='line_1_35' title="bbox 161 3569 1594 3644; baseline -0.003 -17"><span class='ocrx_word' id='word_1_393' title='bbox 161 3572 182 3627; x_wconf 88' lang='grc'><strong>3</strong></span> <span class='ocrx_word' id='word_1_394' title='bbox 200 3585 233 3626; x_wconf 83' lang='lat' dir='ltr'><strong>eo</strong></span> <span class='ocrx_word' id='word_1_395' title='bbox 251 3570 318 3640; x_wconf 81' lang='lat' dir='ltr'><strong>iure]</strong></span> <span class='ocrx_word' id='word_1_396' title='bbox 338 3572 366 3632; x_wconf 76' lang='lat' dir='ltr'><strong>F.</strong></span> <span class='ocrx_word' id='word_1_397' title='bbox 384 3585 460 3626; x_wconf 82' lang='lat' dir='ltr'><strong>mero</strong></span> <span class='ocrx_word' id='word_1_398' title='bbox 478 3571 536 3626; x_wconf 90' lang='lat' dir='ltr'><strong>iure</strong></span> <span class='ocrx_word' id='word_1_399' title='bbox 559 3569 630 3626; x_wconf 66' lang='lat' dir='ltr'><strong>PM</strong></span> <span class='ocrx_word' id='word_1_400' title='bbox 644 3579 667 3626; x_wconf 80' lang='lat' dir='ltr'><strong>et</strong></span> <span class='ocrx_word' id='word_1_401' title='bbox 683 3590 764 3642; x_wconf 70' lang='grc' dir='ltr'><strong>ιιρνα</strong></span> <span class='ocrx_word' id='word_1_402' title='bbox 781 3593 806 3626; x_wconf 85' lang='lat' dir='ltr'><strong>n.</strong></span> <span class='ocrx_word' id='word_1_403' title='bbox 819 3572 852 3636; x_wconf 87' lang='lat'><strong>0,</strong></span> <span class='ocrx_word' id='word_1_404' title='bbox 906 3579 1028 3627; x_wconf 65' lang='lat' dir='ltr'><strong>insenum</strong></span> <span class='ocrx_word' id='word_1_405' title='bbox 1041 3574 1133 3628; x_wconf 74' lang='lat' dir='ltr'><strong>reduto</strong></span> <span class='ocrx_word' id='word_1_406' title='bbox 1145 3573 1189 3644; x_wconf 75' lang='lat' dir='ltr'><strong>(qs.</strong></span> <span class='ocrx_word' id='word_1_407' title='bbox 1200 3571 1262 3626; x_wconf 82' lang='lat' dir='ltr'><strong>luat.</strong></span> <span class='ocrx_word' id='word_1_408' title='bbox 1272 3571 1296 3636; x_wconf 86' lang='lat'><strong>2,</strong></span> <span class='ocrx_word' id='word_1_409' title='bbox 1308 3572 1331 3636; x_wconf 85' lang='grc'><strong>1,</strong></span> <span class='ocrx_word' id='word_1_410' title='bbox 1341 3571 1377 3624; x_wconf 83' lang='grc'><strong>46</strong></span> <span class='ocrx_word' id='word_1_411' title='bbox 1384 3571 1442 3642; x_wconf 76' lang='lat' dir='ltr'><strong>eq),</strong></span> <span class='ocrx_word' id='word_1_412' title='bbox 1455 3590 1521 3642; x_wconf 82' lang='lat' dir='ltr'><strong>qnae</strong></span> <span class='ocrx_word' id='word_1_413' title='bbox 1531 3589 1594 3642; x_wconf 84' lang='lat' dir='ltr'><strong>pru-</strong></span> 
     </span>
     <span class='ocr_line' id='line_1_36' title="bbox 162 3641 1595 3714; baseline -0.002 -17"><span class='ocrx_word' id='word_1_414' title='bbox 162 3643 192 3697; x_wconf 82' lang='grc' dir='ltr'><strong>ἰιι</strong></span> <span class='ocrx_word' id='word_1_415' title='bbox 210 3657 244 3697; x_wconf 80' lang='lat' dir='ltr'><strong>co</strong></span> <span class='ocrx_word' id='word_1_416' title='bbox 262 3644 320 3698; x_wconf 80' lang='lat' dir='ltr'><strong>iure</strong></span> <span class='ocrx_word' id='word_1_417' title='bbox 339 3641 371 3706; x_wconf 86' lang='lat' dir='ltr'><strong>O,</strong></span> <span class='ocrx_word' id='word_1_418' title='bbox 394 3642 453 3698; x_wconf 80' lang='lat' dir='ltr'><strong>iure</strong></span> <span class='ocrx_word' id='word_1_419' title='bbox 470 3641 566 3698; x_wconf 69' lang='lat' dir='ltr'><strong>lli-0</strong></span> <span class='ocrx_word' id='word_1_420' title='bbox 617 3642 715 3696; x_wconf 79' lang='lat' dir='ltr'><strong>4uam</strong></span> <span class='ocrx_word' id='word_1_421' title='bbox 738 3641 852 3698; x_wconf 84' lang='lat' dir='ltr'><strong>ethaeo</strong></span> <span class='ocrx_word' id='word_1_422' title='bbox 905 3643 1021 3698; x_wconf 61' lang='lat' dir='ltr'><strong>dntibus</strong></span> <span class='ocrx_word' id='word_1_423' title='bbox 1029 3651 1087 3697; x_wconf 86' lang='lat' dir='ltr'><strong>uiso</strong></span> <span class='ocrx_word' id='word_1_424' title='bbox 1096 3651 1133 3696; x_wconf 81' lang='lat' dir='ltr'><strong>est</strong></span> <span class='ocrx_word' id='word_1_425' title='bbox 1140 3661 1221 3714; x_wconf 82' lang='lat' dir='ltr'><strong>prope</strong></span> <span class='ocrx_word' id='word_1_426' title='bbox 1233 3643 1351 3696; x_wconf 81' lang='lat' dir='ltr'><strong>accedere</strong></span> <span class='ocrx_word' id='word_1_427' title='bbox 1364 3643 1400 3696; x_wconf 82' lang='lat' dir='ltr'><strong>ad</strong></span> <span class='ocrx_word' id='word_1_428' title='bbox 1410 3643 1595 3695; x_wconf 79' lang='lat' dir='ltr'><strong>derelictionem</strong></span> 
     </span>
     <span class='ocr_line' id='line_1_37' title="bbox 143 3711 1595 3784; baseline -0.002 -15"><span class='ocrx_word' id='word_1_429' title='bbox 143 3727 265 3784; x_wconf 78' lang='lat' dir='ltr'><strong>-gcuera</strong></span> <span class='ocrx_word' id='word_1_430' title='bbox 282 3713 402 3784; x_wconf 89' lang='lat' dir='ltr'><strong>quodam</strong></span> <span class='ocrx_word' id='word_1_431' title='bbox 420 3713 532 3768; x_wconf 89' lang='lat' dir='ltr'><strong>donatio</strong></span> <span class='ocrx_word' id='word_1_432' title='bbox 549 3711 672 3780; x_wconf 88' lang='lat' dir='ltr'><strong>(deuotio</strong></span> <span class='ocrx_word' id='word_1_433' title='bbox 686 3715 733 3780; x_wconf 70' lang='lat' dir='ltr'><strong>Fu</strong></span> <span class='ocrx_word' id='word_1_434' title='bbox 751 3715 803 3784; x_wconf 84' lang='lat' dir='ltr'><strong>est]</strong></span> <span class='ocrx_word' id='word_1_435' title='bbox 822 3735 852 3769; x_wconf 79' lang='lat' dir='ltr'><strong>as</strong></span> <span class='ocrx_word' id='word_1_436' title='bbox 906 3715 940 3768; x_wconf 90' lang='grc'><strong>13</strong></span> <span class='ocrx_word' id='word_1_437' title='bbox 958 3729 993 3768; x_wconf 90' lang='lat' dir='ltr'><strong>au</strong></span> <span class='ocrx_word' id='word_1_438' title='bbox 1012 3733 1060 3768; x_wconf 84' lang='lat' dir='ltr'><strong>om.</strong></span> <span class='ocrx_word' id='word_1_439' title='bbox 1074 3714 1110 3766; x_wconf 77' lang='lat' dir='ltr'><strong>F1</strong></span> <span class='ocrx_word' id='word_1_440' title='bbox 1171 3715 1205 3768; x_wconf 78' lang='lat'><strong>29</strong></span> <span class='ocrx_word' id='word_1_441' title='bbox 1229 3712 1479 3781; x_wconf 88' lang='lat' dir='ltr'><strong>manumissionem]</strong></span> <span class='ocrx_word' id='word_1_442' title='bbox 1502 3727 1595 3766; x_wconf 88' lang='lat' dir='ltr'><strong>manu-</strong></span> 
     </span>
     <span class='ocr_line' id='line_1_38' title="bbox 159 3783 1594 3858; baseline -0.002 -17"><span class='ocrx_word' id='word_1_443' title='bbox 159 3788 448 3858; x_wconf 78' lang='lat' dir='ltr'><strong>roliicitesrpreeesaait</strong></span> <span class='ocrx_word' id='word_1_444' title='bbox 461 3793 526 3838; x_wconf 84' lang='lat' dir='ltr'><strong>enlm</strong></span> <span class='ocrx_word' id='word_1_445' title='bbox 543 3787 615 3857; x_wconf 77' lang='lat' dir='ltr'><strong>opud</strong></span> <span class='ocrx_word' id='word_1_446' title='bbox 627 3785 772 3839; x_wconf 71' lang='lat' dir='ltr'><strong>landenam</strong></span> <span class='ocrx_word' id='word_1_447' title='bbox 783 3789 852 3842; x_wconf 81' lang='lat' dir='ltr'><strong>iocus</strong></span> <span class='ocrx_word' id='word_1_448' title='bbox 905 3785 1009 3840; x_wconf 78' lang='lat' dir='ltr'><strong>sionem</strong></span> <span class='ocrx_word' id='word_1_449' title='bbox 1022 3785 1080 3850; x_wconf 74' lang='lat' dir='ltr'><strong>(aie)</strong></span> <span class='ocrx_word' id='word_1_450' title='bbox 1094 3783 1439 3850; x_wconf 64' lang='grc' dir='ltr'><strong>1’ῑ’,ἱὶιθιιιῐιιθιίοιιθιιιϊΙ</strong></span> <span class='ocrx_word' id='word_1_451' title='bbox 1484 3784 1519 3838; x_wconf 84' lang='lat'><strong>30</strong></span> <span class='ocrx_word' id='word_1_452' title='bbox 1532 3799 1594 3838; x_wconf 85' lang='lat' dir='ltr'><strong>cou-</strong></span> 
     </span>
     <span class='ocr_line' id='line_1_39' title="bbox 160 3855 1474 3928; baseline -0.002 -16"><span class='ocrx_word' id='word_1_453' title='bbox 160 3857 352 3922; x_wconf 62' lang='lat' dir='ltr'><strong>mausolus,</strong></span> <span class='ocrx_word' id='word_1_454' title='bbox 370 3857 399 3911; x_wconf 82' lang='lat' dir='ltr'><strong>r&#39;d</strong></span> <span class='ocrx_word' id='word_1_455' title='bbox 415 3864 452 3912; x_wconf 84' lang='lat' dir='ltr'><strong>eat</strong></span> <span class='ocrx_word' id='word_1_456' title='bbox 469 3857 500 3910; x_wconf 82' lang='lat' dir='ltr'><strong>de</strong></span> <span class='ocrx_word' id='word_1_457' title='bbox 517 3857 653 3912; x_wconf 60' lang='lat' dir='ltr'><strong>mulene</strong></span> <span class='ocrx_word' id='word_1_458' title='bbox 672 3864 699 3910; x_wconf 77' lang='lat' dir='ltr'><strong>sn</strong></span> <span class='ocrx_word' id='word_1_459' title='bbox 716 3875 851 3928; x_wconf 74' lang='lat' dir='ltr'><strong>perseam</strong></span> <span class='ocrx_word' id='word_1_460' title='bbox 905 3855 1179 3914; x_wconf 84' lang='lat' dir='ltr'><strong>traberet&#39;ur&#39;nostra</strong></span> <span class='ocrx_word' id='word_1_461' title='bbox 1196 3857 1234 3910; x_wconf 72' lang='lat'><strong>1¹¹²</strong></span> <span class='ocrx_word' id='word_1_462' title='bbox 1286 3857 1321 3912; x_wconf 88' lang='lat'><strong>31</strong></span> <span class='ocrx_word' id='word_1_463' title='bbox 1339 3856 1377 3925; x_wconf 87' lang='lat' dir='ltr'><strong>in]</strong></span> <span class='ocrx_word' id='word_1_464' title='bbox 1397 3855 1420 3910; x_wconf 91' lang='lat' dir='ltr'><strong>it</strong></span> <span class='ocrx_word' id='word_1_465' title='bbox 1438 3856 1474 3909; x_wconf 81' lang='lat' dir='ltr'><strong>F¹</strong></span> 
     </span>
    </p>
   </div>
   <div class='ocr_carea' id='block_1_8' title="bbox 0 0 1808 5460">
    <p class='ocr_par' dir='ltr' id='par_1_13' title="bbox 0 0 1808 5460">
     <span class='ocr_line' id='line_1_40' title="bbox 0 0 1808 5460; baseline 0 2"><span class='ocrx_word' id='word_1_466' title='bbox 0 0 1808 5460; x_wconf 95' lang='lat' dir='ltr'><strong> </strong></span> 
     </span>
    </p>
   </div>
  </div>
 </body>
</html>
