<?xml version="1.0" encoding="UTF-8"?>
<!DOCTYPE html PUBLIC "-//W3C//DTD XHTML 1.0 Transitional//EN"
    "http://www.w3.org/TR/xhtml1/DTD/xhtml1-transitional.dtd">
<html xmlns="http://www.w3.org/1999/xhtml" xml:lang="en" lang="en">
 <head>
  <title>
</title>
<meta http-equiv="Content-Type" content="text/html;charset=utf-8" />
  <meta name='ocr-system' content='tesseract 3.04.00' />
  <meta name='ocr-capabilities' content='ocr_page ocr_carea ocr_par ocr_line ocrx_word'/>
</head>
<body>
  <div class='ocr_page' id='page_1' title='image "./digestaiustinia00kruegoog_1015.png"; bbox 0 0 4560 5416; ppageno 0'>
   <div class='ocr_carea' id='block_1_1' title="bbox 1392 191 2153 290">
    <p class='ocr_par' dir='ltr' id='par_1_1' title="bbox 1392 191 2153 290">
     <span class='ocr_line' id='line_1_1' title="bbox 1392 191 2153 290; baseline -0.003 -10"><span class='ocrx_word' id='word_1_1' title='bbox 1392 205 1480 290; x_wconf 84' lang='lat'><strong>958</strong></span> <span class='ocrx_word' id='word_1_2' title='bbox 1579 191 1584 196; x_wconf 47' lang='grc'><strong><em>’</em></strong></span> <span class='ocrx_word' id='word_1_3' title='bbox 1737 199 1803 280; x_wconf 81' lang='lat' dir='ltr'><strong>-ns</strong></span> <span class='ocrx_word' id='word_1_4' title='bbox 1825 231 1988 282; x_wconf 85' lang='lat' dir='ltr'><strong>nrusasus</strong></span> <span class='ocrx_word' id='word_1_5' title='bbox 2010 229 2153 282; x_wconf 79' lang='lat' dir='ltr'><strong>assutis</strong></span> 
     </span>
    </p>
   </div>
   <div class='ocr_carea' id='block_1_2' title="bbox 582 359 2198 4022">
    <p class='ocr_par' dir='ltr' id='par_1_2' title="bbox 659 359 2189 453">
     <span class='ocr_line' id='line_1_2' title="bbox 659 359 2189 453; baseline -0.007 -15"><span class='ocrx_word' id='word_1_6' title='bbox 659 380 696 438; x_wconf 87' lang='grc'><strong>19</strong></span> <span class='ocrx_word' id='word_1_7' title='bbox 768 377 919 434; x_wconf 80' lang='lat' dir='ltr'><strong>Usrrartus</strong></span> <span class='ocrx_word' id='word_1_8' title='bbox 942 375 1012 433; x_wconf 89' lang='lat' dir='ltr'><strong>libro</strong></span> <span class='ocrx_word' id='word_1_9' title='bbox 1030 373 1180 430; x_wconf 90' lang='lat' dir='ltr'><strong>uicensimo</strong></span> <span class='ocrx_word' id='word_1_10' title='bbox 1199 359 1298 443; x_wconf 86' lang='lat' dir='ltr'><strong>quarto</strong></span> <span class='ocrx_word' id='word_1_11' title='bbox 1316 372 1352 429; x_wconf 90' lang='lat' dir='ltr'><strong>ad</strong></span> <span class='ocrx_word' id='word_1_12' title='bbox 1371 370 1512 428; x_wconf 87' lang='lat' dir='ltr'><strong>Sabinum.</strong></span> <span class='ocrx_word' id='word_1_13' title='bbox 1549 369 1601 436; x_wconf 80' lang='lat' dir='ltr'><strong>Qui</strong></span> <span class='ocrx_word' id='word_1_14' title='bbox 1619 385 1682 426; x_wconf 90' lang='lat' dir='ltr'><strong>cum</strong></span> <span class='ocrx_word' id='word_1_15' title='bbox 1701 372 1755 428; x_wconf 88' lang='lat' dir='ltr'><strong>alis</strong></span> <span class='ocrx_word' id='word_1_16' title='bbox 1773 371 1926 441; x_wconf 79' lang='lat' dir='ltr'><strong>contrahit,</strong></span> <span class='ocrx_word' id='word_1_17' title='bbox 1952 371 1998 426; x_wconf 92' lang='lat' dir='ltr'><strong>uel</strong></span> <span class='ocrx_word' id='word_1_18' title='bbox 2032 374 2189 453; x_wconf 43' lang='grc' dir='ltr'>ιιι-122</span> 
     </span>
    </p>

    <p class='ocr_par' dir='ltr' id='par_1_3' title="bbox 582 458 2154 532">
     <span class='ocr_line' id='line_1_3' title="bbox 582 458 2154 532; baseline -0.007 -8"><span class='ocrx_word' id='word_1_19' title='bbox 582 471 583 474; x_wconf 75' lang='grc'>’</span> <span class='ocrx_word' id='word_1_20' title='bbox 715 473 758 524; x_wconf 90' lang='lat' dir='ltr'><strong>est</strong></span> <span class='ocrx_word' id='word_1_21' title='bbox 779 467 823 522; x_wconf 91' lang='lat' dir='ltr'><strong>uel</strong></span> <span class='ocrx_word' id='word_1_22' title='bbox 847 466 930 521; x_wconf 88' lang='lat' dir='ltr'><strong>debet</strong></span> <span class='ocrx_word' id='word_1_23' title='bbox 953 480 1015 520; x_wconf 86' lang='lat' dir='ltr'><strong>esse</strong></span> <span class='ocrx_word' id='word_1_24' title='bbox 1038 479 1092 520; x_wconf 91' lang='lat' dir='ltr'><strong>son</strong></span> <span class='ocrx_word' id='word_1_25' title='bbox 1116 463 1229 532; x_wconf 89' lang='lat' dir='ltr'><strong>ignarus</strong></span> <span class='ocrx_word' id='word_1_26' title='bbox 1253 461 1421 519; x_wconf 87' lang='lat' dir='ltr'><strong>condicionis</strong></span> <span class='ocrx_word' id='word_1_27' title='bbox 1440 461 1513 516; x_wconf 87' lang='lat' dir='ltr'><strong>eiua:</strong></span> <span class='ocrx_word' id='word_1_28' title='bbox 1538 458 1632 516; x_wconf 89' lang='lat' dir='ltr'><strong>beredi</strong></span> <span class='ocrx_word' id='word_1_29' title='bbox 1650 465 1742 516; x_wconf 88' lang='lat' dir='ltr'><strong>antem</strong></span> <span class='ocrx_word' id='word_1_30' title='bbox 1761 461 1814 518; x_wconf 89' lang='lat' dir='ltr'><strong>boe</strong></span> <span class='ocrx_word' id='word_1_31' title='bbox 1831 461 1964 532; x_wconf 88' lang='lat' dir='ltr'><strong>imputari</strong></span> <span class='ocrx_word' id='word_1_32' title='bbox 1982 474 2039 514; x_wconf 90' lang='lat' dir='ltr'><strong>nos</strong></span> <span class='ocrx_word' id='word_1_33' title='bbox 2057 467 2154 530; x_wconf 79' lang='lat' dir='ltr'><strong>potest,</strong></span> 
     </span>
    </p>

    <p class='ocr_par' dir='ltr' id='par_1_4' title="bbox 682 549 2184 710">
     <span class='ocr_line' id='line_1_4' title="bbox 682 549 2155 624; baseline -0.005 -10"><span class='ocrx_word' id='word_1_34' title='bbox 682 569 695 614; x_wconf 89' lang='lat'>1</span> <span class='ocrx_word' id='word_1_35' title='bbox 715 573 778 614; x_wconf 91' lang='lat' dir='ltr'><strong>cum</strong></span> <span class='ocrx_word' id='word_1_36' title='bbox 797 572 851 611; x_wconf 90' lang='lat' dir='ltr'><strong>nos</strong></span> <span class='ocrx_word' id='word_1_37' title='bbox 869 559 967 624; x_wconf 88' lang='lat' dir='ltr'><strong>sponte</strong></span> <span class='ocrx_word' id='word_1_38' title='bbox 986 569 1047 610; x_wconf 91' lang='lat' dir='ltr'><strong>cum</strong></span> <span class='ocrx_word' id='word_1_39' title='bbox 1066 552 1206 622; x_wconf 86' lang='lat' dir='ltr'><strong>legatariis</strong></span> <span class='ocrx_word' id='word_1_40' title='bbox 1224 551 1369 610; x_wconf 74' lang='lat' dir='ltr'><strong>cessabit.</strong></span> <span class='ocrx_word' id='word_1_41' title='bbox 1405 550 1466 606; x_wconf 83' lang='lat' dir='ltr'><strong>Non</strong></span> <span class='ocrx_word' id='word_1_42' title='bbox 1485 550 1556 604; x_wconf 86' lang='lat' dir='ltr'><strong>solet</strong></span> <span class='ocrx_word' id='word_1_43' title='bbox 1573 551 1700 620; x_wconf 74' lang='lat' dir='ltr'>exceptio</span> <span class='ocrx_word' id='word_1_44' title='bbox 1718 551 1773 608; x_wconf 90' lang='lat' dir='ltr'><strong>doli</strong></span> <span class='ocrx_word' id='word_1_45' title='bbox 1792 567 1892 608; x_wconf 88' lang='lat' dir='ltr'><strong>nocere</strong></span> <span class='ocrx_word' id='word_1_46' title='bbox 1910 550 1970 622; x_wconf 85' lang='lat' dir='ltr'><strong>bis,</strong></span> <span class='ocrx_word' id='word_1_47' title='bbox 1989 549 2093 620; x_wconf 78' lang='lat' dir='ltr'><strong>quicum</strong></span> <span class='ocrx_word' id='word_1_48' title='bbox 2110 565 2155 606; x_wconf 92' lang='lat' dir='ltr'><strong>no-</strong></span> 
     </span>
     <span class='ocr_line' id='line_1_5' title="bbox 715 639 2184 710; baseline -0.005 -7"><span class='ocrx_word' id='word_1_49' title='bbox 715 649 806 704; x_wconf 84' lang='lat' dir='ltr'><strong>luntas</strong></span> <span class='ocrx_word' id='word_1_50' title='bbox 824 644 964 700; x_wconf 86' lang='lat' dir='ltr'><strong>testatoris</strong></span> <span class='ocrx_word' id='word_1_51' title='bbox 983 657 1037 698; x_wconf 92' lang='lat' dir='ltr'><strong>sos</strong></span> <span class='ocrx_word' id='word_1_52' title='bbox 1055 639 1218 710; x_wconf 72' lang='lat' dir='ltr'><strong>refragatur.</strong></span> <span class='ocrx_word' id='word_1_53' title='bbox 2171 651 2184 688; x_wconf 75' lang='grc' dir='ltr'><strong>ι</strong></span> 
     </span>
    </p>

    <p class='ocr_par' dir='ltr' id='par_1_5' title="bbox 658 724 2192 894">
     <span class='ocr_line' id='line_1_6' title="bbox 658 724 2192 813; baseline -0.003 -23"><span class='ocrx_word' id='word_1_54' title='bbox 658 735 698 794; x_wconf 90' lang='grc'><strong>20</strong></span> <span class='ocrx_word' id='word_1_55' title='bbox 769 735 941 790; x_wconf 81' lang='lat' dir='ltr'><strong>Pourosrss</strong></span> <span class='ocrx_word' id='word_1_56' title='bbox 958 730 1028 786; x_wconf 91' lang='lat' dir='ltr'><strong>libro</strong></span> <span class='ocrx_word' id='word_1_57' title='bbox 1046 731 1164 802; x_wconf 90' lang='lat' dir='ltr'><strong>septimo</strong></span> <span class='ocrx_word' id='word_1_58' title='bbox 1182 730 1218 786; x_wconf 91' lang='lat' dir='ltr'><strong>ad</strong></span> <span class='ocrx_word' id='word_1_59' title='bbox 1237 729 1378 786; x_wconf 87' lang='lat' dir='ltr'><strong>Sabinum.</strong></span> <span class='ocrx_word' id='word_1_60' title='bbox 1406 727 1540 794; x_wconf 75' lang='lat' dir='ltr'><strong>Quotiens</strong></span> <span class='ocrx_word' id='word_1_61' title='bbox 1558 727 1643 784; x_wconf 91' lang='lat' dir='ltr'><strong>dubia</strong></span> <span class='ocrx_word' id='word_1_62' title='bbox 1661 728 1850 800; x_wconf 82' lang='lat' dir='ltr'><strong>interpretatis</strong></span> <span class='ocrx_word' id='word_1_63' title='bbox 1862 727 2000 785; x_wconf 75' lang='lat' dir='ltr'><strong>libertatis</strong></span> <span class='ocrx_word' id='word_1_64' title='bbox 2018 724 2155 813; x_wconf 56' lang='lat' dir='ltr'><strong>[Qu</strong></span> <span class='ocrx_word' id='word_1_65' title='bbox 2173 733 2192 786; x_wconf 79' lang='lat'><em>8</em></span> 
     </span>
     <span class='ocr_line' id='line_1_7' title="bbox 716 818 1424 894; baseline -0.01 -14"><span class='ocrx_word' id='word_1_66' title='bbox 716 827 767 894; x_wconf 88' lang='lat' dir='ltr'><strong>est,</strong></span> <span class='ocrx_word' id='word_1_67' title='bbox 784 821 935 878; x_wconf 89' lang='lat' dir='ltr'><strong>secundum</strong></span> <span class='ocrx_word' id='word_1_68' title='bbox 953 819 1106 876; x_wconf 88' lang='lat' dir='ltr'><strong>libertatem</strong></span> <span class='ocrx_word' id='word_1_69' title='bbox 1126 818 1346 889; x_wconf 88' lang='lat' dir='ltr'><strong>respondendum</strong></span> <span class='ocrx_word' id='word_1_70' title='bbox 1364 818 1424 874; x_wconf 92' lang='lat' dir='ltr'><strong>erit.</strong></span> 
     </span>
    </p>

    <p class='ocr_par' dir='ltr' id='par_1_6' title="bbox 659 903 2192 991">
     <span class='ocr_line' id='line_1_8' title="bbox 659 903 2192 991; baseline -0.001 -24"><span class='ocrx_word' id='word_1_71' title='bbox 659 913 696 972; x_wconf 92' lang='grc'><strong>21</strong></span> <span class='ocrx_word' id='word_1_72' title='bbox 769 911 920 967; x_wconf 79' lang='grc' dir='ltr'>Πιιιιιιιιι</span> <span class='ocrx_word' id='word_1_73' title='bbox 942 908 1011 964; x_wconf 86' lang='lat' dir='ltr'><strong>libro</strong></span> <span class='ocrx_word' id='word_1_74' title='bbox 1034 909 1185 964; x_wconf 78' lang='lat' dir='ltr'><strong>uicendmo</strong></span> <span class='ocrx_word' id='word_1_75' title='bbox 1208 909 1325 978; x_wconf 88' lang='lat' dir='ltr'><strong>septimo</strong></span> <span class='ocrx_word' id='word_1_76' title='bbox 1349 907 1385 964; x_wconf 88' lang='lat' dir='ltr'><strong>ad</strong></span> <span class='ocrx_word' id='word_1_77' title='bbox 1404 905 1545 962; x_wconf 83' lang='lat' dir='ltr'><strong>Sabinum.</strong></span> <span class='ocrx_word' id='word_1_78' title='bbox 1582 907 1643 964; x_wconf 84' lang='lat' dir='ltr'><strong>llos</strong></span> <span class='ocrx_word' id='word_1_79' title='bbox 1660 905 1756 977; x_wconf 90' lang='lat' dir='ltr'><strong>debet,</strong></span> <span class='ocrx_word' id='word_1_80' title='bbox 1780 907 1824 963; x_wconf 90' lang='lat' dir='ltr'><strong>esi</strong></span> <span class='ocrx_word' id='word_1_81' title='bbox 1841 908 1905 978; x_wconf 90' lang='lat' dir='ltr'><strong>plus</strong></span> <span class='ocrx_word' id='word_1_82' title='bbox 1921 907 1998 977; x_wconf 87' lang='lat' dir='ltr'><strong>licet,</strong></span> <span class='ocrx_word' id='word_1_83' title='bbox 2016 903 2192 991; x_wconf 56' lang='lat' dir='ltr'><strong>[Qut</strong></span> 
     </span>
    </p>

    <p class='ocr_par' dir='ltr' id='par_1_7' title="bbox 677 997 1141 1071">
     <span class='ocr_line' id='line_1_9' title="bbox 677 997 1141 1071; baseline -0.015 -13"><span class='ocrx_word' id='word_1_84' title='bbox 677 1049 680 1058; x_wconf 91' lang='lat'><strong>.</strong></span> <span class='ocrx_word' id='word_1_85' title='bbox 717 999 899 1071; x_wconf 85' lang='lat' dir='ltr'><strong>quodminus</strong></span> <span class='ocrx_word' id='word_1_86' title='bbox 917 1003 1033 1052; x_wconf 87' lang='lat' dir='ltr'><strong>estnon</strong></span> <span class='ocrx_word' id='word_1_87' title='bbox 1051 997 1141 1052; x_wconf 90' lang='lat' dir='ltr'><strong>licere.</strong></span> 
     </span>
    </p>

    <p class='ocr_par' dir='ltr' id='par_1_8' title="bbox 659 1079 2198 1334">
     <span class='ocr_line' id='line_1_10' title="bbox 659 1079 2191 1168; baseline -0.003 -19"><span class='ocrx_word' id='word_1_88' title='bbox 659 1090 697 1149; x_wconf 84' lang='grc'><strong>22</strong></span> <span class='ocrx_word' id='word_1_89' title='bbox 769 1089 847 1144; x_wconf 81' lang='lat' dir='ltr'><strong>Isara</strong></span> <span class='ocrx_word' id='word_1_90' title='bbox 863 1085 932 1142; x_wconf 89' lang='lat' dir='ltr'><strong>libro</strong></span> <span class='ocrx_word' id='word_1_91' title='bbox 950 1087 1101 1142; x_wconf 85' lang='lat' dir='ltr'><strong>uicensimo</strong></span> <span class='ocrx_word' id='word_1_92' title='bbox 1119 1089 1219 1142; x_wconf 88' lang='lat' dir='ltr'><strong>octauo</strong></span> <span class='ocrx_word' id='word_1_93' title='bbox 1237 1085 1272 1140; x_wconf 91' lang='lat' dir='ltr'><strong>ad</strong></span> <span class='ocrx_word' id='word_1_94' title='bbox 1291 1084 1432 1142; x_wconf 84' lang='lat' dir='ltr'><strong>Sabinam.</strong></span> <span class='ocrx_word' id='word_1_95' title='bbox 1469 1085 1502 1142; x_wconf 95' lang='lat' dir='ltr'><strong>ln</strong></span> <span class='ocrx_word' id='word_1_96' title='bbox 1519 1099 1664 1156; x_wconf 88' lang='lat' dir='ltr'><strong>persenam</strong></span> <span class='ocrx_word' id='word_1_97' title='bbox 1682 1085 1809 1142; x_wconf 82' lang='lat' dir='ltr'><strong>serussem</strong></span> <span class='ocrx_word' id='word_1_98' title='bbox 1829 1086 1903 1142; x_wconf 89' lang='lat' dir='ltr'><strong>nulla</strong></span> <span class='ocrx_word' id='word_1_99' title='bbox 1921 1085 1999 1142; x_wconf 85' lang='lat' dir='ltr'><strong>cadit</strong></span> <span class='ocrx_word' id='word_1_100' title='bbox 2016 1079 2191 1168; x_wconf 48' lang='lat' dir='ltr'><strong>[Kasai</strong></span> 
     </span>
     <span class='ocr_line' id='line_1_11' title="bbox 684 1173 2198 1247; baseline -0.009 -11"><span class='ocrx_word' id='word_1_101' title='bbox 684 1191 696 1236; x_wconf 92' lang='lat'>1</span> <span class='ocrx_word' id='word_1_102' title='bbox 717 1175 857 1247; x_wconf 85' lang='lat' dir='ltr'><strong>obligatio.</strong></span> <span class='ocrx_word' id='word_1_103' title='bbox 895 1174 1065 1230; x_wconf 79' lang='lat' dir='ltr'><strong>Generaliter</strong></span> <span class='ocrx_word' id='word_1_104' title='bbox 1091 1173 1262 1244; x_wconf 87' lang='lat' dir='ltr'><strong>probandum</strong></span> <span class='ocrx_word' id='word_1_105' title='bbox 1291 1179 1347 1242; x_wconf 91' lang='lat' dir='ltr'><strong>est,</strong></span> <span class='ocrx_word' id='word_1_106' title='bbox 1375 1174 1541 1245; x_wconf 88' lang='lat' dir='ltr'><strong>ubicumque</strong></span> <span class='ocrx_word' id='word_1_107' title='bbox 1567 1175 1595 1230; x_wconf 92' lang='lat' dir='ltr'><strong>is</strong></span> <span class='ocrx_word' id='word_1_108' title='bbox 1621 1173 1711 1230; x_wconf 88' lang='lat' dir='ltr'><strong>bonae</strong></span> <span class='ocrx_word' id='word_1_109' title='bbox 1738 1173 1802 1230; x_wconf 88' lang='lat' dir='ltr'><strong>fidei</strong></span> <span class='ocrx_word' id='word_1_110' title='bbox 1828 1174 1938 1230; x_wconf 88' lang='lat' dir='ltr'><strong>iudiciis</strong></span> <span class='ocrx_word' id='word_1_111' title='bbox 1963 1173 2106 1230; x_wconf 75' lang='lat' dir='ltr'><strong>confertur</strong></span> <span class='ocrx_word' id='word_1_112' title='bbox 2128 1176 2155 1230; x_wconf 90' lang='lat' dir='ltr'><strong>in</strong></span> <span class='ocrx_word' id='word_1_113' title='bbox 2173 1183 2198 1224; x_wconf 88' lang='lat' dir='ltr'><strong>rs</strong></span> 
     </span>
     <span class='ocr_line' id='line_1_12' title="bbox 717 1263 2154 1334; baseline -0.002 -13"><span class='ocrx_word' id='word_1_114' title='bbox 717 1263 858 1322; x_wconf 88' lang='lat' dir='ltr'><strong>arbitrium</strong></span> <span class='ocrx_word' id='word_1_115' title='bbox 882 1264 984 1320; x_wconf 90' lang='lat' dir='ltr'><strong>domini</strong></span> <span class='ocrx_word' id='word_1_116' title='bbox 1009 1264 1052 1320; x_wconf 93' lang='lat' dir='ltr'><strong>uel</strong></span> <span class='ocrx_word' id='word_1_117' title='bbox 1079 1263 1263 1334; x_wconf 71' lang='lat' dir='ltr'><strong>procuratoris</strong></span> <span class='ocrx_word' id='word_1_118' title='bbox 1291 1263 1351 1320; x_wconf 87' lang='lat' dir='ltr'><strong>eius</strong></span> <span class='ocrx_word' id='word_1_119' title='bbox 1378 1263 1516 1333; x_wconf 88' lang='lat' dir='ltr'><strong>condicio,</strong></span> <span class='ocrx_word' id='word_1_120' title='bbox 1543 1278 1593 1334; x_wconf 86' lang='lat' dir='ltr'><strong>pro</strong></span> <span class='ocrx_word' id='word_1_121' title='bbox 1620 1263 1684 1320; x_wconf 93' lang='lat' dir='ltr'><strong>bosi</strong></span> <span class='ocrx_word' id='word_1_122' title='bbox 1708 1263 1761 1320; x_wconf 90' lang='lat' dir='ltr'><strong>uiri</strong></span> <span class='ocrx_word' id='word_1_123' title='bbox 1784 1263 1897 1320; x_wconf 88' lang='lat' dir='ltr'><strong>arbitrio</strong></span> <span class='ocrx_word' id='word_1_124' title='bbox 1920 1264 1974 1320; x_wconf 90' lang='lat' dir='ltr'><strong>boe</strong></span> <span class='ocrx_word' id='word_1_125' title='bbox 1997 1263 2154 1320; x_wconf 82' lang='lat' dir='ltr'><strong>babendum</strong></span> 
     </span>
    </p>

    <p class='ocr_par' dir='ltr' id='par_1_9' title="bbox 716 1369 787 1412">
     <span class='ocr_line' id='line_1_13' title="bbox 716 1369 787 1412; baseline -0.042 0"><span class='ocrx_word' id='word_1_126' title='bbox 716 1369 787 1412; x_wconf 87' lang='lat' dir='ltr'><strong>esse.</strong></span> 
     </span>
    </p>

    <p class='ocr_par' dir='ltr' id='par_1_10' title="bbox 659 1437 2196 2402">
     <span class='ocr_line' id='line_1_14' title="bbox 659 1437 2190 1524; baseline 0.001 -26"><span class='ocrx_word' id='word_1_127' title='bbox 659 1443 698 1505; x_wconf 81' lang='grc'><strong>23</strong></span> <span class='ocrx_word' id='word_1_128' title='bbox 769 1443 847 1498; x_wconf 82' lang='lat' dir='ltr'><strong>Isau</strong></span> <span class='ocrx_word' id='word_1_129' title='bbox 869 1440 938 1496; x_wconf 88' lang='lat' dir='ltr'><strong>libro</strong></span> <span class='ocrx_word' id='word_1_130' title='bbox 960 1441 1111 1496; x_wconf 89' lang='lat' dir='ltr'><strong>uicensimo</strong></span> <span class='ocrx_word' id='word_1_131' title='bbox 1135 1455 1207 1498; x_wconf 91' lang='lat' dir='ltr'><strong>noso</strong></span> <span class='ocrx_word' id='word_1_132' title='bbox 1232 1440 1268 1497; x_wconf 89' lang='lat' dir='ltr'><strong>ad</strong></span> <span class='ocrx_word' id='word_1_133' title='bbox 1285 1440 1427 1498; x_wconf 86' lang='lat' dir='ltr'><strong>Sabinum.</strong></span> <span class='ocrx_word' id='word_1_134' title='bbox 1464 1440 1628 1498; x_wconf 78' lang='lat' dir='ltr'><strong>Contractus</strong></span> <span class='ocrx_word' id='word_1_135' title='bbox 1651 1441 1763 1512; x_wconf 88' lang='lat' dir='ltr'><strong>qnidam</strong></span> <span class='ocrx_word' id='word_1_136' title='bbox 1782 1439 1875 1496; x_wconf 89' lang='lat' dir='ltr'><strong>dolum</strong></span> <span class='ocrx_word' id='word_1_137' title='bbox 1894 1441 1998 1496; x_wconf 89' lang='lat' dir='ltr'><strong>malum</strong></span> <span class='ocrx_word' id='word_1_138' title='bbox 2017 1437 2190 1524; x_wconf 61' lang='grc' dir='ltr'>[Βιᾜδ</span> 
     </span>
     <span class='ocr_line' id='line_1_15' title="bbox 717 1517 2154 1602; baseline 0 -16"><span class='ocrx_word' id='word_1_139' title='bbox 717 1531 861 1586; x_wconf 83' lang='lat' dir='ltr'><strong>dumtaxat</strong></span> <span class='ocrx_word' id='word_1_140' title='bbox 879 1530 1021 1600; x_wconf 89' lang='lat' dir='ltr'><strong>recipiunt,</strong></span> <span class='ocrx_word' id='word_1_141' title='bbox 1039 1529 1150 1600; x_wconf 89' lang='lat' dir='ltr'><strong>quidam</strong></span> <span class='ocrx_word' id='word_1_142' title='bbox 1170 1535 1199 1586; x_wconf 88' lang='lat' dir='ltr'><strong>et</strong></span> <span class='ocrx_word' id='word_1_143' title='bbox 1216 1530 1308 1586; x_wconf 91' lang='lat' dir='ltr'><strong>dolum</strong></span> <span class='ocrx_word' id='word_1_144' title='bbox 1327 1537 1356 1586; x_wconf 90' lang='lat' dir='ltr'><strong>et</strong></span> <span class='ocrx_word' id='word_1_145' title='bbox 1374 1532 1492 1602; x_wconf 87' lang='lat' dir='ltr'><strong>eulpam.</strong></span> <span class='ocrx_word' id='word_1_146' title='bbox 1520 1531 1612 1586; x_wconf 89' lang='lat' dir='ltr'><strong>dolum</strong></span> <span class='ocrx_word' id='word_1_147' title='bbox 1631 1534 1754 1586; x_wconf 87' lang='lat' dir='ltr'><strong>tastum:</strong></span> <span class='ocrx_word' id='word_1_148' title='bbox 1773 1531 1929 1600; x_wconf 89' lang='lat' dir='ltr'><strong>depositum</strong></span> <span class='ocrx_word' id='word_1_149' title='bbox 1949 1537 1979 1585; x_wconf 87' lang='lat' dir='ltr'><strong>et</strong></span> <span class='ocrx_word' id='word_1_150' title='bbox 1991 1517 2154 1600; x_wconf 54' lang='lat' dir='ltr'><strong>praefiniri.</strong></span> 
     </span>
     <span class='ocr_line' id='line_1_16' title="bbox 717 1618 2196 1692; baseline -0.003 -17"><span class='ocrx_word' id='word_1_151' title='bbox 717 1619 810 1676; x_wconf 91' lang='lat' dir='ltr'><strong>dolum</strong></span> <span class='ocrx_word' id='word_1_152' title='bbox 828 1626 857 1674; x_wconf 90' lang='lat' dir='ltr'><strong>et</strong></span> <span class='ocrx_word' id='word_1_153' title='bbox 874 1620 982 1688; x_wconf 90' lang='lat' dir='ltr'><strong>eulpam</strong></span> <span class='ocrx_word' id='word_1_154' title='bbox 1001 1618 1173 1692; x_wconf 89' lang='lat' dir='ltr'><strong>mandatum,</strong></span> <span class='ocrx_word' id='word_1_155' title='bbox 1197 1619 1415 1690; x_wconf 87' lang='lat' dir='ltr'><strong>commodatum,</strong></span> <span class='ocrx_word' id='word_1_156' title='bbox 1438 1619 1595 1690; x_wconf 88' lang='lat' dir='ltr'><strong>uenditum,</strong></span> <span class='ocrx_word' id='word_1_157' title='bbox 1619 1621 1726 1690; x_wconf 86' lang='lat' dir='ltr'><strong>pignori</strong></span> <span class='ocrx_word' id='word_1_158' title='bbox 1745 1625 1903 1689; x_wconf 87' lang='lat' dir='ltr'><strong>accepturu,</strong></span> <span class='ocrx_word' id='word_1_159' title='bbox 1927 1619 2066 1689; x_wconf 87' lang='lat' dir='ltr'><strong>iocatum,</strong></span> <span class='ocrx_word' id='word_1_160' title='bbox 2089 1620 2152 1674; x_wconf 88' lang='lat' dir='ltr'><strong>itern</strong></span> <span class='ocrx_word' id='word_1_161' title='bbox 2170 1627 2196 1670; x_wconf 82' lang='lat' dir='ltr'><strong>rs</strong></span> 
     </span>
     <span class='ocr_line' id='line_1_17' title="bbox 717 1707 2153 1778; baseline -0.001 -14"><span class='ocrx_word' id='word_1_162' title='bbox 717 1709 789 1764; x_wconf 91' lang='lat' dir='ltr'><strong>dotis</strong></span> <span class='ocrx_word' id='word_1_163' title='bbox 807 1707 896 1776; x_wconf 91' lang='lat' dir='ltr'><strong>datio,</strong></span> <span class='ocrx_word' id='word_1_164' title='bbox 914 1708 1031 1778; x_wconf 88' lang='lat' dir='ltr'><strong>tutelae,</strong></span> <span class='ocrx_word' id='word_1_165' title='bbox 1049 1709 1162 1778; x_wconf 90' lang='lat' dir='ltr'><strong>negotia</strong></span> <span class='ocrx_word' id='word_1_166' title='bbox 1179 1715 1272 1778; x_wconf 89' lang='lat' dir='ltr'><strong>gesta:</strong></span> <span class='ocrx_word' id='word_1_167' title='bbox 1294 1709 1322 1764; x_wconf 93' lang='lat' dir='ltr'><strong>in</strong></span> <span class='ocrx_word' id='word_1_168' title='bbox 1341 1709 1382 1764; x_wconf 87' lang='lat' dir='ltr'><strong>bis</strong></span> <span class='ocrx_word' id='word_1_169' title='bbox 1401 1709 1510 1778; x_wconf 85' lang='lat' dir='ltr'><strong>quidem</strong></span> <span class='ocrx_word' id='word_1_170' title='bbox 1530 1713 1559 1764; x_wconf 93' lang='lat' dir='ltr'><strong>et</strong></span> <span class='ocrx_word' id='word_1_171' title='bbox 1576 1709 1753 1778; x_wconf 88' lang='lat' dir='ltr'><strong>diligentiam.</strong></span> <span class='ocrx_word' id='word_1_172' title='bbox 1786 1710 1905 1766; x_wconf 85' lang='lat' dir='ltr'><strong>societas</strong></span> <span class='ocrx_word' id='word_1_173' title='bbox 1923 1715 1955 1764; x_wconf 92' lang='lat' dir='ltr'><strong>et</strong></span> <span class='ocrx_word' id='word_1_174' title='bbox 1971 1724 2065 1764; x_wconf 86' lang='lat' dir='ltr'><strong>rerum</strong></span> <span class='ocrx_word' id='word_1_175' title='bbox 2083 1724 2153 1764; x_wconf 91' lang='lat' dir='ltr'><strong>com-</strong></span> 
     </span>
     <span class='ocr_line' id='line_1_18' title="bbox 717 1797 2153 1868; baseline -0.001 -16"><span class='ocrx_word' id='word_1_176' title='bbox 717 1797 810 1852; x_wconf 87' lang='lat' dir='ltr'><strong>munio</strong></span> <span class='ocrx_word' id='word_1_177' title='bbox 828 1802 857 1852; x_wconf 89' lang='lat' dir='ltr'><strong>et</strong></span> <span class='ocrx_word' id='word_1_178' title='bbox 874 1797 966 1852; x_wconf 87' lang='lat' dir='ltr'><strong>dolum</strong></span> <span class='ocrx_word' id='word_1_179' title='bbox 984 1803 1014 1852; x_wconf 86' lang='lat' dir='ltr'><strong>et</strong></span> <span class='ocrx_word' id='word_1_180' title='bbox 1031 1797 1140 1868; x_wconf 86' lang='lat' dir='ltr'><strong>eulpam</strong></span> <span class='ocrx_word' id='word_1_181' title='bbox 1158 1797 1264 1868; x_wconf 85' lang='lat' dir='ltr'><strong>recipit.</strong></span> <span class='ocrx_word' id='word_1_182' title='bbox 1291 1797 1342 1856; x_wconf 87' lang='lat' dir='ltr'><strong>sed</strong></span> <span class='ocrx_word' id='word_1_183' title='bbox 1359 1797 1428 1854; x_wconf 84' lang='lat' dir='ltr'><strong>haee</strong></span> <span class='ocrx_word' id='word_1_184' title='bbox 1446 1799 1493 1868; x_wconf 88' lang='lat' dir='ltr'><strong>ita,</strong></span> <span class='ocrx_word' id='word_1_185' title='bbox 1512 1797 1565 1854; x_wconf 89' lang='lat' dir='ltr'><strong>uisi</strong></span> <span class='ocrx_word' id='word_1_186' title='bbox 1583 1799 1607 1854; x_wconf 91' lang='lat' dir='ltr'><strong>si</strong></span> <span class='ocrx_word' id='word_1_187' title='bbox 1625 1798 1691 1868; x_wconf 87' lang='lat' dir='ltr'><strong>quid</strong></span> <span class='ocrx_word' id='word_1_188' title='bbox 1708 1799 1869 1854; x_wconf 88' lang='lat' dir='ltr'><strong>nominatim</strong></span> <span class='ocrx_word' id='word_1_189' title='bbox 1882 1798 2014 1854; x_wconf 85' lang='lat' dir='ltr'><strong>conuenit</strong></span> <span class='ocrx_word' id='word_1_190' title='bbox 2026 1799 2083 1865; x_wconf 87' lang='lat' dir='ltr'><strong>(uel</strong></span> <span class='ocrx_word' id='word_1_191' title='bbox 2094 1797 2153 1867; x_wconf 89' lang='lat' dir='ltr'><strong>plus</strong></span> 
     </span>
     <span class='ocr_line' id='line_1_19' title="bbox 718 1885 2152 1957; baseline -0.001 -15"><span class='ocrx_word' id='word_1_192' title='bbox 718 1886 762 1942; x_wconf 89' lang='lat' dir='ltr'><strong>uel</strong></span> <span class='ocrx_word' id='word_1_193' title='bbox 785 1885 886 1952; x_wconf 81' lang='lat' dir='ltr'><strong>misus)</strong></span> <span class='ocrx_word' id='word_1_194' title='bbox 908 1887 937 1941; x_wconf 94' lang='lat' dir='ltr'><strong>in</strong></span> <span class='ocrx_word' id='word_1_195' title='bbox 960 1886 1075 1955; x_wconf 87' lang='lat' dir='ltr'><strong>singulis</strong></span> <span class='ocrx_word' id='word_1_196' title='bbox 1100 1885 1302 1942; x_wconf 84' lang='lat' dir='ltr'><strong>contractibus:</strong></span> <span class='ocrx_word' id='word_1_197' title='bbox 1330 1903 1393 1942; x_wconf 90' lang='lat' dir='ltr'><strong>nam</strong></span> <span class='ocrx_word' id='word_1_198' title='bbox 1420 1886 1473 1942; x_wconf 88' lang='lat' dir='ltr'><strong>boe</strong></span> <span class='ocrx_word' id='word_1_199' title='bbox 1499 1885 1667 1957; x_wconf 80' lang='lat' dir='ltr'><strong>seruabitur,</strong></span> <span class='ocrx_word' id='word_1_200' title='bbox 1694 1886 1769 1957; x_wconf 89' lang='lat' dir='ltr'><strong>quod</strong></span> <span class='ocrx_word' id='word_1_201' title='bbox 1795 1887 1873 1942; x_wconf 89' lang='lat' dir='ltr'><strong>initio</strong></span> <span class='ocrx_word' id='word_1_202' title='bbox 1897 1888 2030 1942; x_wconf 89' lang='lat' dir='ltr'><strong>conuenit</strong></span> <span class='ocrx_word' id='word_1_203' title='bbox 2056 1887 2152 1956; x_wconf 85' lang='lat' dir='ltr'><strong>(legem</strong></span> 
     </span>
     <span class='ocr_line' id='line_1_20' title="bbox 718 1974 2154 2047; baseline -0.001 -17"><span class='ocrx_word' id='word_1_204' title='bbox 718 1975 790 2030; x_wconf 90' lang='lat' dir='ltr'><strong>enim</strong></span> <span class='ocrx_word' id='word_1_205' title='bbox 815 1980 973 2030; x_wconf 65' lang='lat' dir='ltr'><strong>consectus</strong></span> <span class='ocrx_word' id='word_1_206' title='bbox 995 1974 1097 2045; x_wconf 87' lang='lat' dir='ltr'><strong>dedit),</strong></span> <span class='ocrx_word' id='word_1_207' title='bbox 1124 1981 1241 2046; x_wconf 85' lang='lat' dir='ltr'><strong>excepto</strong></span> <span class='ocrx_word' id='word_1_208' title='bbox 1264 1991 1312 2044; x_wconf 91' lang='lat' dir='ltr'><strong>eo,</strong></span> <span class='ocrx_word' id='word_1_209' title='bbox 1339 1975 1413 2047; x_wconf 88' lang='lat' dir='ltr'><strong>quod</strong></span> <span class='ocrx_word' id='word_1_210' title='bbox 1437 1975 1533 2032; x_wconf 80' lang='lat' dir='ltr'><strong>Celrtm</strong></span> <span class='ocrx_word' id='word_1_211' title='bbox 1556 1981 1636 2046; x_wconf 83' lang='lat' dir='ltr'><strong>putat</strong></span> <span class='ocrx_word' id='word_1_212' title='bbox 1659 1991 1714 2031; x_wconf 93' lang='lat' dir='ltr'><strong>non</strong></span> <span class='ocrx_word' id='word_1_213' title='bbox 1738 1977 1843 2046; x_wconf 91' lang='lat' dir='ltr'><strong>ualere,</strong></span> <span class='ocrx_word' id='word_1_214' title='bbox 1868 1977 1893 2032; x_wconf 90' lang='lat' dir='ltr'><strong>ai</strong></span> <span class='ocrx_word' id='word_1_215' title='bbox 1917 1976 2095 2042; x_wconf 86' lang='lat' dir='ltr'><strong>conuenerit,</strong></span> <span class='ocrx_word' id='word_1_216' title='bbox 2121 1989 2154 2030; x_wconf 87' lang='lat' dir='ltr'><strong>nc</strong></span> 
     </span>
     <span class='ocr_line' id='line_1_21' title="bbox 718 2053 2194 2134; baseline -0.002 -16"><span class='ocrx_word' id='word_1_217' title='bbox 718 2063 798 2120; x_wconf 88' lang='lat' dir='ltr'><strong>dolus</strong></span> <span class='ocrx_word' id='word_1_218' title='bbox 816 2069 984 2134; x_wconf 72' lang='lat' dir='ltr'><strong>praestetur:</strong></span> <span class='ocrx_word' id='word_1_219' title='bbox 1007 2063 1060 2120; x_wconf 92' lang='lat' dir='ltr'><strong>boe</strong></span> <span class='ocrx_word' id='word_1_220' title='bbox 1078 2065 1150 2120; x_wconf 91' lang='lat' dir='ltr'><strong>enim</strong></span> <span class='ocrx_word' id='word_1_221' title='bbox 1170 2063 1258 2122; x_wconf 92' lang='lat' dir='ltr'><strong>bonae</strong></span> <span class='ocrx_word' id='word_1_222' title='bbox 1276 2063 1342 2121; x_wconf 83' lang='lat' dir='ltr'><strong>fidei</strong></span> <span class='ocrx_word' id='word_1_223' title='bbox 1359 2065 1460 2122; x_wconf 89' lang='lat' dir='ltr'><strong>iudicio</strong></span> <span class='ocrx_word' id='word_1_224' title='bbox 1479 2065 1644 2122; x_wconf 78' lang='lat' dir='ltr'><strong>mnirarinm</strong></span> <span class='ocrx_word' id='word_1_225' title='bbox 1664 2069 1719 2120; x_wconf 84' lang='lat' dir='ltr'><strong>est:</strong></span> <span class='ocrx_word' id='word_1_226' title='bbox 1744 2070 1772 2120; x_wconf 91' lang='lat' dir='ltr'><strong>et</strong></span> <span class='ocrx_word' id='word_1_227' title='bbox 1794 2053 1834 2120; x_wconf 88' lang='lat' dir='ltr'><strong>ita</strong></span> <span class='ocrx_word' id='word_1_228' title='bbox 1857 2067 1971 2120; x_wconf 87' lang='lat' dir='ltr'><strong>utimar.</strong></span> <span class='ocrx_word' id='word_1_229' title='bbox 1999 2065 2153 2120; x_wconf 86' lang='lat' dir='ltr'><strong>animalium</strong></span> <span class='ocrx_word' id='word_1_230' title='bbox 2170 2074 2194 2114; x_wconf 89' lang='grc' dir='ltr'><strong>ιι</strong></span> 
     </span>
     <span class='ocr_line' id='line_1_22' title="bbox 718 2153 2153 2225; baseline 0 -17"><span class='ocrx_word' id='word_1_231' title='bbox 718 2167 784 2208; x_wconf 89' lang='lat' dir='ltr'><strong>uero</strong></span> <span class='ocrx_word' id='word_1_232' title='bbox 803 2167 884 2210; x_wconf 87' lang='lat' dir='ltr'><strong>casus</strong></span> <span class='ocrx_word' id='word_1_233' title='bbox 902 2159 1073 2224; x_wconf 88' lang='lat' dir='ltr'><strong>mortesque,</strong></span> <span class='ocrx_word' id='word_1_234' title='bbox 1096 2168 1167 2224; x_wconf 82' lang='lat' dir='ltr'><strong>quae</strong></span> <span class='ocrx_word' id='word_1_235' title='bbox 1191 2155 1251 2210; x_wconf 90' lang='lat' dir='ltr'><strong>siue</strong></span> <span class='ocrx_word' id='word_1_236' title='bbox 1272 2155 1354 2225; x_wconf 89' lang='lat' dir='ltr'><strong>eulpa</strong></span> <span class='ocrx_word' id='word_1_237' title='bbox 1378 2154 1521 2224; x_wconf 84' lang='lat' dir='ltr'><strong>accidunt,</strong></span> <span class='ocrx_word' id='word_1_238' title='bbox 1545 2153 1629 2224; x_wconf 83' lang='lat' dir='ltr'><strong>fugae</strong></span> <span class='ocrx_word' id='word_1_239' title='bbox 1651 2169 1792 2209; x_wconf 87' lang='lat' dir='ltr'><strong>seruorum</strong></span> <span class='ocrx_word' id='word_1_240' title='bbox 1815 2155 1863 2224; x_wconf 86' lang='lat' dir='ltr'><strong>qni</strong></span> <span class='ocrx_word' id='word_1_241' title='bbox 1887 2154 2023 2210; x_wconf 87' lang='lat' dir='ltr'><strong>custodiri</strong></span> <span class='ocrx_word' id='word_1_242' title='bbox 2041 2170 2095 2209; x_wconf 92' lang='lat' dir='ltr'><strong>son</strong></span> <span class='ocrx_word' id='word_1_243' title='bbox 2114 2168 2153 2208; x_wconf 80' lang='lat' dir='ltr'><strong>so</strong></span> 
     </span>
     <span class='ocr_line' id='line_1_23' title="bbox 718 2241 2153 2324; baseline 0 -27"><span class='ocrx_word' id='word_1_244' title='bbox 718 2241 786 2310; x_wconf 83' lang='lat' dir='ltr'><strong>lent,</strong></span> <span class='ocrx_word' id='word_1_245' title='bbox 810 2242 936 2313; x_wconf 85' lang='lat' dir='ltr'><strong>rapinae,</strong></span> <span class='ocrx_word' id='word_1_246' title='bbox 959 2243 1109 2314; x_wconf 89' lang='lat' dir='ltr'><strong>tumultus,</strong></span> <span class='ocrx_word' id='word_1_247' title='bbox 1133 2242 1276 2324; x_wconf 87' lang='lat' dir='ltr'><strong>incendia,</strong></span> <span class='ocrx_word' id='word_1_248' title='bbox 1300 2260 1434 2314; x_wconf 87' lang='lat' dir='ltr'><strong>aquarum</strong></span> <span class='ocrx_word' id='word_1_249' title='bbox 1459 2243 1676 2314; x_wconf 81' lang='lat' dir='ltr'><strong>magnitudines,</strong></span> <span class='ocrx_word' id='word_1_250' title='bbox 1702 2243 1821 2314; x_wconf 90' lang='lat' dir='ltr'><strong>impetus</strong></span> <span class='ocrx_word' id='word_1_251' title='bbox 1845 2243 2019 2314; x_wconf 87' lang='lat' dir='ltr'><strong>praedonum</strong></span> <span class='ocrx_word' id='word_1_252' title='bbox 2042 2260 2060 2298; x_wconf 89' lang='lat' dir='ltr'><strong>a</strong></span> <span class='ocrx_word' id='word_1_253' title='bbox 2084 2243 2153 2298; x_wconf 83' lang='lat' dir='ltr'><strong>nude</strong></span> 
     </span>
     <span class='ocr_line' id='line_1_24' title="bbox 718 2335 901 2402; baseline 0 -16"><span class='ocrx_word' id='word_1_254' title='bbox 718 2335 901 2402; x_wconf 83' lang='lat' dir='ltr'><strong>praestantur.</strong></span> 
     </span>
    </p>

    <p class='ocr_par' dir='ltr' id='par_1_11' title="bbox 662 2414 2193 2566">
     <span class='ocr_line' id='line_1_25' title="bbox 662 2414 2188 2505; baseline -0.001 -25"><span class='ocrx_word' id='word_1_255' title='bbox 662 2421 700 2480; x_wconf 79' lang='grc'><strong>24</strong></span> <span class='ocrx_word' id='word_1_256' title='bbox 771 2421 890 2478; x_wconf 81' lang='lat' dir='ltr'><strong>Passus</strong></span> <span class='ocrx_word' id='word_1_257' title='bbox 907 2419 977 2478; x_wconf 90' lang='lat' dir='ltr'><strong>libro</strong></span> <span class='ocrx_word' id='word_1_258' title='bbox 995 2421 1091 2494; x_wconf 90' lang='lat' dir='ltr'><strong>quinto</strong></span> <span class='ocrx_word' id='word_1_259' title='bbox 1110 2419 1146 2478; x_wconf 86' lang='lat' dir='ltr'><strong>ad</strong></span> <span class='ocrx_word' id='word_1_260' title='bbox 1164 2419 1306 2478; x_wconf 82' lang='lat' dir='ltr'><strong>Sabinum.</strong></span> <span class='ocrx_word' id='word_1_261' title='bbox 1343 2421 1484 2488; x_wconf 82' lang='lat' dir='ltr'><strong>Quatenus</strong></span> <span class='ocrx_word' id='word_1_262' title='bbox 1503 2422 1581 2478; x_wconf 89' lang='lat' dir='ltr'><strong>onius</strong></span> <span class='ocrx_word' id='word_1_263' title='bbox 1598 2421 1720 2492; x_wconf 90' lang='lat' dir='ltr'><strong>intersit,</strong></span> <span class='ocrx_word' id='word_1_264' title='bbox 1741 2414 2188 2505; x_wconf 58' lang='lat' dir='ltr'><strong>isiact0,soniu[1&#39;tj‚s}st</strong></span> 
     </span>
     <span class='ocr_line' id='line_1_26' title="bbox 719 2510 2193 2566; baseline -0.004 0"><span class='ocrx_word' id='word_1_265' title='bbox 719 2510 777 2566; x_wconf 89' lang='lat' dir='ltr'><strong>iure</strong></span> <span class='ocrx_word' id='word_1_266' title='bbox 798 2511 933 2566; x_wconf 89' lang='lat' dir='ltr'><strong>consistit.</strong></span> <span class='ocrx_word' id='word_1_267' title='bbox 2169 2519 2193 2560; x_wconf 88' lang='grc' dir='ltr'><strong>ιι</strong></span> 
     </span>
    </p>

    <p class='ocr_par' dir='ltr' id='par_1_12' title="bbox 661 2593 2187 2684">
     <span class='ocr_line' id='line_1_27' title="bbox 661 2593 2187 2684; baseline 0.002 -29"><span class='ocrx_word' id='word_1_268' title='bbox 661 2601 701 2662; x_wconf 81' lang='grc'><strong>25</strong></span> <span class='ocrx_word' id='word_1_269' title='bbox 771 2599 943 2656; x_wconf 77' lang='lat' dir='ltr'><strong>Postremus</strong></span> <span class='ocrx_word' id='word_1_270' title='bbox 966 2597 1036 2655; x_wconf 92' lang='lat' dir='ltr'><strong>libro</strong></span> <span class='ocrx_word' id='word_1_271' title='bbox 1060 2598 1206 2656; x_wconf 88' lang='lat' dir='ltr'><strong>undecimo</strong></span> <span class='ocrx_word' id='word_1_272' title='bbox 1230 2599 1267 2656; x_wconf 91' lang='lat' dir='ltr'><strong>ad</strong></span> <span class='ocrx_word' id='word_1_273' title='bbox 1285 2597 1426 2656; x_wconf 87' lang='lat' dir='ltr'><strong>Sabinam.</strong></span> <span class='ocrx_word' id='word_1_274' title='bbox 1463 2601 1529 2656; x_wconf 90' lang='lat' dir='ltr'><strong>Plsa</strong></span> <span class='ocrx_word' id='word_1_275' title='bbox 1551 2599 1687 2656; x_wconf 87' lang='lat' dir='ltr'><strong>cautionis</strong></span> <span class='ocrx_word' id='word_1_276' title='bbox 1711 2599 1739 2654; x_wconf 92' lang='lat' dir='ltr'><strong>in</strong></span> <span class='ocrx_word' id='word_1_277' title='bbox 1757 2614 1786 2655; x_wconf 93' lang='lat' dir='ltr'><strong>re</strong></span> <span class='ocrx_word' id='word_1_278' title='bbox 1805 2604 1850 2656; x_wconf 90' lang='lat' dir='ltr'><strong>est</strong></span> <span class='ocrx_word' id='word_1_279' title='bbox 1866 2615 1950 2670; x_wconf 89' lang='lat' dir='ltr'><strong>quam</strong></span> <span class='ocrx_word' id='word_1_280' title='bbox 1970 2599 1999 2655; x_wconf 91' lang='lat' dir='ltr'><strong>in</strong></span> <span class='ocrx_word' id='word_1_281' title='bbox 2018 2593 2187 2684; x_wconf 51' lang='lat' dir='ltr'><strong>[Qut</strong></span> 
     </span>
    </p>

    <p class='ocr_par' dir='ltr' id='par_1_13' title="bbox 610 2703 845 2760">
     <span class='ocr_line' id='line_1_28' title="bbox 610 2703 845 2760; baseline 0 -16"><span class='ocrx_word' id='word_1_282' title='bbox 610 2725 612 2728; x_wconf 93' lang='lat'>-</span> <span class='ocrx_word' id='word_1_283' title='bbox 720 2703 845 2760; x_wconf 87' lang='lat' dir='ltr'><strong>persona.</strong></span> 
     </span>
    </p>

    <p class='ocr_par' dir='ltr' id='par_1_14' title="bbox 661 2771 2191 2937">
     <span class='ocr_line' id='line_1_29' title="bbox 661 2771 2184 2862; baseline 0.002 -29"><span class='ocrx_word' id='word_1_284' title='bbox 661 2779 701 2840; x_wconf 89' lang='grc'><strong>26</strong></span> <span class='ocrx_word' id='word_1_285' title='bbox 772 2776 923 2834; x_wconf 79' lang='lat' dir='ltr'><strong>lismasus</strong></span> <span class='ocrx_word' id='word_1_286' title='bbox 944 2776 1014 2834; x_wconf 92' lang='lat' dir='ltr'><strong>libro</strong></span> <span class='ocrx_word' id='word_1_287' title='bbox 1036 2777 1198 2848; x_wconf 77' lang='lat' dir='ltr'><strong>trigessimo</strong></span> <span class='ocrx_word' id='word_1_288' title='bbox 1221 2777 1256 2834; x_wconf 88' lang='lat' dir='ltr'><strong>ad</strong></span> <span class='ocrx_word' id='word_1_289' title='bbox 1279 2775 1421 2834; x_wconf 87' lang='lat' dir='ltr'><strong>Sabinum.</strong></span> <span class='ocrx_word' id='word_1_290' title='bbox 1458 2776 1510 2844; x_wconf 84' lang='lat' dir='ltr'><strong>Qui</strong></span> <span class='ocrx_word' id='word_1_291' title='bbox 1530 2782 1624 2848; x_wconf 86' lang='lat' dir='ltr'><strong>potest</strong></span> <span class='ocrx_word' id='word_1_292' title='bbox 1641 2777 1735 2834; x_wconf 88' lang='lat' dir='ltr'><strong>inuitis</strong></span> <span class='ocrx_word' id='word_1_293' title='bbox 1754 2777 1888 2848; x_wconf 88' lang='lat' dir='ltr'><strong>alienare,</strong></span> <span class='ocrx_word' id='word_1_294' title='bbox 1911 2777 2000 2834; x_wconf 92' lang='lat' dir='ltr'><strong>multo</strong></span> <span class='ocrx_word' id='word_1_295' title='bbox 2018 2771 2184 2862; x_wconf 49' lang='grc' dir='ltr'><strong>ΜΒ</strong></span> 
     </span>
     <span class='ocr_line' id='line_1_30' title="bbox 720 2865 2191 2937; baseline -0.005 -15"><span class='ocrx_word' id='word_1_296' title='bbox 720 2866 808 2936; x_wconf 88' lang='lat' dir='ltr'><strong>magis</strong></span> <span class='ocrx_word' id='word_1_297' title='bbox 826 2870 855 2921; x_wconf 90' lang='lat' dir='ltr'><strong>et</strong></span> <span class='ocrx_word' id='word_1_298' title='bbox 872 2865 1062 2936; x_wconf 80' lang='lat' dir='ltr'><strong>ignorantibus</strong></span> <span class='ocrx_word' id='word_1_299' title='bbox 1081 2871 1110 2922; x_wconf 92' lang='lat' dir='ltr'><strong>et</strong></span> <span class='ocrx_word' id='word_1_300' title='bbox 1128 2867 1289 2923; x_wconf 74' lang='lat' dir='ltr'><strong>absentibus</strong></span> <span class='ocrx_word' id='word_1_301' title='bbox 1308 2873 1408 2937; x_wconf 88' lang='lat' dir='ltr'><strong>potest.</strong></span> <span class='ocrx_word' id='word_1_302' title='bbox 2168 2875 2191 2916; x_wconf 84' lang='lat' dir='ltr'><strong>rs</strong></span> 
     </span>
    </p>

    <p class='ocr_par' dir='ltr' id='par_1_15' title="bbox 661 2950 2190 3383">
     <span class='ocr_line' id='line_1_31' title="bbox 661 2950 2184 3040; baseline -0.003 -23"><span class='ocrx_word' id='word_1_303' title='bbox 661 2958 700 3018; x_wconf 85' lang='grc'><strong>27</strong></span> <span class='ocrx_word' id='word_1_304' title='bbox 771 2957 944 3012; x_wconf 80' lang='lat' dir='ltr'><strong>Ponrosrss</strong></span> <span class='ocrx_word' id='word_1_305' title='bbox 966 2955 1036 3012; x_wconf 90' lang='lat' dir='ltr'><strong>libro</strong></span> <span class='ocrx_word' id='word_1_306' title='bbox 1059 2961 1139 3013; x_wconf 81' lang='lat' dir='ltr'><strong>sexto</strong></span> <span class='ocrx_word' id='word_1_307' title='bbox 1163 2956 1270 3012; x_wconf 91' lang='lat' dir='ltr'><strong>decimo</strong></span> <span class='ocrx_word' id='word_1_308' title='bbox 1295 2955 1331 3012; x_wconf 91' lang='lat' dir='ltr'><strong>ad</strong></span> <span class='ocrx_word' id='word_1_309' title='bbox 1356 2955 1496 3012; x_wconf 86' lang='lat' dir='ltr'><strong>Sabinum.</strong></span> <span class='ocrx_word' id='word_1_310' title='bbox 1533 2956 1590 3012; x_wconf 86' lang='lat' dir='ltr'><strong>Nec</strong></span> <span class='ocrx_word' id='word_1_311' title='bbox 1614 2971 1648 3011; x_wconf 85' lang='lat' dir='ltr'><strong>ex</strong></span> <span class='ocrx_word' id='word_1_312' title='bbox 1665 2955 1802 3026; x_wconf 85' lang='lat' dir='ltr'><strong>praetorio</strong></span> <span class='ocrx_word' id='word_1_313' title='bbox 1820 2970 1871 3010; x_wconf 90' lang='lat' dir='ltr'><strong>sec</strong></span> <span class='ocrx_word' id='word_1_314' title='bbox 1890 2970 1925 3010; x_wconf 86' lang='lat' dir='ltr'><strong>ex</strong></span> <span class='ocrx_word' id='word_1_315' title='bbox 1943 2957 1999 3011; x_wconf 88' lang='lat' dir='ltr'><strong>sol·</strong></span> <span class='ocrx_word' id='word_1_316' title='bbox 2018 2950 2184 3040; x_wconf 52' lang='grc' dir='ltr'><strong>[ζῇ-[28</strong></span> 
     </span>
     <span class='ocr_line' id='line_1_32' title="bbox 718 3043 2151 3116; baseline 0 -16"><span class='ocrx_word' id='word_1_317' title='bbox 718 3045 801 3100; x_wconf 89' lang='lat' dir='ltr'><strong>lemni</strong></span> <span class='ocrx_word' id='word_1_318' title='bbox 819 3045 876 3100; x_wconf 90' lang='lat' dir='ltr'><strong>iure</strong></span> <span class='ocrx_word' id='word_1_319' title='bbox 888 3045 1057 3115; x_wconf 87' lang='lat' dir='ltr'><strong>priuatorum</strong></span> <span class='ocrx_word' id='word_1_320' title='bbox 1071 3045 1252 3100; x_wconf 89' lang='lat' dir='ltr'><strong>conuentione</strong></span> <span class='ocrx_word' id='word_1_321' title='bbox 1264 3046 1410 3115; x_wconf 86' lang='lat' dir='ltr'><strong>quicquam</strong></span> <span class='ocrx_word' id='word_1_322' title='bbox 1423 3045 1621 3101; x_wconf 88' lang='lat' dir='ltr'><strong>immutandum</strong></span> <span class='ocrx_word' id='word_1_323' title='bbox 1634 3048 1685 3114; x_wconf 90' lang='lat' dir='ltr'><strong>est,</strong></span> <span class='ocrx_word' id='word_1_324' title='bbox 1704 3045 1831 3116; x_wconf 88' lang='lat' dir='ltr'><strong>quamuis</strong></span> <span class='ocrx_word' id='word_1_325' title='bbox 1842 3043 2044 3114; x_wconf 85' lang='lat' dir='ltr'><strong>obligationum</strong></span> <span class='ocrx_word' id='word_1_326' title='bbox 2057 3059 2151 3100; x_wconf 82' lang='lat' dir='ltr'><strong>causae</strong></span> 
     </span>
     <span class='ocr_line' id='line_1_33' title="bbox 716 3134 2151 3206; baseline -0.001 -17"><span class='ocrx_word' id='word_1_327' title='bbox 716 3135 846 3206; x_wconf 87' lang='lat' dir='ltr'><strong>pastione</strong></span> <span class='ocrx_word' id='word_1_328' title='bbox 867 3135 975 3204; x_wconf 86' lang='lat' dir='ltr'><strong>possint</strong></span> <span class='ocrx_word' id='word_1_329' title='bbox 992 3135 1130 3190; x_wconf 87' lang='lat' dir='ltr'><strong>immutari</strong></span> <span class='ocrx_word' id='word_1_330' title='bbox 1149 3138 1179 3190; x_wconf 89' lang='lat' dir='ltr'><strong>et</strong></span> <span class='ocrx_word' id='word_1_331' title='bbox 1196 3135 1256 3206; x_wconf 87' lang='lat' dir='ltr'><strong>ipso</strong></span> <span class='ocrx_word' id='word_1_332' title='bbox 1274 3135 1333 3190; x_wconf 92' lang='lat' dir='ltr'><strong>iure</strong></span> <span class='ocrx_word' id='word_1_333' title='bbox 1352 3139 1380 3190; x_wconf 91' lang='lat' dir='ltr'><strong>et</strong></span> <span class='ocrx_word' id='word_1_334' title='bbox 1398 3150 1446 3204; x_wconf 92' lang='lat' dir='ltr'><strong>per</strong></span> <span class='ocrx_word' id='word_1_335' title='bbox 1464 3135 1538 3205; x_wconf 90' lang='lat' dir='ltr'><strong>pacti</strong></span> <span class='ocrx_word' id='word_1_336' title='bbox 1556 3134 1685 3190; x_wconf 87' lang='lat' dir='ltr'><strong>censenti</strong></span> <span class='ocrx_word' id='word_1_337' title='bbox 1703 3135 1908 3204; x_wconf 85' lang='lat' dir='ltr'><strong>exceptionem:</strong></span> <span class='ocrx_word' id='word_1_338' title='bbox 1932 3136 2001 3204; x_wconf 87' lang='lat' dir='ltr'><strong>qnia</strong></span> <span class='ocrx_word' id='word_1_339' title='bbox 2018 3136 2151 3190; x_wconf 86' lang='lat' dir='ltr'><strong>actionum</strong></span> 
     </span>
     <span class='ocr_line' id='line_1_34' title="bbox 719 3222 2150 3294; baseline 0 -16"><span class='ocrx_word' id='word_1_340' title='bbox 719 3222 817 3279; x_wconf 91' lang='lat' dir='ltr'><strong>modus</strong></span> <span class='ocrx_word' id='word_1_341' title='bbox 834 3223 879 3278; x_wconf 89' lang='lat' dir='ltr'><strong>uel</strong></span> <span class='ocrx_word' id='word_1_342' title='bbox 897 3223 959 3293; x_wconf 88' lang='lat' dir='ltr'><strong>lege</strong></span> <span class='ocrx_word' id='word_1_343' title='bbox 977 3224 1022 3278; x_wconf 92' lang='lat' dir='ltr'><strong>uel</strong></span> <span class='ocrx_word' id='word_1_344' title='bbox 1041 3239 1090 3294; x_wconf 91' lang='lat' dir='ltr'><strong>per</strong></span> <span class='ocrx_word' id='word_1_345' title='bbox 1107 3229 1260 3294; x_wconf 88' lang='lat' dir='ltr'><strong>praetorem</strong></span> <span class='ocrx_word' id='word_1_346' title='bbox 1280 3223 1452 3279; x_wconf 87' lang='lat' dir='ltr'><strong>introductus</strong></span> <span class='ocrx_word' id='word_1_347' title='bbox 1469 3225 1638 3294; x_wconf 88' lang='lat' dir='ltr'><strong>priuatorum</strong></span> <span class='ocrx_word' id='word_1_348' title='bbox 1655 3223 1829 3292; x_wconf 91' lang='lat' dir='ltr'><strong>pactionibus</strong></span> <span class='ocrx_word' id='word_1_349' title='bbox 1847 3238 1904 3279; x_wconf 91' lang='lat' dir='ltr'><strong>son</strong></span> <span class='ocrx_word' id='word_1_350' title='bbox 1921 3222 2085 3293; x_wconf 87' lang='lat' dir='ltr'><strong>infirmatur,</strong></span> <span class='ocrx_word' id='word_1_351' title='bbox 2103 3223 2150 3278; x_wconf 89' lang='lat' dir='ltr'><strong>nisi</strong></span> 
     </span>
     <span class='ocr_line' id='line_1_35' title="bbox 718 3312 2190 3383; baseline -0.004 -15"><span class='ocrx_word' id='word_1_352' title='bbox 718 3315 793 3383; x_wconf 89' lang='lat' dir='ltr'><strong>tunc,</strong></span> <span class='ocrx_word' id='word_1_353' title='bbox 813 3327 875 3372; x_wconf 88' lang='lat' dir='ltr'><strong>cum</strong></span> <span class='ocrx_word' id='word_1_354' title='bbox 893 3312 1038 3368; x_wconf 86' lang='lat' dir='ltr'><strong>inchoatur</strong></span> <span class='ocrx_word' id='word_1_355' title='bbox 1056 3312 1137 3383; x_wconf 89' lang='lat' dir='ltr'><strong>actio,</strong></span> <span class='ocrx_word' id='word_1_356' title='bbox 1155 3314 1227 3368; x_wconf 88' lang='lat' dir='ltr'><strong>ister</strong></span> <span class='ocrx_word' id='word_1_357' title='bbox 1245 3328 1293 3368; x_wconf 88' lang='lat' dir='ltr'><strong>eos</strong></span> <span class='ocrx_word' id='word_1_358' title='bbox 1311 3313 1448 3369; x_wconf 89' lang='lat' dir='ltr'><strong>conuenit.</strong></span> <span class='ocrx_word' id='word_1_359' title='bbox 2166 3321 2190 3362; x_wconf 88' lang='grc' dir='ltr'><strong>ιι</strong></span> 
     </span>
    </p>

    <p class='ocr_par' dir='ltr' id='par_1_16' title="bbox 660 3397 2182 3562">
     <span class='ocr_line' id='line_1_36' title="bbox 660 3397 2182 3484; baseline 0 -26"><span class='ocrx_word' id='word_1_360' title='bbox 660 3404 701 3464; x_wconf 83' lang='grc'><strong>28</strong></span> <span class='ocrx_word' id='word_1_361' title='bbox 771 3400 922 3458; x_wconf 81' lang='lat' dir='ltr'><strong>Usrrasus</strong></span> <span class='ocrx_word' id='word_1_362' title='bbox 938 3400 1007 3458; x_wconf 90' lang='lat' dir='ltr'><strong>libro</strong></span> <span class='ocrx_word' id='word_1_363' title='bbox 1019 3401 1179 3471; x_wconf 82' lang='lat' dir='ltr'><strong>trigessimo</strong></span> <span class='ocrx_word' id='word_1_364' title='bbox 1191 3407 1271 3457; x_wconf 81' lang='lat' dir='ltr'><strong>sexto</strong></span> <span class='ocrx_word' id='word_1_365' title='bbox 1284 3402 1320 3456; x_wconf 91' lang='lat' dir='ltr'><strong>ad</strong></span> <span class='ocrx_word' id='word_1_366' title='bbox 1332 3401 1472 3457; x_wconf 85' lang='lat' dir='ltr'><strong>Sabinum.</strong></span> <span class='ocrx_word' id='word_1_367' title='bbox 1500 3402 1587 3457; x_wconf 89' lang='lat' dir='ltr'><strong>Diuus</strong></span> <span class='ocrx_word' id='word_1_368' title='bbox 1600 3401 1665 3458; x_wconf 88' lang='lat' dir='ltr'><strong>Pius</strong></span> <span class='ocrx_word' id='word_1_369' title='bbox 1677 3401 1817 3471; x_wconf 85' lang='lat' dir='ltr'><strong>rescripsit</strong></span> <span class='ocrx_word' id='word_1_370' title='bbox 1835 3397 1877 3484; x_wconf 82' lang='lat' dir='ltr'><strong>[b.</strong></span> <span class='ocrx_word' id='word_1_371' title='bbox 1887 3415 1925 3470; x_wconf 80' lang='lat' dir='ltr'><strong>at,</strong></span> <span class='ocrx_word' id='word_1_372' title='bbox 1937 3416 1961 3470; x_wconf 85' lang='lat' dir='ltr'><strong>s,</strong></span> <span class='ocrx_word' id='word_1_373' title='bbox 1972 3417 2010 3461; x_wconf 75' lang='lat' dir='ltr'><strong>sa</strong></span> <span class='ocrx_word' id='word_1_374' title='bbox 2027 3415 2053 3461; x_wconf 83' lang='grc' dir='ltr'><strong>Β.</strong></span> <span class='ocrx_word' id='word_1_375' title='bbox 2062 3397 2148 3471; x_wconf 54' lang='grc' dir='ltr'><strong>Μ</strong></span> <span class='ocrx_word' id='word_1_376' title='bbox 2165 3405 2182 3458; x_wconf 86' lang='lat' dir='ltr'><em>S</em></span> 
     </span>
     <span class='ocr_line' id='line_1_37' title="bbox 718 3477 2147 3562; baseline 0 -14"><span class='ocrx_word' id='word_1_377' title='bbox 718 3507 775 3562; x_wconf 87' lang='lat' dir='ltr'><strong>ees,</strong></span> <span class='ocrx_word' id='word_1_378' title='bbox 793 3493 840 3562; x_wconf 89' lang='lat' dir='ltr'><strong>qui</strong></span> <span class='ocrx_word' id='word_1_379' title='bbox 858 3507 893 3548; x_wconf 84' lang='lat' dir='ltr'><strong>ex</strong></span> <span class='ocrx_word' id='word_1_380' title='bbox 910 3490 1074 3546; x_wconf 81' lang='lat' dir='ltr'><strong>liberalitate</strong></span> <span class='ocrx_word' id='word_1_381' title='bbox 1092 3491 1300 3560; x_wconf 79' lang='lat' dir='ltr'><strong>conuenienter,</strong></span> <span class='ocrx_word' id='word_1_382' title='bbox 1319 3491 1347 3546; x_wconf 90' lang='lat' dir='ltr'><strong>is</strong></span> <span class='ocrx_word' id='word_1_383' title='bbox 1365 3491 1394 3546; x_wconf 91' lang='lat' dir='ltr'><strong>id</strong></span> <span class='ocrx_word' id='word_1_384' title='bbox 1410 3490 1485 3561; x_wconf 85' lang='lat' dir='ltr'><strong>quod</strong></span> <span class='ocrx_word' id='word_1_385' title='bbox 1504 3489 1595 3546; x_wconf 82' lang='lat' dir='ltr'><strong>tacere</strong></span> <span class='ocrx_word' id='word_1_386' title='bbox 1613 3493 1730 3560; x_wconf 86' lang='lat' dir='ltr'><strong>possunt</strong></span> <span class='ocrx_word' id='word_1_387' title='bbox 1747 3477 2147 3548; x_wconf 59' lang='lat' dir='ltr'><strong>conuenffiffloiT&#39;*“</strong></span> 
     </span>
    </p>

    <p class='ocr_par' dir='ltr' id='par_1_17' title="bbox 660 3574 2181 3738">
     <span class='ocr_line' id='line_1_38' title="bbox 660 3574 2181 3666; baseline 0.001 -30"><span class='ocrx_word' id='word_1_388' title='bbox 660 3583 699 3644; x_wconf 88' lang='grc'><strong>29</strong></span> <span class='ocrx_word' id='word_1_389' title='bbox 771 3581 891 3636; x_wconf 81' lang='lat' dir='ltr'><strong>Passus</strong></span> <span class='ocrx_word' id='word_1_390' title='bbox 908 3580 978 3636; x_wconf 91' lang='lat' dir='ltr'><strong>libro</strong></span> <span class='ocrx_word' id='word_1_391' title='bbox 996 3586 1096 3636; x_wconf 87' lang='lat' dir='ltr'><strong>octauo</strong></span> <span class='ocrx_word' id='word_1_392' title='bbox 1115 3580 1151 3634; x_wconf 90' lang='lat' dir='ltr'><strong>ad</strong></span> <span class='ocrx_word' id='word_1_393' title='bbox 1169 3580 1309 3636; x_wconf 86' lang='lat' dir='ltr'><strong>Sabinum.</strong></span> <span class='ocrx_word' id='word_1_394' title='bbox 1338 3579 1416 3646; x_wconf 84' lang='lat' dir='ltr'><strong>Quod</strong></span> <span class='ocrx_word' id='word_1_395' title='bbox 1429 3581 1506 3637; x_wconf 89' lang='lat' dir='ltr'><strong>initio</strong></span> <span class='ocrx_word' id='word_1_396' title='bbox 1519 3581 1649 3636; x_wconf 78' lang='lat' dir='ltr'><strong>sidorum</strong></span> <span class='ocrx_word' id='word_1_397' title='bbox 1662 3585 1714 3650; x_wconf 89' lang='lat' dir='ltr'><strong>est,</strong></span> <span class='ocrx_word' id='word_1_398' title='bbox 1731 3586 1892 3650; x_wconf 86' lang='lat' dir='ltr'><strong>sospotest</strong></span> <span class='ocrx_word' id='word_1_399' title='bbox 1904 3586 1997 3637; x_wconf 91' lang='lat' dir='ltr'><strong>tractu</strong></span> <span class='ocrx_word' id='word_1_400' title='bbox 2016 3574 2181 3666; x_wconf 61' lang='lat' dir='ltr'><strong>[ffld</strong></span> 
     </span>
     <span class='ocr_line' id='line_1_39' title="bbox 718 3669 1688 3738; baseline 0 -14"><span class='ocrx_word' id='word_1_401' title='bbox 718 3669 850 3738; x_wconf 85' lang='lat' dir='ltr'><strong>temporis</strong></span> <span class='ocrx_word' id='word_1_402' title='bbox 868 3669 1068 3724; x_wconf 87' lang='lat' dir='ltr'><strong>conualescere.</strong></span> <span class='ocrx_word' id='word_1_403' title='bbox 1687 3705 1688 3710; x_wconf 22' lang='grc' dir='ltr'><strong><em>κ</em></strong></span> 
     </span>
    </p>

    <p class='ocr_par' dir='ltr' id='par_1_18' title="bbox 660 3753 2188 3916">
     <span class='ocr_line' id='line_1_40' title="bbox 660 3753 2182 3843; baseline 0.003 -32"><span class='ocrx_word' id='word_1_404' title='bbox 660 3759 701 3820; x_wconf 84' lang='grc'><strong>30</strong></span> <span class='ocrx_word' id='word_1_405' title='bbox 770 3757 921 3814; x_wconf 74' lang='lat' dir='ltr'><strong>umissos</strong></span> <span class='ocrx_word' id='word_1_406' title='bbox 944 3755 1014 3814; x_wconf 88' lang='lat' dir='ltr'><strong>libro</strong></span> <span class='ocrx_word' id='word_1_407' title='bbox 1037 3757 1198 3828; x_wconf 88' lang='lat' dir='ltr'><strong>trigessimo</strong></span> <span class='ocrx_word' id='word_1_408' title='bbox 1216 3762 1296 3814; x_wconf 80' lang='lat' dir='ltr'><strong>sexto</strong></span> <span class='ocrx_word' id='word_1_409' title='bbox 1314 3757 1350 3814; x_wconf 85' lang='lat' dir='ltr'><strong>ad</strong></span> <span class='ocrx_word' id='word_1_410' title='bbox 1368 3756 1509 3814; x_wconf 84' lang='lat' dir='ltr'><strong>Sabinum.</strong></span> <span class='ocrx_word' id='word_1_411' title='bbox 1546 3758 1664 3829; x_wconf 89' lang='lat' dir='ltr'><strong>Nuptias</strong></span> <span class='ocrx_word' id='word_1_412' title='bbox 1682 3772 1737 3814; x_wconf 90' lang='lat' dir='ltr'><strong>uon</strong></span> <span class='ocrx_word' id='word_1_413' title='bbox 1754 3772 1818 3814; x_wconf 89' lang='lat' dir='ltr'><strong>esn-</strong></span> <span class='ocrx_word' id='word_1_414' title='bbox 1836 3753 2182 3843; x_wconf 55' lang='grc' dir='ltr'><strong>ΜΒ</strong></span> 
     </span>
     <span class='ocr_line' id='line_1_41' title="bbox 718 3843 2188 3916; baseline -0.004 -14"><span class='ocrx_word' id='word_1_415' title='bbox 718 3843 836 3916; x_wconf 88' lang='lat' dir='ltr'><strong>cubitus,</strong></span> <span class='ocrx_word' id='word_1_416' title='bbox 855 3845 904 3900; x_wconf 88' lang='lat' dir='ltr'><strong>sed</strong></span> <span class='ocrx_word' id='word_1_417' title='bbox 923 3861 1074 3902; x_wconf 88' lang='lat' dir='ltr'><strong>consensus</strong></span> <span class='ocrx_word' id='word_1_418' title='bbox 1092 3845 1166 3902; x_wconf 86' lang='lat' dir='ltr'><strong>iacit</strong></span> <span class='ocrx_word' id='word_1_419' title='bbox 1554 3853 1566 3866; x_wconf 87' lang='lat'><strong><em>‘</em></strong></span> <span class='ocrx_word' id='word_1_420' title='bbox 2165 3855 2188 3896; x_wconf 89' lang='grc' dir='ltr'><strong>ιι</strong></span> 
     </span>
    </p>

    <p class='ocr_par' dir='ltr' id='par_1_19' title="bbox 660 3931 2182 4022">
     <span class='ocr_line' id='line_1_42' title="bbox 660 3931 2182 4022; baseline 0.002 -32"><span class='ocrx_word' id='word_1_421' title='bbox 660 3938 698 3998; x_wconf 83' lang='grc'><strong>31</strong></span> <span class='ocrx_word' id='word_1_422' title='bbox 770 3935 848 3990; x_wconf 69' lang='lat' dir='ltr'><strong>bsai</strong></span> <span class='ocrx_word' id='word_1_423' title='bbox 864 3934 934 3992; x_wconf 90' lang='lat' dir='ltr'><strong>libro</strong></span> <span class='ocrx_word' id='word_1_424' title='bbox 952 3933 1182 4006; x_wconf 86' lang='lat' dir='ltr'><strong>quadragensimo</strong></span> <span class='ocrx_word' id='word_1_425' title='bbox 1201 3934 1324 3992; x_wconf 89' lang='lat' dir='ltr'><strong>secundo</strong></span> <span class='ocrx_word' id='word_1_426' title='bbox 1342 3934 1377 3990; x_wconf 87' lang='lat' dir='ltr'><strong>ad</strong></span> <span class='ocrx_word' id='word_1_427' title='bbox 1396 3935 1537 3992; x_wconf 82' lang='lat' dir='ltr'><strong>Sabinum.</strong></span> <span class='ocrx_word' id='word_1_428' title='bbox 1565 3935 1667 3992; x_wconf 89' lang='lat' dir='ltr'><strong>Uerum</strong></span> <span class='ocrx_word' id='word_1_429' title='bbox 1686 3939 1731 3992; x_wconf 87' lang='lat' dir='ltr'><strong>est</strong></span> <span class='ocrx_word' id='word_1_430' title='bbox 1748 3950 1837 4006; x_wconf 87' lang='lat' dir='ltr'><strong>usque</strong></span> <span class='ocrx_word' id='word_1_431' title='bbox 1854 3940 1939 4008; x_wconf 86' lang='lat' dir='ltr'><strong>pacta</strong></span> <span class='ocrx_word' id='word_1_432' title='bbox 1950 3951 2000 3992; x_wconf 90' lang='grc' dir='ltr'>ιιι-</span> <span class='ocrx_word' id='word_1_433' title='bbox 2018 3931 2182 4022; x_wconf 49' lang='grc' dir='ltr'>[Ἧι</span> 
     </span>
    </p>
   </div>
   <div class='ocr_carea' id='block_1_3' title="bbox 717 4047 903 4118">
    <p class='ocr_par' dir='ltr' id='par_1_20' title="bbox 717 4047 903 4118">
     <span class='ocr_line' id='line_1_43' title="bbox 717 4047 903 4118; baseline 0.016 -16"><span class='ocrx_word' id='word_1_434' title='bbox 717 4047 884 4118; x_wconf 73' lang='grc' dir='ltr'>ιι(ιιιίιο)</span> <span class='ocrx_word' id='word_1_435' title='bbox 901 4085 903 4090; x_wconf 74' lang='lat'>-</span> 
     </span>
    </p>
   </div>
   <div class='ocr_carea' id='block_1_4' title="bbox 619 4215 2151 5080">
    <p class='ocr_par' dir='ltr' id='par_1_21' title="bbox 619 4215 2151 5080">
     <span class='ocr_line' id='line_1_44' title="bbox 718 4215 2150 4292; baseline 0.001 -20"><span class='ocrx_word' id='word_1_436' title='bbox 718 4218 825 4288; x_wconf 74' lang='lat' dir='ltr'><strong>stipatus</strong></span> <span class='ocrx_word' id='word_1_437' title='bbox 838 4215 928 4287; x_wconf 85' lang='lat' dir='ltr'><strong>fuerit,</strong></span> <span class='ocrx_word' id='word_1_438' title='bbox 943 4218 1043 4274; x_wconf 87' lang='lat' dir='ltr'><strong>deinde</strong></span> <span class='ocrx_word' id='word_1_439' title='bbox 1056 4219 1177 4285; x_wconf 83' lang='lat' dir='ltr'><strong>extiterit</strong></span> <span class='ocrx_word' id='word_1_440' title='bbox 1188 4221 1322 4289; x_wconf 73' lang='lat' dir='ltr'><strong>(redditid,</strong></span> <span class='ocrx_word' id='word_1_441' title='bbox 1336 4221 1407 4290; x_wconf 82' lang='lat' dir='ltr'><strong>patri</strong></span> <span class='ocrx_word' id='word_1_442' title='bbox 1460 4221 1541 4292; x_wconf 82' lang='lat' dir='ltr'><strong>rpicsa</strong></span> <span class='ocrx_word' id='word_1_443' title='bbox 1560 4221 1729 4292; x_wconf 77' lang='lat' dir='ltr'><strong>spasaa&#39;rcsa·</strong></span> <span class='ocrx_word' id='word_1_444' title='bbox 1749 4219 1778 4276; x_wconf 78' lang='lat' dir='ltr'><strong>ia</strong></span> <span class='ocrx_word' id='word_1_445' title='bbox 1796 4219 1905 4284; x_wconf 71' lang='lat' dir='ltr'><strong>ruituro</strong></span> <span class='ocrx_word' id='word_1_446' title='bbox 1919 4221 1949 4276; x_wconf 72' lang='grc' dir='ltr'><strong>ιὲ</strong></span> <span class='ocrx_word' id='word_1_447' title='bbox 1964 4224 2004 4278; x_wconf 80' lang='lat' dir='ltr'><strong>asi</strong></span> <span class='ocrx_word' id='word_1_448' title='bbox 2018 4221 2150 4278; x_wconf 69' lang='grc' dir='ltr'>ἒιιιιιὲλειι.</span> 
     </span>
     <span class='ocr_line' id='line_1_45' title="bbox 718 4291 2151 4381; baseline 0.003 -37"><span class='ocrx_word' id='word_1_449' title='bbox 718 4291 789 4346; x_wconf 81' lang='lat' dir='ltr'><strong>sotio</strong></span> <span class='ocrx_word' id='word_1_450' title='bbox 802 4291 940 4360; x_wconf 83' lang='lat' dir='ltr'><strong>competit,</strong></span> <span class='ocrx_word' id='word_1_451' title='bbox 950 4292 1015 4359; x_wconf 81' lang='lat' dir='ltr'><strong>quia</strong></span> <span class='ocrx_word' id='word_1_452' title='bbox 1027 4291 1055 4345; x_wconf 90' lang='lat' dir='ltr'><strong>iu</strong></span> <span class='ocrx_word' id='word_1_453' title='bbox 1068 4291 1289 4360; x_wconf 80' lang='lat' dir='ltr'><strong>stipulationibus</strong></span> <span class='ocrx_word' id='word_1_454' title='bbox 1301 4293 1329 4348; x_wconf 92' lang='lat' dir='ltr'><strong>id</strong></span> <span class='ocrx_word' id='word_1_455' title='bbox 1339 4300 1407 4347; x_wconf 87' lang='lat' dir='ltr'><strong>tem·</strong></span> <span class='ocrx_word' id='word_1_456' title='bbox 1461 4292 1476 4344; x_wconf 84' lang='lat' dir='ltr'><strong>ri</strong></span> <span class='ocrx_word' id='word_1_457' title='bbox 1495 4292 1525 4348; x_wconf 77' lang='grc' dir='ltr'><strong>Δὲ</strong></span> <span class='ocrx_word' id='word_1_458' title='bbox 1544 4294 1669 4347; x_wconf 73' lang='lat' dir='ltr'><strong>actamnis</strong></span> <span class='ocrx_word' id='word_1_459' title='bbox 1686 4294 1768 4348; x_wconf 81' lang='lat' dir='ltr'><strong>bdtea</strong></span> <span class='ocrx_word' id='word_1_460' title='bbox 1787 4293 1826 4348; x_wconf 77' lang='lat' dir='ltr'><strong>irai</strong></span> <span class='ocrx_word' id='word_1_461' title='bbox 1839 4291 1963 4348; x_wconf 77' lang='grc' dir='ltr'>ιἰιιὲλειιιι</span> <span class='ocrx_word' id='word_1_462' title='bbox 1984 4298 2151 4381; x_wconf 58' lang='lat' dir='ltr'><strong>(significatum</strong></span> 
     </span>
     <span class='ocr_line' id='line_1_46' title="bbox 717 4361 2151 4435; baseline 0.003 -20"><span class='ocrx_word' id='word_1_463' title='bbox 717 4377 769 4431; x_wconf 87' lang='lat' dir='ltr'><strong>pas</strong></span> <span class='ocrx_word' id='word_1_464' title='bbox 782 4367 923 4430; x_wconf 89' lang='lat' dir='ltr'><strong>spectatur</strong></span> <span class='ocrx_word' id='word_1_465' title='bbox 935 4377 989 4431; x_wconf 87' lang='lat' dir='ltr'><strong>quo</strong></span> <span class='ocrx_word' id='word_1_466' title='bbox 1002 4361 1187 4418; x_wconf 88' lang='lat' dir='ltr'><strong>contrabimus</strong></span> <span class='ocrx_word' id='word_1_467' title='bbox 1202 4364 1353 4428; x_wconf 75' lang='lat' dir='ltr'><strong>(scilicetD.</strong></span> <span class='ocrx_word' id='word_1_468' title='bbox 1363 4365 1407 4428; x_wconf 78' lang='lat'><strong>45,</strong></span> <span class='ocrx_word' id='word_1_469' title='bbox 1460 4363 1616 4431; x_wconf 86' lang='lat' dir='ltr'><strong>diligentia:</strong></span> <span class='ocrx_word' id='word_1_470' title='bbox 1636 4366 1717 4434; x_wconf 89' lang='lat' dir='ltr'><strong>culpa</strong></span> <span class='ocrx_word' id='word_1_471' title='bbox 1728 4385 1808 4435; x_wconf 83' lang='lat' dir='ltr'><strong>supra</strong></span> <span class='ocrx_word' id='word_1_472' title='bbox 1821 4373 1858 4420; x_wconf 84' lang='lat' dir='ltr'><strong>est</strong></span> <span class='ocrx_word' id='word_1_473' title='bbox 1874 4363 1999 4434; x_wconf 75' lang='grc' dir='ltr'>ριθγιιίι)</span> <span class='ocrx_word' id='word_1_474' title='bbox 2018 4363 2151 4425; x_wconf 78' lang='lat' dir='ltr'><strong>asarraiB</strong></span> 
     </span>
     <span class='ocr_line' id='line_1_47' title="bbox 718 4419 2151 4509; baseline 0.002 -23"><span class='ocrx_word' id='word_1_475' title='bbox 718 4434 743 4496; x_wconf 91' lang='lat'><strong>1,</strong></span> <span class='ocrx_word' id='word_1_476' title='bbox 754 4433 790 4486; x_wconf 84' lang='lat'><strong>78</strong></span> <span class='ocrx_word' id='word_1_477' title='bbox 800 4435 852 4504; x_wconf 74' lang='lat' dir='ltr'><strong>pr.)</strong></span> <span class='ocrx_word' id='word_1_478' title='bbox 864 4433 906 4487; x_wconf 66' lang='lat' dir='ltr'><strong>X*</strong></span> <span class='ocrx_word' id='word_1_479' title='bbox 922 4436 1010 4498; x_wconf 85' lang='lat' dir='ltr'><strong>(manu</strong></span> <span class='ocrx_word' id='word_1_480' title='bbox 1027 4453 1092 4488; x_wconf 81' lang='lat' dir='ltr'><strong>saec.</strong></span> <span class='ocrx_word' id='word_1_481' title='bbox 1106 4433 1194 4499; x_wconf 83' lang='lat' dir='ltr'><strong><em>XIV)</em></strong></span> <span class='ocrx_word' id='word_1_482' title='bbox 1212 4455 1242 4488; x_wconf 81' lang='lat' dir='ltr'><strong>rr</strong></span> <span class='ocrx_word' id='word_1_483' title='bbox 1259 4444 1322 4489; x_wconf 83' lang='lat' dir='ltr'><strong>meir</strong></span> <span class='ocrx_word' id='word_1_484' title='bbox 1338 4438 1407 4489; x_wconf 81' lang='lat' dir='ltr'><strong>sotor</strong></span> <span class='ocrx_word' id='word_1_485' title='bbox 1461 4435 1495 4489; x_wconf 91' lang='lat'><strong>18</strong></span> <span class='ocrx_word' id='word_1_486' title='bbox 1513 4436 1602 4504; x_wconf 77' lang='lat' dir='ltr'><strong>legem</strong></span> <span class='ocrx_word' id='word_1_487' title='bbox 1621 4437 1693 4490; x_wconf 80' lang='lat' dir='ltr'><strong>enim</strong></span> <span class='ocrx_word' id='word_1_488' title='bbox 1713 4442 1870 4490; x_wconf 77' lang='lat' dir='ltr'><strong>contractus</strong></span> <span class='ocrx_word' id='word_1_489' title='bbox 1889 4419 1977 4506; x_wconf 84' lang='lat' dir='ltr'><strong>dedit]</strong></span> <span class='ocrx_word' id='word_1_490' title='bbox 2000 4446 2076 4509; x_wconf 79' lang='lat' dir='ltr'><strong>quari</strong></span> <span class='ocrx_word' id='word_1_491' title='bbox 2092 4441 2151 4490; x_wconf 74' lang='lat' dir='ltr'><strong>arrd</strong></span> 
     </span>
     <span class='ocr_line' id='line_1_48' title="bbox 717 4503 2149 4578; baseline 0.001 -21"><span class='ocrx_word' id='word_1_492' title='bbox 717 4503 931 4572; x_wconf 81' lang='lat' dir='ltr'><strong>dinterpretatis</strong></span> <span class='ocrx_word' id='word_1_493' title='bbox 941 4504 1084 4574; x_wconf 87' lang='lat' dir='ltr'><strong>libertatis]</strong></span> <span class='ocrx_word' id='word_1_494' title='bbox 1094 4505 1216 4574; x_wconf 81' lang='lat' dir='ltr'><strong>ipaaaeia</strong></span> <span class='ocrx_word' id='word_1_495' title='bbox 1224 4503 1406 4578; x_wconf 73' lang='grc' dir='ltr'>ὲιεγιιρίιιΒ</span> <span class='ocrx_word' id='word_1_496' title='bbox 1460 4511 1585 4561; x_wconf 88' lang='lat' dir='ltr'><strong>naturam</strong></span> <span class='ocrx_word' id='word_1_497' title='bbox 1599 4507 1785 4562; x_wconf 86' lang='lat' dir='ltr'><strong>contractibus</strong></span> <span class='ocrx_word' id='word_1_498' title='bbox 1797 4507 1876 4562; x_wconf 90' lang='lat' dir='ltr'><strong>dedit</strong></span> <span class='ocrx_word' id='word_1_499' title='bbox 1887 4515 2014 4562; x_wconf 71' lang='lat' dir='ltr'><strong>uertitur:</strong></span> <span class='ocrx_word' id='word_1_500' title='bbox 2027 4509 2102 4570; x_wconf 75' lang='lat' dir='ltr'><strong>sicta</strong></span> <span class='ocrx_word' id='word_1_501' title='bbox 2114 4515 2149 4558; x_wconf 81' lang='lat' dir='ltr'><strong>sr-</strong></span> 
     </span>
     <span class='ocr_line' id='line_1_49' title="bbox 718 4574 2150 4648; baseline 0.001 -19"><span class='ocrx_word' id='word_1_502' title='bbox 718 4574 816 4644; x_wconf 82' lang='lat' dir='ltr'><strong>&#39;lnonl</strong></span> <span class='ocrx_word' id='word_1_503' title='bbox 836 4590 872 4630; x_wconf 91' lang='lat' dir='ltr'><strong>uo</strong></span> <span class='ocrx_word' id='word_1_504' title='bbox 890 4576 916 4628; x_wconf 87' lang='lat' dir='ltr'><em>F</em></span> <span class='ocrx_word' id='word_1_505' title='bbox 963 4575 1406 4646; x_wconf 72' lang='lat' dir='ltr'><strong>9nulla‘m&#39;oaditobligatisF‘:</strong></span> <span class='ocrx_word' id='word_1_506' title='bbox 1461 4577 1533 4632; x_wconf 76' lang='lat' dir='ltr'><strong>triac·</strong></span> <span class='ocrx_word' id='word_1_507' title='bbox 1553 4579 1609 4633; x_wconf 87' lang='lat' dir='ltr'><strong>roic</strong></span> <span class='ocrx_word' id='word_1_508' title='bbox 1627 4579 1830 4644; x_wconf 59' lang='lat' dir='ltr'><strong>tremiscens</strong></span> <span class='ocrx_word' id='word_1_509' title='bbox 1850 4579 1877 4632; x_wconf 87' lang='lat' dir='ltr'><em>B</em></span> <span class='ocrx_word' id='word_1_510' title='bbox 1941 4581 1977 4634; x_wconf 81' lang='lat'><strong>21</strong></span> <span class='ocrx_word' id='word_1_511' title='bbox 2000 4585 2150 4648; x_wconf 74' lang='lat' dir='ltr'><strong>monesque</strong></span> 
     </span>
     <span class='ocr_line' id='line_1_50' title="bbox 718 4643 2150 4720; baseline 0.005 -20"><span class='ocrx_word' id='word_1_512' title='bbox 718 4643 765 4706; x_wconf 79' lang='lat' dir='ltr'><strong>oia</strong></span> <span class='ocrx_word' id='word_1_513' title='bbox 775 4643 889 4714; x_wconf 76' lang='grc' dir='ltr'>ἰιὲχετιι</span> <span class='ocrx_word' id='word_1_514' title='bbox 900 4644 963 4707; x_wconf 77' lang='lat' dir='ltr'><strong>sisi</strong></span> <span class='ocrx_word' id='word_1_515' title='bbox 973 4645 1153 4716; x_wconf 83' lang='grc' dir='ltr'>ὲιιεχοιιοιεῖΒ</span> <span class='ocrx_word' id='word_1_516' title='bbox 1208 4651 1241 4702; x_wconf 87' lang='grc'><strong>10</strong></span> <span class='ocrx_word' id='word_1_517' title='bbox 1253 4648 1360 4704; x_wconf 53' lang='lat' dir='ltr'><strong>bootae</strong></span> <span class='ocrx_word' id='word_1_518' title='bbox 1371 4650 1408 4701; x_wconf 66' lang='lat' dir='ltr'><strong>F*</strong></span> <span class='ocrx_word' id='word_1_519' title='bbox 1461 4665 1533 4718; x_wconf 87' lang='lat' dir='ltr'><strong>qnae</strong></span> <span class='ocrx_word' id='word_1_520' title='bbox 1544 4653 1680 4720; x_wconf 85' lang='lat' dir='ltr'><strong>(quaeque</strong></span> <span class='ocrx_word' id='word_1_521' title='bbox 1693 4651 1730 4716; x_wconf 86' lang='lat' dir='ltr'><strong>F)</strong></span> <span class='ocrx_word' id='word_1_522' title='bbox 1745 4653 1804 4706; x_wconf 91' lang='lat' dir='ltr'><strong>siue</strong></span> <span class='ocrx_word' id='word_1_523' title='bbox 1823 4650 1906 4720; x_wconf 87' lang='lat' dir='ltr'><strong>culpa</strong></span> <span class='ocrx_word' id='word_1_524' title='bbox 1924 4651 2056 4706; x_wconf 88' lang='lat' dir='ltr'><strong>accidunt</strong></span> <span class='ocrx_word' id='word_1_525' title='bbox 2068 4657 2150 4712; x_wconf 73' lang='lat' dir='ltr'><strong>(acce</strong></span> 
     </span>
     <span class='ocr_line' id='line_1_51' title="bbox 718 4716 2150 4794; baseline 0.003 -22"><span class='ocrx_word' id='word_1_526' title='bbox 718 4719 752 4772; x_wconf 83' lang='lat' dir='ltr'><strong>ts</strong></span> <span class='ocrx_word' id='word_1_527' title='bbox 770 4716 888 4772; x_wconf 86' lang='lat' dir='ltr'><strong>iocatum</strong></span> <span class='ocrx_word' id='word_1_528' title='bbox 907 4719 973 4772; x_wconf 88' lang='lat' dir='ltr'><strong>item</strong></span> <span class='ocrx_word' id='word_1_529' title='bbox 991 4717 1064 4778; x_wconf 78' lang='lat' dir='ltr'><strong>dodo</strong></span> <span class='ocrx_word' id='word_1_530' title='bbox 1081 4719 1156 4774; x_wconf 87' lang='lat' dir='ltr'><strong>datio</strong></span> <span class='ocrx_word' id='word_1_531' title='bbox 1174 4721 1277 4774; x_wconf 89' lang='lat' dir='ltr'><strong>tutelae</strong></span> <span class='ocrx_word' id='word_1_532' title='bbox 1296 4721 1408 4790; x_wconf 91' lang='lat' dir='ltr'><strong>negotia</strong></span> <span class='ocrx_word' id='word_1_533' title='bbox 1461 4721 1530 4776; x_wconf 92' lang='lat' dir='ltr'><strong>dunt</strong></span> <span class='ocrx_word' id='word_1_534' title='bbox 1550 4721 1598 4790; x_wconf 82' lang='lat' dir='ltr'><strong>F)]</strong></span> <span class='ocrx_word' id='word_1_535' title='bbox 1618 4723 1674 4776; x_wconf 79' lang='lat' dir='ltr'><strong>edd.</strong></span> <span class='ocrx_word' id='word_1_536' title='bbox 1697 4743 1753 4777; x_wconf 79' lang='lat' dir='ltr'><strong>cnm</strong></span> <span class='ocrx_word' id='word_1_537' title='bbox 1774 4721 1898 4778; x_wconf 77' lang='lat' dir='ltr'><strong>Graecis:</strong></span> <span class='ocrx_word' id='word_1_538' title='bbox 1922 4721 1955 4775; x_wconf 76' lang='lat' dir='ltr'><strong>ri</strong></span> <span class='ocrx_word' id='word_1_539' title='bbox 1979 4721 2078 4794; x_wconf 67' lang='grc' dir='ltr'>ηχιιρὶ</span> <span class='ocrx_word' id='word_1_540' title='bbox 2098 4721 2150 4776; x_wconf 77' lang='lat' dir='ltr'><strong>rire</strong></span> 
     </span>
     <span class='ocr_line' id='line_1_52' title="bbox 619 4787 2149 4863; baseline 0.003 -21"><span class='ocrx_word' id='word_1_541' title='bbox 619 4793 625 4811; x_wconf 77' lang='lat'><em>&#39;</em></span> <span class='ocrx_word' id='word_1_542' title='bbox 717 4793 798 4857; x_wconf 79' lang='lat' dir='ltr'><strong>gesta</strong></span> <span class='ocrx_word' id='word_1_543' title='bbox 814 4787 842 4843; x_wconf 90' lang='lat' dir='ltr'><strong>iu</strong></span> <span class='ocrx_word' id='word_1_544' title='bbox 855 4788 897 4842; x_wconf 90' lang='lat' dir='ltr'><strong>his</strong></span> <span class='ocrx_word' id='word_1_545' title='bbox 909 4787 1019 4857; x_wconf 86' lang='lat' dir='ltr'><strong>quidem</strong></span> <span class='ocrx_word' id='word_1_546' title='bbox 1031 4792 1080 4855; x_wconf 85' lang='lat' dir='ltr'><strong>(ric</strong></span> <span class='ocrx_word' id='word_1_547' title='bbox 1094 4790 1236 4856; x_wconf 83' lang='lat' dir='ltr'><em>FXYMC)</em></span> <span class='ocrx_word' id='word_1_548' title='bbox 1249 4797 1278 4846; x_wconf 87' lang='lat' dir='ltr'><strong>et</strong></span> <span class='ocrx_word' id='word_1_549' title='bbox 1293 4792 1407 4862; x_wconf 79' lang='lat' dir='ltr'><strong>diliges·</strong></span> <span class='ocrx_word' id='word_1_550' title='bbox 1460 4791 1564 4858; x_wconf 67' lang='grc' dir='ltr'>ὶλὸῐωιι</span> <span class='ocrx_word' id='word_1_551' title='bbox 1578 4793 1617 4847; x_wconf 83' lang='grc' dir='ltr'><strong>ιιιὶ</strong></span> <span class='ocrx_word' id='word_1_552' title='bbox 1631 4791 1678 4848; x_wconf 76' lang='lat' dir='ltr'><strong>rba</strong></span> <span class='ocrx_word' id='word_1_553' title='bbox 1691 4793 1771 4863; x_wconf 79' lang='grc' dir='ltr'>χωρίι</span> <span class='ocrx_word' id='word_1_554' title='bbox 1784 4791 1911 4862; x_wconf 56' lang='lat' dir='ltr'><strong>preesse</strong></span> <span class='ocrx_word' id='word_1_555' title='bbox 1925 4793 2042 4850; x_wconf 70' lang='lat' dir='ltr'><strong>eisarna</strong></span> <span class='ocrx_word' id='word_1_556' title='bbox 2056 4793 2093 4848; x_wconf 76' lang='lat' dir='ltr'><strong>rai</strong></span> <span class='ocrx_word' id='word_1_557' title='bbox 2105 4791 2149 4848; x_wconf 83' lang='lat' dir='ltr'><strong>rria</strong></span> 
     </span>
     <span class='ocr_line' id='line_1_53' title="bbox 717 4859 2150 4936; baseline 0.003 -22"><span class='ocrx_word' id='word_1_558' title='bbox 717 4859 783 4914; x_wconf 86' lang='lat' dir='ltr'><strong>tiam</strong></span> <span class='ocrx_word' id='word_1_559' title='bbox 863 4860 895 4914; x_wconf 79' lang='lat'><strong>17</strong></span> <span class='ocrx_word' id='word_1_560' title='bbox 915 4859 1020 4930; x_wconf 82' lang='lat' dir='ltr'><strong>recipit]</strong></span> <span class='ocrx_word' id='word_1_561' title='bbox 1044 4861 1199 4916; x_wconf 81' lang='grc' dir='ltr'>ιιιιθώιεωι</span> <span class='ocrx_word' id='word_1_562' title='bbox 1222 4861 1407 4918; x_wconf 80' lang='grc' dir='ltr'>ὲκιιιιθώιεωι</span> <span class='ocrx_word' id='word_1_563' title='bbox 1460 4863 1545 4930; x_wconf 63' lang='lat' dir='ltr'><strong>sarria</strong></span> <span class='ocrx_word' id='word_1_564' title='bbox 1564 4865 1620 4918; x_wconf 77' lang='grc' dir='ltr'><strong>τῶι</strong></span> <span class='ocrx_word' id='word_1_565' title='bbox 1691 4863 1797 4925; x_wconf 78' lang='lat' dir='ltr'><strong>sciton</strong></span> <span class='ocrx_word' id='word_1_566' title='bbox 1815 4863 1843 4918; x_wconf 88' lang='grc' dir='ltr'><em>Β</em></span> <span class='ocrx_word' id='word_1_567' title='bbox 1897 4865 1934 4920; x_wconf 79' lang='lat'><strong>32</strong></span> <span class='ocrx_word' id='word_1_568' title='bbox 1953 4863 2092 4936; x_wconf 72' lang='lat' dir='ltr'><strong>wnuents&#39;]</strong></span> <span class='ocrx_word' id='word_1_569' title='bbox 2110 4863 2150 4928; x_wconf 69' lang='grc' dir='ltr'><strong>Ρ,</strong></span> 
     </span>
     <span class='ocr_line' id='line_1_54' title="bbox 717 4931 2150 5012; baseline 0.003 -27"><span class='ocrx_word' id='word_1_570' title='bbox 717 4933 761 4993; x_wconf 90' lang='lat'><strong>(=</strong></span> <span class='ocrx_word' id='word_1_571' title='bbox 778 4931 896 4988; x_wconf 89' lang='lat' dir='ltr'><strong>locatum</strong></span> <span class='ocrx_word' id='word_1_572' title='bbox 915 4931 1092 5000; x_wconf 85' lang='lat' dir='ltr'><strong>conductum)</strong></span> <span class='ocrx_word' id='word_1_573' title='bbox 1115 4932 1222 5002; x_wconf 79' lang='lat' dir='ltr'><strong>sporaic</strong></span> <span class='ocrx_word' id='word_1_574' title='bbox 1245 4935 1349 4990; x_wconf 80' lang='lat' dir='ltr'><strong>sdcemc</strong></span> <span class='ocrx_word' id='word_1_575' title='bbox 1367 4935 1405 4988; x_wconf 79' lang='lat' dir='ltr'><strong>asi</strong></span> <span class='ocrx_word' id='word_1_576' title='bbox 1460 4937 1642 4992; x_wconf 90' lang='lat' dir='ltr'><strong>conuentione</strong></span> <span class='ocrx_word' id='word_1_577' title='bbox 1654 4936 1690 4988; x_wconf 70' lang='grc' dir='ltr'><em>Ρ</em></span> <span class='ocrx_word' id='word_1_578' title='bbox 1729 4933 1935 4992; x_wconf 74' lang='lat' dir='ltr'><strong>attiniacense</strong></span> <span class='ocrx_word' id='word_1_579' title='bbox 1946 4937 1982 4991; x_wconf 87' lang='lat' dir='ltr'><strong>D.</strong></span> <span class='ocrx_word' id='word_1_580' title='bbox 1994 4935 2150 5012; x_wconf 62' lang='lat' dir='ltr'><strong>tyara-nte</strong></span> 
     </span>
     <span class='ocr_line' id='line_1_55' title="bbox 716 4999 2150 5080; baseline 0.006 -26"><span class='ocrx_word' id='word_1_581' title='bbox 716 4999 765 5057; x_wconf 78' lang='lat' dir='ltr'><strong>riis</strong></span> <span class='ocrx_word' id='word_1_582' title='bbox 782 5000 922 5076; x_wconf 77' lang='lat' dir='ltr'><strong>iurrponrit</strong></span> <span class='ocrx_word' id='word_1_583' title='bbox 945 5003 983 5058; x_wconf 79' lang='lat' dir='ltr'><strong>rai</strong></span> <span class='ocrx_word' id='word_1_584' title='bbox 1008 5004 1056 5058; x_wconf 78' lang='lat' dir='ltr'><strong>riso</strong></span> <span class='ocrx_word' id='word_1_585' title='bbox 1074 5005 1228 5062; x_wconf 75' lang='lat' dir='ltr'><strong>sroraiceoc</strong></span> <span class='ocrx_word' id='word_1_586' title='bbox 1251 5007 1306 5060; x_wconf 82' lang='grc' dir='ltr'><strong>τῶιι</strong></span> <span class='ocrx_word' id='word_1_587' title='bbox 1328 5005 1406 5062; x_wconf 76' lang='lat' dir='ltr'><strong>illo·</strong></span> <span class='ocrx_word' id='word_1_588' title='bbox 1460 5009 1495 5062; x_wconf 79' lang='lat'><strong>39</strong></span> <span class='ocrx_word' id='word_1_589' title='bbox 1518 5006 1588 5064; x_wconf 87' lang='lat' dir='ltr'><strong>libro</strong></span> <span class='ocrx_word' id='word_1_590' title='bbox 1610 5007 1770 5077; x_wconf 80' lang='lat' dir='ltr'><strong>trigessimo</strong></span> <span class='ocrx_word' id='word_1_591' title='bbox 1794 5008 1891 5076; x_wconf 82' lang='lat' dir='ltr'><strong>quinto</strong></span> <span class='ocrx_word' id='word_1_592' title='bbox 1915 5009 1954 5062; x_wconf 89' lang='lat' dir='ltr'><strong>D.</strong></span> <span class='ocrx_word' id='word_1_593' title='bbox 1972 5011 1989 5062; x_wconf 83' lang='lat'><strong>1.</strong></span> <span class='ocrx_word' id='word_1_594' title='bbox 2006 5029 2074 5080; x_wconf 75' lang='lat' dir='ltr'><strong>pera.</strong></span> <span class='ocrx_word' id='word_1_595' title='bbox 2090 5007 2150 5062; x_wconf 73' lang='lat' dir='ltr'><strong>nais</strong></span> 
     </span>
    </p>
   </div>
   <div class='ocr_carea' id='block_1_5' title="bbox 0 0 2284 5412">
    <p class='ocr_par' dir='ltr' id='par_1_22' title="bbox 0 0 2284 5412">
     <span class='ocr_line' id='line_1_56' title="bbox 0 0 2284 5412; baseline 0 0"><span class='ocrx_word' id='word_1_596' title='bbox 0 0 2284 5412; x_wconf 95' lang='lat' dir='ltr'><strong> </strong></span> 
     </span>
    </p>
   </div>
  </div>
 </body>
</html>
