3600 5460
54 269 372 320 mnumssroumus
726 243 813 324 423
1202 237 1328 320 'XXXX
1350 255 1367 319 1
1390 260 1488 316 7-16

54 411 115 467 eius
132 408 231 480 truse,
251 416 282 466 nt
299 426 376 481 eum,
394 411 442 480 qni
459 411 643 466 manumissus
662 415 748 480 esset,
767 411 872 481 legaret
889 426 1006 482 eumque
1024 426 1147 482 seruum,
1166 412 1294 482 quoniam
1311 413 1487 483 praelegatus
1598 473 1603 490 ,

54 515 111 556 non
129 507 211 569 esset,
230 504 338 558 mortuo
356 505 434 570 patre
451 499 593 555 ambomm
611 515 722 555 sarnum
740 497 833 556 fuisse.

109 589 284 644 Maecianus
306 587 376 644 libro
398 589 480 644 tertio
504 587 610 644 decimo
633 588 842 644 institutionum.
878 587 931 655 Qui
947 603 1053 658 poenae
1077 589 1150 644 serui
1168 587 1331 658 alliciuntur,
1351 583 1527 673 Q&

55 677 210 734 indubitate
228 679 419 732 manumittens
437 691 492 733 non
510 682 635 747 possunt,
653 677 718 746 quia
736 683 764 732 et
780 678 834 747 ipsi
846 677 919 733 serui
931 683 1003 733 sunt.
1031 676 1086 734 Sed
1104 693 1155 734 nec
1167 679 1206 733 rei
1225 679 1382 749 capitalium
1399 679 1488 733 crimi-

55 783 122 824 num
141 767 331 822 manumittere
349 781 445 822 seruos
462 782 527 821 suos
545 770 668 837 possunt,
687 769 719 820 ut
736 771 765 820 et
776 771 888 822 senatus
900 767 1015 822 censuit.
1042 767 1131 822 Diuus
1144 782 1252 837 quoque
1264 768 1329 822 Pius
1342 767 1488 838 Calpurnio
1506 779 1519 820 a

54 857 196 926 rescripsit
212 855 353 911 libertates
370 855 406 911 ab
424 871 465 925 eo,
484 857 531 926 qui
549 857 603 910 iam
622 856 683 924 lege
696 853 821 910 Cornelia
838 855 984 911 damnatus
1002 861 1077 910 esset
1093 857 1146 926 nel,
1165 871 1227 911 enm
1242 854 1364 912 futurum
1382 857 1487 926 prospi-

54 951 132 1001 ceret
149 951 180 1000 ut
196 945 385 1013 damnaretur,
410 945 497 1000 seruis
520 945 599 1000 datas
621 960 676 1000 non
694 950 857 1016 competere.
893 943 949 1000 Sed
972 959 1006 999 ne
1029 945 1139 1014 quidem
1157 946 1218 1002 illos
1236 945 1272 1001 ad
1290 945 1390 1001 iustam
1408 945 1488 1001 liber·

53 1039 142 1091 tatem
159 1035 302 1105 peruenire
320 1034 401 1091 diuus
419 1034 574 1090 Hadrianus
592 1034 744 1106 rescripsit,
768 1033 815 1104 qui
833 1033 895 1090 ideo
919 1034 1079 1089 manumissi
1096 1040 1175 1106 sunt,
1198 1041 1230 1090 ut
1252 1034 1358 1090 crimini
1381 1033 1487 1090 subtra-

54 1125 193 1181 herentur.
1507 1139 1520 1178 a

109 1215 229 1270 Psunus
251 1212 321 1268 libro
343 1213 475 1283 singulari
497 1213 660 1282 regularum.
697 1211 800 1268 Seruus
818 1210 870 1267 bac
887 1213 949 1281 lege
967 1211 1110 1283 uenditus,
1134 1227 1169 1268 na
1187 1214 1330 1269 manumit-
1350 1210 1487 1295 [ῆι-ᾗῇ
1505 1209 1545 1298 ‘sf

54 1307 144 1372 tatur,
167 1304 212 1358 uel
230 1305 395 1357 testamento
417 1300 571 1372 prohibitus
594 1301 761 1370 manumitti,
784 1302 829 1356 uel
846 1317 864 1356 a
881 1299 1021 1372 praelecto
1039 1303 1084 1358 uel
1102 1319 1119 1358 a
1136 1302 1262 1372 praeside
1280 1290 1487 1374 prohitri—tus'o‘b

54 1391 167 1464 aliquod
186 1391 316 1447 delictum
334 1391 489 1446 manumitti
507 1391 543 1446 ad
559 1389 712 1446 libertatem
730 1390 844 1460 perduoi
861 1405 916 1446 non
934 1396 1033 1461 potest.

108 1483 188 1538 luunt
204 1481 385 1551 imperialium
403 1481 599 1536 sententiarum
612 1481 640 1536 in
652 1479 853 1548 cognitionibus
865 1481 1031 1550 prolatarum
1049 1495 1083 1535 ex
1094 1479 1170 1536 libris
1182 1496 1232 1537 sex
1243 1480 1312 1538 libro
1330 1477 1487 1568 [a‘rffl
1508 1489 1534 1543 Α

55 1569 187 1627 meando.
222 1570 355 1625 Aelianus
379 1568 487 1625 debitor
510 1568 611 1625 fiscalis
628 1569 815 1637 Euemerillam
838 1569 962 1624 ancillam
987 1571 1051 1624 ante
1075 1585 1161 1626 annos
1183 1572 1284 1626 multos
1308 1576 1413 1627 emerat
1436 1571 1487 1628 hac
1504 1580 1577 1627 talo

54 1662 125 1732 lege,
144 1665 176 1716 ut
194 1660 404 1729 manumitteret,
422 1673 539 1728 eamque
557 1659 764 1714 manumiserat:
782 1661 1015 1728 procuratoreum
1028 1657 1101 1713 bona
1113 1657 1244 1715 debitoris
1255 1674 1311 1716 non
1323 1659 1488 1716 sufficientia
1508 1674 1535 1714 rs

55 1754 208 1821 quaereret,
227 1749 309 1804 etiam
329 1747 490 1803 Euemeriae
507 1753 596 1803 status
614 1748 802 1817 quaestionem
820 1746 948 1803 faciebat.
972 1747 1076 1817 placuit
1087 1761 1141 1802 non
1154 1761 1216 1803 esse
1228 1749 1280 1804 iuri
1291 1747 1377 1805 fiscali
1387 1750 1487 1821 locam,

56 1855 109 1910 quo
128 1839 221 1894 omnia
238 1838 311 1893 bona
329 1835 483 1892 debitorum
501 1838 560 1892 iure
578 1837 700 1908 pignoris
717 1841 888 1906 tenerentur,
911 1835 976 1905 quia
999 1851 1032 1890 ea
1049 1837 1111 1905 lege
1129 1841 1223 1907 empta
1242 1843 1298 1908 est,
1324 1843 1366 1909 et,
1391 1839 1414 1895 si
1432 1853 1487 1895 non

56 1929 303 1997 manumitteretur,
322 1942 356 1981 cx
374 1926 568 1982 constitutione
586 1925 643 1981 diui
660 1926 744 1981 Marci
762 1925 798 1982 ad
814 1925 968 1982 libertatem
987 1925 1150 1996 perueniret

107 2018 187 2073 lnam
209 2016 279 2072 libro
303 2017 493 2085 sexagensimo
518 2019 615 2084 quarto
639 2015 674 2070 ad
698 2015 826 2071 edictum.
863 2013 993 2085 Seruum,
1017 2015 1064 2085 qui
1082 2014 1134 2071 sub
1152 2015 1312 2073 condicione
1330 2011 1486 2101 [ffiffi
1504 2027 1531 2082 Ε

57 2107 164 2178 legatus
182 2111 233 2176 est,
252 2106 360 2161 interim
379 2106 458 2161 heres
476 2103 692 2160 manumittendo
710 2104 824 2160 liberum
843 2119 898 2159 non
916 2101 991 2158 lacit.
1344 2093 1486 2102 Ἦ
1506 2122 1535 2161 so

107 2197 186 2252 lunas
204 2195 273 2251 libro
292 2194 537 2266 quinquagensimo
556 2193 592 2248 ad
609 2193 738 2248 edictum.
769 2195 843 2264 Lege
861 2192 949 2249 Fabia
965 2192 1125 2264 prohibetur
1142 2207 1247 2264 seruus,
1266 2195 1313 2264 qui
1330 2189 1487 2279 [Q
1505 2206 1531 2260 Ε

58 2287 177 2357 plagium
196 2285 321 2356 admisit,
344 2301 394 2354 pro
413 2298 468 2354 qno
485 2283 611 2339 dominus
628 2298 745 2353 poenam
763 2283 867 2354 intulit,
891 2284 964 2338 intra
982 2281 1076 2338 decem
1095 2298 1182 2339 annos
1199 2284 1361 2340 manumitti.
1388 2285 1417 2340 in
1434 2283 1487 2341 hoc

58 2381 148 2432 amen
165 2391 221 2430 uon
239 2375 396 2430 tastamenti
413 2372 480 2429 lacti
497 2379 615 2442 tempus,
633 2372 682 2428 sed
700 2373 795 2428 mortis
812 2371 987 2428 intuebimur.

107 2465 281 2521 Ponrourus
297 2463 367 2519 libro
385 2464 472 2533 primo
491 2478 526 2518 ex
544 2463 659 2518 Plautio.
689 2461 791 2517 Seruus
808 2460 903 2517 furiosi
922 2461 957 2518 ab
975 2461 1095 2533 adgnato
1114 2466 1238 2524 curatore
1256 2478 1312 2518 ma·
1330 2457 1487 2547 [Q
1506 2473 1533 2526 Ε

60 2554 166 2609 nnmitti
183 2567 239 2608 non
256 2558 361 2624 potest,
384 2553 449 2622 quia
471 2553 499 2607 in
522 2551 755 2607 administratione
773 2552 929 2622 patrimonii
953 2553 1130 2608 manumissio
1148 2567 1203 2607 non
1222 2557 1272 2607 est.
1300 2553 1323 2607 si
1342 2558 1434 2608 autem
1452 2567 1487 2608 ex
1506 2570 1534 2609 su

60 2642 261 2699 fideicommissi
278 2657 363 2696 causa
381 2641 494 2696 deberet
511 2640 664 2696 libertatem
683 2639 814 2710 furiosus,
839 2639 1017 2697 dubitationis
1039 2641 1176 2697 tollendae
1199 2657 1284 2697 eausa
1307 2641 1343 2698 ab
1367 2641 1488 2713 adgnato

60 2732 219 2789 uadendum
238 2746 358 2801 sernum,
377 2737 408 2785 nt
426 2730 461 2786 ab
479 2746 513 2786 eo
531 2731 576 2786 cui
593 2730 710 2786 traditus
728 2736 803 2786 esset
821 2731 1036 2801 manumittatur,
1055 2730 1211 2788 Octauenus
1229 2732 1275 2787 ait.

107 2823 229 2878 Faunus
250 2819 320 2874 libro
338 2825 417 2874 sexto
439 2819 546 2876 decimo
571 2819 606 2875 ad
624 2819 769 2875 Plautiam.
805 2819 889 2890 Apud
907 2835 983 2892 eum,
1008 2821 1052 2876 eui
1073 2837 1123 2891 par
1145 2821 1289 2891 imperium
1312 2825 1368 2892 est,
1393 2821 1533 2878 manu-E

61 2913 165 2967 mittere
183 2925 238 2966 non
256 2923 419 2980 possumus:
438 2909 487 2964 sed
505 2913 615 2980 praetor
632 2908 706 2980 apud
724 2910 864 2966 consulem
883 2910 1074 2966 manumittere
1092 2913 1192 2982 potest.
1225 2911 1313 2980 lmpe·
1346 2906 1489 2978 Ιῖῑῐιζῖζ

60 3007 130 3058 rator
147 3017 211 3056 onrn
230 3015 340 3055 sernum
359 2999 539 3069 manumittit,
563 3014 618 3054 non
641 2997 790 3055 uindictam
815 3000 942 3070 imponit,
968 2999 1017 3056 red
1040 3015 1103 3055 cum
1125 2999 1224 3070 uoluit,
1248 2997 1281 3055 fit
1302 2999 1371 3057 liber
1394 2987 1488 3073 is—qui
1507 3018 1535 3058 ao

60 3090 257 3148 manumittitur
274 3103 309 3143 ex
327 3089 388 3157 lege
406 3087 534 3157 Augusti.
1078 3097 1082 3103 ·

106 3181 290 3236 nascamus
308 3177 376 3232 libro
395 3177 546 3232 uicensimo
563 3177 644 3232 tertio
662 3176 839 3247 digestorum.
874 3177 970 3233 Mortis
988 3192 1073 3232 eausa
1090 3191 1199 3232 seruum
1217 3193 1312 3234 manu·
1330 3173 1487 3262 [1338ssOE
1504 3191 1532 3244 Ε

59 3270 125 3326 mitti
143 3283 227 3340 posse
245 3281 299 3322 non
318 3271 361 3322 est
378 3265 568 3321 dubitandum.
596 3266 670 3335 quod
691 3281 745 3322 non
769 3267 808 3322 ita
830 3265 880 3322 tibi
903 3265 1115 3334 intellegendum
1140 3271 1195 3336 est,
1220 3272 1252 3322 ut
1264 3267 1313 3322 'ita
1334 3256 1488 3325 iffi

58 3359 195 3426 iubeatur,
218 3361 263 3426 ut,
287 3357 311 3411 si
329 3355 499 3412 conuulnerit
517 3355 656 3425 dominus,
678 3371 733 3411 non
755 3353 805 3411 fiat
821 3355 903 3426 liber,
928 3355 977 3410 sed
995 3355 1224 3426 quemadmodum
1243 3356 1267 3412 si
1284 3356 1407 3412 uindicta
1423 3373 1486 3414 eum

56 3448 183 3504 liberaret
201 3446 339 3516 absolute,
358 3446 463 3501 seilicet
480 3445 545 3515 quia
562 3445 721 3500 moriturum
740 3459 770 3500 so
789 3449 882 3514 putet,
900 3459 973 3500 mors
991 3445 1051 3499 eius
1068 3443 1295 3515 exspectabituri,
1319 3445 1442 3502 similiter
1459 3451 1488 3504 et
1506 3462 1534 3504 ee

56 3537 152 3594 iubae
170 3537 263 3607 speeie
280 3537 309 3590 in
326 3539 478 3590 extremum
496 3539 606 3604 tempus
624 3534 830 3589 manumissoris
848 3533 921 3588 ultae
940 3531 1078 3588 confertur
1095 3532 1220 3604 libertas,
1245 3534 1361 3591 durante
1384 3537 1489 3593 scilieet

56 3629 178 3697 (propter
196 3625 293 3680 mortis
310 3639 411 3680 causae
428 3624 541 3679 tacitam
559 3622 757 3690 condicionem)
776 3623 916 3679 uoluntate
934 3623 1153 3679 manumissoris:
1177 3623 1406 3694 quemadmodum
1425 3641 1487 3682 oum

55 3731 111 3772 rem
129 3715 170 3771 its
186 3714 339 3784 tradiderit,
357 3717 389 3769 nt
405 3713 538 3768 moriente
556 3727 589 3768 eo
607 3709 686 3768 tieret
703 3712 871 3783 accipientis,
889 3712 979 3782 quae²
991 3713 1030 3768 ita
1042 3711 1152 3768 demum
1171 3713 1312 3784 alienator,
1331 3715 1355 3770 si
1372 3715 1488 3773 donator

55 3805 82 3860 in
99 3804 199 3860 eadem
217 3803 397 3874 permanserit
413 3803 564 3858 uoluntate.
1506 3822 1535 3863 ,9

105 3893 301 3950 Monnsrnrus
318 3892 387 3949 libro
404 3892 492 3963 primo
511 3891 674 3962 regularum.
702 3889 732 3946 Si
744 3891 932 3946 consentiente
942 3895 1021 3961 patre
1037 3889 1110 3946 lilius
1128 3891 1216 3948 minor
1233 3893 1312 3949 anuis
1344 3905 1487 3979 Q
1504 3905 1533 3960 Ε

56 4015 274 4088 rfflzlloc)

1170 4147 1487 4158 Ἥ

54 4217 64 4253 ¹
83 4213 236 4272 meracius
254 4211 458 4284 exspectabitur
476 4215 522 4268 det
540 4213 576 4283 (u.
589 4215 617 4280 ι’.)
687 4213 700 4247 ¹
718 4227 789 4284 quae
808 4215 854 4269 del.

53 4413 183 4468 semer
200 4411 239 4464 Ρ)
301 4411 334 4466 10
355 4409 496 4480 singulari
519 4409 683 4478 regularum
707 4411 745 4464 F’
798 4409 886 4474 ΑῨτοῨ,
906 4408 994 4472 uiroc
1012 4409 1051 4464 καὶ
1069 4409 1099 4466 aa
1117 4411 1204 4480 τοῨτφ
1224 4411 1262 4480 τῷ
1281 4411 1369 4468 staec
1383 4413 1421 4469 εἷο
1438 4411 1486 4468 rba

54 4485 88 4539 13
106 4485 122 4536 l.
137 4483 173 4537 10
183 4489 316 4537 contiueat
326 4481 515 4536 antecedeatiF
557 4482 590 4536 15
609 4479 744 4536 sufficien·
798 4482 1487 4554 ἒεχιτοιιχρόιιοιιιιιετωΐιοτοῨΔειιιὸτογιιιτιφὲ·

52 4553 137 4609 tia'm'
157 4552 194 4605 F‘
258 4554 291 4608 16
314 4553 504 4623 quaestionum
528 4553 563 4606 li
584 4555 589 4618 Ι
609 4553 690 4608 iuri's'
709 4551 745 4606 F*
799 4573 867 4627 perat
887 4552 1019 4625 tlerdepia
1033 4555 1080 4608 BS
1091 4556 1189 4621 (Dora).
1216 4563 1324 4627 apparet
1337 4556 1487 4613 Marcellum

53 4629 87 4682 21
107 4624 185 4680 lauis
197 4625 223 4677 F
270 4625 305 4680 tt
323 4623 358 4679 ab
377 4625 500 4695 adgnato
517 4630 643 4680 curatore
661 4641 686 4679 m
706 4625 745 4680 bis
798 4645 949 4698 comparare
960 4635 1181 4680 manumissionem
1184 4630 1288 4697 sactum
1301 4648 1318 4682 a
1330 4637 1452 4684 moriente
1464 4638 1488 4684 et

52 4699 91 4752 F·
112 4701 117 4764 Ι
137 4694 326 4752 manumitt‘o'i
345 4697 381 4750 F*
435 4696 471 4750 28
487 4695 546 4766 par]
566 4692 621 4762 Pi,
643 4711 692 4766 per
709 4697 745 4750 F¹
798 4706 1019 4752 manumissionem
1037 4705 1127 4752 nrorlia
1146 4717 1224 4752 ecura
1241 4701 1284 4772 (cf.
1298 4699 1340 4764 39,
1352 4701 1377 4764 6,
1389 4701 1431 4764 42,
1448 4702 1487 4767 il:

52 4767 331 4824 domanumitlitf'
364 4767 696 4836 Msedquemadmodum
799 4777 827 4824 at
845 4770 893 4824 Ιιοσι
909 4787 996 4822 uerum
1014 4787 1065 4822 mom
1083 4776 1120 4822 est
1139 4776 1164 4822 in
1184 4773 1227 4824 illu
1241 4777 1488 4842 mortemerpecturi

52 4839 223 4908 Stillbertas]
237 4838 424 4895 aderatis-aem:
437 4840 475 4894 sai
490 4839 578 4908 decep
591 4839 613 4893 ei
625 4839 747 4894 uindicta
798 4842 834 4895 35
852 4839 1062 4909 exspectabatur
1080 4840 1115 4893 F¹
1168 4842 1203 4896 36
1221 4839 1432 4896 d‘antur'uranta
1450 4841 1486 4895 F¹

53 4912 135 4975 ΔῨιὸιι
146 4911 328 4980 ιἰλεγθὲρωεειι
337 4909 542 4974 incastraturae
553 4910 607 4965 enei
621 4911 651 4965 t'e
660 4911 746 4982 [immo
799 4913 832 4967 37
846 4912 941 4967 mortis
953 4911 1062 4978 causae]
1077 4920 1151 4982 quusi
1162 4915 1285 4984 legeretur
1297 4915 1391 4968 mortis
1403 4929 1488 4968 causa

54 4983 141 5054 usiae
154 5002 203 5055 pro
214 4981 268 5036 ἒιιεὶ
282 4981 312 5036 t'e
321 4981 479 5052 similitemrr]
491 4982 539 5037 ricc
551 4983 647 5038 oiseiuo
655 4994 745 5046 τελεγ-
799 4983 962 5053 donationis,
975 4992 1052 5039 uertit
1062 4984 1226 5038 Demoleos:
1238 4983 1279 5038 tra
1291 4984 1340 5038 rita
1353 4985 1486 5056 armaspis

53 5053 267 5111 rricduecrrdruc
279 5053 367 5120 ιιῩιοῨ,
380 5054 746 5126 asprataouearimrelsrrr'm
800 5056 895 5126 siparia
913 5055 961 5110 tric
979 5055 1069 5128 adprrc
1087 5055 1168 5118 aeica
1185 5055 1290 5127 tarpeis
1307 5055 1354 5110 RS
