3584 5454
77 297 124 344 ur
146 267 443 378 nensesnrorunns
576 297 579 304 ·
749 267 836 348 699
1188 273 1512 342 XXXXV128-1t

76 439 172 491 tamen
190 431 294 506 siquis
312 434 457 504 stipuletur
474 431 548 503 quod
566 431 632 487 mibi
650 429 779 502 debetur,
803 429 893 486 aufert
909 430 977 487 mibi
994 433 1143 503 actionem,
1167 433 1220 488 nisi
1238 448 1273 489 ex
1291 434 1432 490 uoluntate
1450 447 1514 490 mea

79 524 238 595 stipuletur:
256 522 355 578 liberat
373 528 466 578 autem
484 537 529 577 me
547 522 571 577 is
589 521 635 591 qui
654 520 728 590 quod
746 519 834 576 debeo
852 521 994 591 promittit,
1012 523 1120 578 etiarnsi
1137 523 1230 578 nolim.

36 614 58 674 9
132 613 210 668 Ionas
231 611 301 668 libro
324 611 553 682 quadragensimo
577 610 694 680 septimo
716 609 752 665 ad
777 608 917 665 Sabinum.
962 609 992 666 Si
1018 612 1138 682 pupillus
1165 613 1224 667 sine
1250 611 1349 667 tutoris
1376 607 1513 697 Q
1531 613 1553 670 S

78 701 242 757 auetoritete
260 717 318 756 rem
337 702 442 756 saluam
460 697 519 755 iore
537 700 684 770 stipulatus
702 697 790 769 pubes
807 697 896 754 iaetus
914 703 1002 754 ratam
1027 701 1230 770 stipulationem
1249 700 1377 756 babuerit
1393 703 1515 758 nouandi

79 805 172 860 eausa,
190 791 294 846 tollitur
311 791 414 845 tutelae
432 790 513 844 aetio.
542 789 565 843 si
584 803 638 844 non
656 787 784 843 babuerit
801 793 899 857 ratum,
917 788 982 844 lieet
998 790 1102 845 tutelae
1120 791 1237 860 egisset,
1255 789 1339 846 babet
1355 796 1448 847 tamen
1465 791 1513 848 ad·
1531 797 1545 841 e

78 880 134 937 bne
152 895 186 935 er
204 880 337 949 stipulatu
356 879 507 933 sotionem:
530 877 580 933 sed
601 875 685 932 iudex
709 878 812 933 tutelae
836 892 891 932 non
909 877 989 932 aliter
1011 878 1193 934 condemnare
1216 877 1312 950 debet,
1336 893 1418 949 quam
1436 882 1461 937 si
1479 897 1515 937 ex

43 981 56 1025 1
78 969 256 1040 stipulatione
273 967 398 1023 liberatio
415 964 503 1022 beret.
539 965 591 1033 Qui
609 965 661 1022 sub
679 966 838 1022 eondieione
857 967 1016 1037 stipulatur,
1041 983 1112 1038 quae
1130 967 1286 1025 omnimodo
1303 974 1445 1025 exstatura
1462 975 1514 1042 est,

43 1068 60 1115 2
78 1073 148 1130 pure
165 1058 276 1114 uidetur
293 1056 426 1128 stipulari.
464 1055 516 1121 Qui
533 1061 625 1111 aetum
643 1056 803 1126 stipulatur,
827 1054 927 1110 deinde
944 1056 1010 1126 iter,
1034 1055 1100 1112 nihil
1118 1058 1188 1128 agit:
1212 1057 1279 1112 item
1297 1072 1377 1114 usum
1395 1057 1514 1116 duetum

79 1148 227 1218 stipulatus
246 1148 270 1202 si
287 1161 367 1202 usum
387 1145 546 1215 stipuletur,
570 1143 636 1200 nibil
654 1145 720 1215 agit
747 1144 797 1200 sed
815 1145 863 1215 qui
880 1145 932 1200 lter
955 1145 1102 1216 stipulatus
1125 1152 1217 1202 aetum
1242 1151 1340 1218 postea
1361 1147 1514 1222 stipuletur,

78 1237 154 1293 aliud
172 1236 261 1306 magis
279 1235 440 1305 stipulatur:
459 1233 534 1289 aliud
552 1233 685 1289 est'enim
702 1234 762 1305 iter,
781 1233 855 1289 uliud
874 1238 961 1290 aetus.
1533 1246 1561 1288 ro

22 1325 61 1384 lO
132 1326 251 1382 Pennus
273 1323 343 1380 libro
366 1322 512 1379 undeeimo
536 1323 573 1378 ad
591 1321 731 1378 Sabinum.
769 1321 820 1380 Oui
838 1327 912 1378 reete
936 1323 1064 1392 soluitur,
1088 1323 1113 1378 is
1135 1324 1218 1380 etiam
1237 1339 1340 1381 nouare
1357 1319 1553 1412 QS

77 1419 186 1487 potest,
204 1417 320 1483 exeepto
339 1425 388 1483 eo,
407 1413 431 1468 sl
449 1411 514 1467 mibi
533 1415 582 1467 aut
598 1411 672 1468 Titio
690 1411 837 1482 stipulatus
854 1411 920 1468 sim:
944 1427 1008 1468 nam
1026 1411 1117 1468 ‘litius
1134 1429 1237 1470 nouare
1255 1429 1311 1471 uon
1328 1421 1433 1486 petest,
1450 1415 1515 1473 lieet

78 1509 154 1561 reete
172 1504 198 1559 ei
215 1502 339 1558 soluitur.

22 1594 59 1651 ll
132 1591 283 1650 Unrmnos
300 1589 370 1646 libro
387 1589 538 1646 uieensimo
556 1589 674 1660 septime
693 1588 729 1644 ad
742 1587 870 1644 edietum.
897 1589 1034 1660 Delegare
1052 1593 1096 1645 est
1107 1589 1168 1646 uiee
1186 1605 1238 1646 sua
1254 1591 1338 1648 alium
1357 1587 1514 1679 Q
1532 1595 1553 1651 S

44 1693 59 1739 1
79 1697 156 1738 reum
175 1682 241 1737 dare
259 1679 387 1736 eruditori
405 1679 449 1735 uel
468 1680 512 1734 eui
529 1679 648 1735 iusserit
684 1677 730 1734 Fit
753 1681 846 1733 autem
869 1676 1007 1749 delegatio
1030 1679 1075 1734 uel
1099 1693 1149 1760 per
1172 1681 1376 1752 stipulationem
1399 1683 1444 1738 uel
1464 1697 1515 1753 per
1533 1691 1562 1733 ιδ

79 1772 135 1828 litis
153 1770 390 1827 contestationem.

22 1861 61 1920 [2
134 1859 277 1930 {Plutus
294 1851 364 1914 libro
381 1856 542 1928 trigensime
559 1855 647 1926 primo
665 1854 702 1910 ad
719 1853 849 1910 edietum.
883 1853 913 1912 Si
931 1856 992 1926 quis
1010 1855 1057 1912 de·
1075 1851 1554 1944 ΜΒ
1582 1865 1600 1913 l.
1611 1861 1663 1914 tlt'

79 1949 216 2020 legauerit
232 1948 398 2017 debitorem,
422 1947 469 2016 qui
487 1945 543 2000 doli
561 1946 624 2000 mali
643 1945 805 2015 exeeptione
822 1945 893 2000 tueri
912 1959 942 2000 se
959 1960 1042 2015 posse
1060 1945 1179 2016 solebat,
1204 1947 1314 2003 similis¹
1334 1946 1474 2004 uidebitur
1489 1949 1515 2004 ei

79 2039 127 2110 qui
144 2038 238 2108 donat,
256 2037 385 2108 quoniam
403 2035 542 2090 remittere
561 2035 750 2105 exeeptionem
769 2032 886 2090 uidetur.
914 2033 964 2089 sed
983 2035 1006 2090 si
1024 2047 1074 2104 per
1092 2035 1273 2105 ignorantiam
1285 2037 1440 2107 promiserit
1458 2051 1515 2092 ere·

80 2127 176 2198 ditoni,
199 2127 274 2182 nulla
290 2125 402 2197 quidam
421 2124 582 2195 exeeptione
601 2123 734 2179 aduersus
752 2122 914 2179 creditorem
937 2124 979 2179 uti
1001 2124 1116 2194 poterit,
1140 2125 1206 2194 quia
1227 2125 1272 2180 ille
1294 2141 1375 2181 suum
1398 2127 1514 2197 reeepit:
1533 2137 1562 2178 ro

79 2217 131 2273 sed
148 2217 238 2287 isqui
256 2215 395 2285 delegauit
412 2218 521 2270 tenetur
539 2213 710 2270 eondietione
728 2213 772 2268 uel
790 2213 896 2282 ineerti‚
915 2213 938 2268 si
956 2214 1028 2268 non²
1039 2213 1157 2283 poeonia
1173 2213 1265 2269 soluta
1282 2220 1364 2286 enset,
1382 2216 1427 2271 uel
1438 2215 1515 2287 oerti,

79 2307 104 2363 si
122 2307 213 2362 soluta
230 2309 313 2375 esset,
332 2311 361 2360 et
378 2302 450 2373 ideo,
468 2319 530 2358 eum
548 2303 608 2374 ipse
625 2301 794 2372 praestiterit
810 2303 965 2373 paeoniam,
986 2307 1053 2372 aget
1069 2301 1191 2358 mandati
1208 2301 1319 2359 iudleie.

22 2397 63 2456 13
134 2395 285 2452 Unemuos
301 2392 371 2449 libro
388 2393 549 2463 trigemino
568 2397 667 2448 oetaeo
685 2391 720 2446 ad
739 2391 869 2448 edietum.
905 2389 1007 2448 Sinon
1026 2389 1178 2475 debitorem
1195 2393 1276 2462 quasi
1292 2391 1339 2448 de·
1357 2387 1554 2478 ffls

79 2484 197 2541 bitorem
215 2484 380 2554 delegauero
398 2481 525 2538 oreditori
542 2495 613 2552 meo,
631 2480 758 2552 exeeptio
775 2481 864 2537 loeum
883 2495 938 2536 nou
955 2479 1076 2552 habebit,
1094 2481 1145 2537 sed
1157 2481 1294 2538 eondietio
1305 2481 1440 2539 muamus
1452 2497 1514 2539 aum

80 2575 128 2646 qui
145 2573 286 2644 delegauit
302 2571 442 2642 eompetit.
1533 2581 1562 2624 ao

24 2663 63 2725 14
133 2663 211 2718 luant
234 2661 303 2718 libro
326 2661 443 2732 septimo
467 2659 693 2730 disputationum.
730 2658 861 2726 Quotiens
879 2659 952 2730 quod
976 2673 1044 2730 pure
1067 2657 1195 2731 debetur,
1217 2659 1339 2716 nouandi
1356 2654 1555 2745 [ΜΗ

80 2767 166 2808 musa
183 2750 235 2806 sub
253 2749 413 2807 eondieione
430 2749 612 2820 premittitur,
637 2763 692 2804 non
710 2749 803 2805 statim
821 2747 853 2804 fit
870 2749 995 2819 uenatio,
1013 2747 1063 2804 sed
1080 2754 1147 2805 tune
1164 2748 1289 2819 demum,
1308 2764 1371 2805 eum
1389 2749 1514 2806 eondieio

80 2842 211 2898 extiterit
239 2845 268 2896 et
284 2839 347 2896 ideo
365 2840 389 2895 si
407 2837 477 2896 iorte
496 2837 606 2894 Stiobus
629 2836 711 2894 luerit
733 2839 761 2893 in
784 2837 952 2909 obligatione
975 2843 1004 2894 et
1026 2837 1163 2911 pendente
1180 2838 1340 2896 eondieiene
1357 2839 1515 2908 deeeaeerit,

81 2945 133 2987 nee
150 2931 262 2987 bonade
281 2929 430 2999 eontinget,
450 2928 587 2998 quianon
604 2925 702 2983 subest
719 2943 763 2984 ree
781 2941 815 2984 oo
833 2933 965 2999 tempore,
983 2943 1038 2999 quo
1056 2927 1180 2984 eondieio
1198 2929 1335 3000 impletur.
1361 2927 1434 2984 unde
1445 2927 1516 2984 llar-

81 3019 167 3076 eallne
190 3023 220 3074 et
242 3019 265 3074 si
288 3023 352 3089 post
375 3032 478 3074 moram
498 3015 608 3073 Stiebus
631 3017 660 3072 in
684 3016 899 3074 eondieiorialsrn
921 3017 1115 3087 obligationem
1134 3015 1181 3073 de·
1213 3029 1242 3076 et.
1255 3029 1515 3086 elvenstedte
1534 3029 1563 3071 ao

48 3121 61 3167 1
80 3109 182 3165 duetus
200 3109 244 3179 sit,
261 3107 374 3179 purgari
391 3122 496 3163 moram
514 3121 565 3162 nee
583 3107 611 3162 in
629 3111 790 3177 sequentem
808 3106 908 3162 deduoi
926 3105 1122 3177 obligationem
1139 3111 1227 3177 putat
1258 3105 1314 3162 Sed
1329 3107 1354 3161 si
1370 3107 1445 3176 quod
1463 3106 1516 3164 sub

80 3197 242 3254 eondieioue
260 3197 389 3267 debetur,
412 3211 480 3267 pure
499 3196 561 3265 quie
578 3196 699 3252 nouandi
716 3211 801 3252 eausa
819 3197 978 3267 stipuletur,
1002 3209 1054 3252 nee
1077 3210 1150 3251 nune
1172 3195 1283 3265 quidem
1306 3195 1399 3252 abtim
1421 3201 1515 3267 nouat,

80 3288 146 3344 lieet
163 3303 233 3358 pura
250 3286 390 3356 stipulatio
414 3285 516 3356 aliquid
541 3285 632 3356 egisse
654 3285 792 3356 uideatur,
819 3285 869 3341 sed
892 3289 958 3340 tune
981 3283 1107 3355 nouabit,
1131 3299 1193 3340 eom
1218 3283 1354 3340 exstiterit
1377 3283 1515 3341 eondieio:
1613 3337 1620 3354 ,

80 3377 183 3432 etenim
201 3375 326 3430 existens
341 3373 465 3430 eondieio
482 3365 597 3444 primam
616 3375 819 3444 stipulationem
832 3373 979 3430 oommittit
990 3373 1218 3444 eommissamqus
1230 3374 1259 3429 in
1270 3373 1416 3430 seeundum
1428 3379 1516 3430 baus-

80 3464 143 3522 iert
170 3470 200 3520 et
216 3463 279 3520 ideo
297 3464 321 3519 si
338 3462 409 3519 forte
426 3477 545 3534 persona
562 3464 734 3533 promissoris
758 3463 895 3534 pendente
913 3462 1073 3520 eondieione
1090 3461 1174 3519 luerit
1191 3463 1348 3534 deportata,
1371 3463 1516 3520 Mareellus
1534 3472 1563 3516 as

81 3554 177 3611 sonbit
194 3567 229 3609 ne
247 3551 358 3624 quidem
375 3553 511 3608 existente
529 3551 689 3608 eondieione
707 3553 790 3608 ullam
807 3553 966 3624 eontingere
984 3551 1173 3624 uenationem,
1196 3552 1324 3623 quoniam
1342 3567 1429 3624 nune,
1452 3568 1515 3609 oum

82 3644 175 3701 extitit
191 3642 325 3712 eondieie,
343 3657 398 3698 non
416 3646 459 3697 est
476 3657 594 3712 persona
611 3656 682 3711 quae
701 3641 846 3712 obligetur.

27 3735 65 3794 lb
135 3733 278 3790 Imus
303 3731 373 3787 libro
395 3731 477 3787 tertio
500 3731 608 3787 deeimo
630 3731 808 3801 digestorum.
850 3729 880 3787 Si
907 3730 1025 3787 ereditur
1050 3745 1168 3802 poem
1195 3730 1341 3801 stipulatus
1359 3727 1516 3816 [istest-,To
1534 3735 1556 3791 S

82 3821 182 3892 iuerat,
200 3823 224 3878 si
242 3821 278 3877 ad
295 3820 368 3876 diem
386 3821 504 3891 paeonia
521 3821 612 3876 soluta
629 3835 683 3877 nou
702 3824 784 3890 osset,
805 3820 953 3876 uenatione
969 3818 1044 3876 faeta
1061 3833 1116 3876 non
1134 3819 1313 3876 oommittitur
1330 3807 1515 3892 sepelitio-

27 3913 65 3972 16
135 3913 345 3968 Romanius
371 3909 441 3966 libro
463 3915 562 3967 oetauo
586 3910 796 3966 institutionum.
838 3907 941 3965 Serum
966 3923 1018 3965 nee
1044 3909 1208 3980 pmuliarem
1231 3909 1343 3980 quidem
1360 3905 1517 3996 [Q
1534 3914 1575 3987 Ss

82 4001 278 4073 obligationem
296 4001 366 4056 eitra
383 4000 553 4056 uoluntatem
571 3999 675 4055 domini
693 4013 795 4055 nouare
813 4003 917 4070 potest,
941 3998 991 4054 sed
1009 3997 1094 4055 adieit
1110 4000 1202 4069 potius
1220 3997 1415 4070 obligationem
1433 4017 1515 4072 quam
1534 4009 1561 4051 er

82 4091 225 4164 pristinam
243 4094 336 4146 nouat.

28 4181 66 4241 17
138 4179 290 4236 liberantes
312 4177 382 4235 libro
407 4181 506 4234 oetauo
529 4177 565 4233 ad
589 4177 719 4234 edietum.
755 4178 891 4249 Delegsrs
909 4177 1045 4250 scriptura
1062 4179 1107 4234 uel
1124 4183 1207 4250 nutu,
1225 4177 1273 4235 ubi
1290 4175 1343 4234 iari
1359 4173 1516 4266 Q
1533 4181 1562 4237 E

83 4285 140 4327 non
157 4274 258 4341 potest,
277 4267 429 4325 debitorem
447 4281 526 4324 suum
546 4267 607 4338 quis
624 4271 724 4338 potest

83 4367 278 4438 samoe)

84 4515 94 4550 ¹
114 4513 139 4568 is
157 4521 205 4568 im.
275 4509 446 4566 ¹nendum?

84 4644 188 4717 lquod
201 4643 318 4701 miebiF
348 4645 383 4700 10
395 4641 531 4699 uiuum*
546 4643 552 4713 Ι
567 4643 772 4714 stipulamurffl
826 4651 965 4700 alerenen
980 4662 1056 4716 posse
1074 4651 1196 4716 apparet:
1215 4650 1244 4698 at
1260 4651 1288 4698 tu
1306 4663 1336 4698 ea
1352 4663 1383 4699 ne
1399 4645 1517 4710 sollicito,

85 4719 121 4775 12
139 4717 200 4788 sim]
214 4717 298 4772 siaiu
347 4717 380 4771 li
394 4715 491 4786 siquis
554 4715 714 4784 18seiebat]
727 4714 773 4769 'eil
826 4717 872 4771 sed
890 4718 1002 4788 intellege
1026 4735 1081 4770 eam
1105 4723 1150 4788 qui
1172 4716 1297 4788 delegarit
1318 4715 1455 4771 debitorem
1472 4735 1516 4772 ea·

85 4789 101 4845 b
120 4789 256 4856 rrsdscsmu
269 4788 337 4859 ἓχεικ
349 4785 518 4858 uepsrpseirs
531 4785 588 4841 ἄγετ’
602 4787 683 4851 itaer
695 4787 774 4850 ‘tuet-
827 4794 941 4858 ceptione
952 4789 1088 4863 desursum,
1105 4805 1162 4841 oum
1174 4788 1373 4859 tpeefideiasaer
1384 4794 1425 4852 tit,
1444 4806 1516 4842 mua·

85 4871 168 4926 essee
192 4860 259 4932 bobr]
284 4861 311 4916 B
332 4861 442 4926 (Aaou)
513 4859 546 4913 21
570 4859 730 4914 eondieioue
755 4860 781 4912 F
828 4858 884 4912 deti
901 4878 977 4930 opere
993 4877 1069 4932 posse
1086 4877 1115 4913 eo
1133 4877 1202 4922 euos,
1221 4877 1270 4930 quo
1283 4859 1396 4930 delegate
1408 4859 1518 4913 debitori

84 4935 122 4990 ab
144 4937 173 4988 et
195 4931 259 4988 ideo
329 4929 452 4987 mandati
472 4929 583 5000 iudidio]
608 4932 646 4985 rai
671 4929 775 5001 (ἒχειὸ
824 4938 960 5001 pecuniam
978 4932 1011 4985 ab
1028 4931 1203 5002 ipaoaoiutem
1213 4935 1372 5001 preaemertt
1422 4929 1517 4984 tede

86 5005 189 5076 seeeic)
206 5003 254 5058 reis
272 5000 776 5072 iuirspsaabtreriseeprialdirinon.)
828 5000 927 5056 duobis
1000 5001 1034 5056 31
1053 5000 1248 5070 obligationem
1271 4999 1367 5056 ΜΡ
1422 4999 1458 5056 34
1474 5015 1517 5056 se·

87 5095 152 5152 quae
170 5083 346 5149 interpretatio
363 5083 388 5130 aa·
404 5094 468 5132 uera
482 5081 552 5140 met,
570 5074 649 5130 uerbo
667 5079 696 5130 et
712 5073 776 5130 ideo
829 5072 920 5128 cunda
937 5073 963 5128 F
1009 5073 1044 5130 37
1063 5079 1152 5144 quive
1169 5071 1209 5126 F³

701 5221 940 5341 §mm-5⁴4⁴

22 5367 130 5451 m
707 5349 893 5452 *oxfouo
958 5397 970 5452 Ι,

675 5292 698 5345 ,
