3644 5460
250 249 624 336 XXXX11163-26
880 255 883 272 ¹
925 243 1014 325 544
1349 257 1351 262 '
1391 196 1393 204 ‹
1434 269 1482 318 ns
1506 269 1683 318 conensem

250 407 360 478 patitur,
378 406 440 463 ideo
459 411 570 478 propter
587 408 729 464 soienttsm
748 406 961 479 praesortptione
978 405 1018 463 rei
1036 407 1163 477 quamuis
1174 395 1246 463 inter
1257 407 1326 464 aiios
1338 407 1475 465 indioatae
1488 414 1684 479 summonetnr,

251 497 316 567 quia
333 512 368 553 ex
385 493 527 552 noluntste
545 497 604 552 eius
622 497 657 553 ds
675 498 742 568 iure,
761 497 834 568 quod
852 511 887 552 ex
904 509 1023 568 persona
1041 497 1148 568 agente
1167 496 1270 568 habuit,
1288 497 1439 554 indicatum
1458 503 1510 554 est.
1537 513 1603 553 nam
1621 503 1649 554 ιι
1662 499 1685 554 si

249 585 364 642 libertus
387 599 464 641 meus
487 599 532 640 me
554 587 753 642 interueniente
777 601 874 642 seruus
892 586 937 642 uei
954 583 1069 641 libertus
1086 586 1198 642 atterius
1215 586 1365 658 induetur,
1389 585 1454 643 mihi
1471 588 1684 658 praeiudioutur.

251 675 361 730 diuersa
378 689 462 730 eausa
479 679 536 745 est,
558 676 580 730 si
599 673 713 732 fundum
732 680 796 733 ate
813 675 902 732 Titius
921 675 1044 746 petierit,
1062 689 1143 746 quem
1161 691 1214 746 ego
1232 689 1354 747 quoque,
1373 676 1423 732 sed
1440 691 1497 732 non
1515 691 1551 732 ex
1569 691 1687 747 persona

250 763 316 820 ‘titii
333 763 368 820 ad
386 777 430 820 me
447 763 583 834 pertinere
601 764 678 821 diem
701 781 764 820 nam
782 764 910 836 quamuis
928 769 1024 820 ιοιιιιι
1040 764 1144 821 Titium
1163 781 1207 821 me
1225 765 1328 822 soiente
1345 765 1495 822 iudiostum
1515 767 1563 836 sit,
1583 766 1716 821 nnltnms

250 858 344 910 temen
360 852 556 924 praeiuditium
575 853 677 924 patior,
702 853 767 924 quin
784 869 873 926 neque
891 867 927 910 ex
944 868 978 909 eo
995 853 1069 924 iure,
1088 869 1143 925 quo
1159 855 1250 911 Titine
1268 856 1358 911 niotus
1376 859 1433 925 est,
1451 853 1579 926 uindioo,
1597 869 1686 925 neque

250 943 327 1015 potui
345 943 418 998 Tido
436 942 615 1012 intercedere,
633 957 688 1014 qno
706 943 796 998 minus
815 945 873 1000 inre
892 957 942 1000 suo
960 947 1061 1014 etatum,
1081 943 1161 1000 sieuti
1179 944 1260 1000 etde
1279 943 1412 1000 oohereds
1430 943 1663 1014 supradiximus.

194 1030 232 1089 ot
304 1031 462 1087 Sossuone
479 1031 548 1087 libro
567 1031 717 1088 uicensimo
736 1033 832 1104 quinto
846 1032 1023 1103 digestomm.
1051 1033 1104 1088 Ne·
1122 1023 1537 1117 &Taenrffrssnfflpn
1559 1041 1685 1102 s.9',e,et
1704 1039 1727 1094 A

250 1121 386 1190 gotiornm
405 1125 543 1190 gestorum
563 1121 760 1178 condemnatus
777 1121 927 1193 appellauit
944 1125 973 1177 et
990 1119 1037 1176 diu
1055 1123 1195 1192 negotium
1208 1125 1326 1176 traotnm
1341 1126 1397 1177 est:
1415 1124 1572 1193 quaesitum
1585 1127 1687 1192 estere

250 1210 397 1280 perlatione
414 1209 474 1266 etus
492 1210 594 1266 iniuste
609 1211 795 1282 pronuntiata,
817 1227 859 1281 an,
879 1225 934 1281 quo
951 1210 1057 1266 tardius
1074 1211 1224 1266 iudioatum
1242 1211 1287 1280 sit,
1306 1225 1405 1268 usurae
1422 1212 1558 1282 peouniae
1575 1212 1604 1267 in
1624 1227 1686 1267 eon·
1705 1222 1731 1262 ro

250 1297 408 1354 demnatum
427 1297 578 1355 deduotee¹
598 1299 680 1355 medii
697 1300 829 1372 temporis
847 1298 1007 1356 debeantur.
1035 1301 1177 1372 respondit
1192 1300 1342 1357 seeundum
1355 1315 1389 1357 ea
1400 1315 1472 1372 quae
1483 1301 1689 1372 proponentur’

250 1386 370 1444 dandam
388 1387 482 1444 utilem
502 1388 646 1446 sotionem.

718 1679 756 1758 ιι
794 1677 859 1756 DE
888 1545 1137 1758 CObbbESSIS
1178 1679 1216 1758 tt
1702 1695 1746 1750 es

215 1839 231 1895 1
293 1815 423 1888 Ῥιιιιιιι
445 1830 515 1888 libro
537 1831 782 1903 quinquegenstmo
800 1839 880 1891 sexto
898 1835 934 1890 sd
952 1835 1081 1892 edietum.
1119 1831 1268 1892 merosus
1285 1846 1335 1914 pro
1353 1831 1475 1890 iudicato
1493 1839 1545 1904 ιιι,
1564 1829 1687 1920 Q
1705 1839 1743 1894 E·

194 1959 195 1962 ,
252 1921 315 1992 qui·
332 1920 534 1992 quodammodo
552 1935 603 1976 suu
621 1923 758 1979 sententis
775 1923 928 1980 demnatum.
1705 1933 1731 1974 ιι

214 2015 233 2074 2
305 2009 455 2066 Uurmuns
476 2009 547 2066 libro
569 2009 815 2082 quinquagensimo
838 2017 937 2070 οιιιιιο
955 2013 991 2068 nd
1010 2013 1138 2070 edietum.
1175 2012 1236 2070 Non
1253 2009 1356 2068 fatetur
1373 2013 1419 2083 qui
1437 2007 1573 2096 [maun
1590 2017 1729 2086 snaed

251 2104 332 2170 errat,
350 2099 403 2155 nisi
420 2099 464 2155 ius
481 2099 626 2170 ignorauit.

214 2192 234 2251 3
304 2189 423 2245 Pronus
445 2187 514 2246 lrbro
537 2203 609 2246 nono
632 2189 668 2245 ed
690 2190 835 2248 Plautium.
878 2191 998 2247 Iulianus
1022 2192 1060 2247 ait
1084 2189 1239 2248 noniessnm
1264 2195 1368 2246 eertum
1393 2203 1424 2245 se
1444 2187 1547 2246 debere
1566 2185 1729 2276 fflfl

250 2277 372 2348 legatum
393 2278 550 2334 omnimodo
568 2278 767 2350 damnandum,
791 2281 873 2336 etiam
891 2280 916 2336 si
933 2281 961 2336 in
980 2293 1069 2335 rerum
1088 2283 1186 2336 natura
1204 2295 1259 2336 non
1276 2278 1374 2335 fuisset
1391 2283 1420 2335 et
1436 2279 1460 2334 si
1479 2279 1534 2334 iam
1553 2295 1571 2335 a
1588 2283 1689 2336 nature
1705 2291 1730 2330 ao

251 2368 378 2438 recessit,
404 2367 444 2424 ita
469 2371 575 2440 tamem
602 2371 634 2424 ut
659 2369 687 2425 in
713 2369 931 2426 aestimationem
957 2369 1017 2425 eins
1043 2367 1201 2426 damnetur:
1228 2369 1294 2440 qnia
1320 2365 1463 2424 eoniessus
1490 2383 1541 2440 pro
1563 2368 1687 2426 iudicato

251 2455 375 2512 habetur.

212 2549 233 2608 4
304 2545 381 2602 Iners
404 2542 473 2600 libro
497 2545 593 2616 quinto
615 2545 721 2603 deoimo
740 2545 775 2603 ed
793 2547 937 2604 Plautium.
975 2544 1005 2601 Si
1022 2546 1060 2616 is,
1085 2561 1147 2602 enm
1165 2561 1220 2617 quo
1237 2546 1299 2617 iege
1317 2545 1428 2617 Aquilia
1446 2547 1545 2617 agitur,
1565 2543 1688 2632 Q
1704 2551 1742 2623 iis

252 2633 395 2691 uonieasus
411 2639 456 2690 est
472 2649 583 2691 seruum
601 2635 749 2707 umidiore,
772 2636 836 2692 linet
851 2651 907 2716 non
925 2635 1068 2704 ooetderit,
1089 2636 1113 2691 st
1131 2641 1223 2692 tamen
1242 2637 1349 2692 oeoisua
1367 2636 1403 2692 sit
1420 2635 1517 2707 homo,
1535 2651 1572 2692 ex
1592 2639 1603 2706 1]
1623 2653 1688 2694 eon·
1704 2639 1769 2691 tur

251 2722 326 2780 tesso
342 2727 460 2780 tenetur.
1705 2736 1730 2779 re

214 2815 233 2875 5
304 2812 455 2870 ommam
477 2811 547 2869 libro
572 2813 722 2870 nioensimo
746 2813 863 2884 septimo
885 2811 920 2870 ed
938 2811 1066 2870 edietum.
1103 2812 1155 2881 Qui
1173 2812 1295 2870 Stichum
1314 2813 1415 2870 debere
1433 2829 1463 2871 ee
1482 2830 1546 2870 oon·
1565 2811 1689 2900 Q
1704 2820 1723 2875 S

251 2899 342 2958 sessus
365 2907 420 2973 est,
446 2901 505 2958 siue
528 2905 652 2960 mortuus
672 2903 726 2959 iam
745 2901 855 2960 Stiohus
877 2907 937 2959 erut
956 2903 1017 2960 siue
1033 2907 1098 2974 post
1114 2903 1169 2960 titis
1187 2903 1414 2960 oonteststionem
1433 2904 1599 2975 deoesserit,
1624 2920 1688 2962 eon-

251 2989 423 3047 demnandue
441 2994 493 3047 est.

214 3081 234 3140 e
305 3081 455 3138 Umnms
477 3079 546 3137 libro
568 3080 663 3151 quinto
686 3079 721 3136 de
745 3079 872 3137 omnibns
893 3079 1082 3138 tribnnslibns.
1114 3081 1230 3139 'Certum
1249 3081 1391 3139 confessus
1408 3097 1459 3154 pro
1477 3081 1547 3138 indi·
1565 3077 1688 3168 W
1707 3089 1726 3143 S

219 3181 232 3228 1
252 3175 314 3227 osto
332 3171 391 3240 erit,
409 3171 542 3226 incertum
560 3169 693 3227 nouerit
721 3168 750 3227 Si
768 3170 829 3241 quis
847 3171 981 3227 ineertnm
999 3169 1162 3228 oontiteatur
1177 3173 1223 3228 uel
1240 3187 1341 3243 eorpus
1358 3171 1396 3227 sit
1406 3169 1550 3228 oontessus
1563 3159 1688 3228 Stiohum
1706 3184 1733 3225 so

252 3261 296 3316 uei
314 3258 428 3316 fundum
446 3259 513 3316 dare
531 3274 561 3316 se
579 3261 730 3330 oporteret
754 3260 866 3330 urgueri
883 3259 978 3331 debet,
1002 3265 1035 3317 nt
1052 3265 1156 3317 eertum
1174 3258 1350 3316 eonfiteatur:
1368 3261 1434 3318 item
1453 3263 1544 3332 eum⁸‚
1562 3261 1611 3332 qni
1629 3275 1688 3318 rem

219 3347 395 3407 teoniessns
418 3351 475 3420 est,
500 3355 531 3405 ut
554 3353 657 3405 sertam
680 3349 862 3420 quantitatem
885 3347 1012 3406 fateatur.
1049 3348 1105 3407 Sed
1128 3353 1158 3406 et
1179 3350 1203 3405 si
1225 3347 1341 3406 mudum
1358 3350 1494 3407 uindioem
1513 3365 1606 3406 meum
1626 3365 1689 3408 oeae

253 3443 337 3509 tuque
361 3436 503 3495 euniessus
526 3439 577 3510 sis,
600 3438 714 3510 perinde
737 3437 894 3508 habeberis,
919 3443 1003 3510 atque
1023 3439 1047 3495 si
1065 3439 1177 3496 dominii
1196 3437 1381 3495 metiundum
1399 3453 1461 3496 esse
1479 3439 1689 3510 pronuntiatum

252 3531 334 3584 esset.
361 3531 391 3584 et
408 3528 432 3583 si
450 3528 504 3584 ntia
521 3541 694 3599 quecumque
712 3527 820 3584 notione
838 3529 911 3584 oiniti
929 3529 974 3584 uel
991 3527 1136 3585 honoraria
1152 3529 1197 3585 nel
1214 3528 1360 3585 interdicto
1375 3527 1538 3584 exhibitorio
1550 3529 1595 3584 nel
1609 3530 1689 3585 renti·

252 3617 353 3674 tutorio
370 3617 415 3673 net
433 3617 611 3688 prohibitorio
628 3617 693 3672 dum
712 3617 773 3687 quie
791 3617 967 3688 unquentum,
992 3615 1166 3689 ιοιιιιιιιιιι,
1188 3617 1243 3673 diei
1259 3622 1353 3689 potest
1369 3618 1398 3674 in
1415 3617 1458 3674 bis
1471 3617 1604 3674 omnibus
1623 3617 1689 3675 sub-
1708 3633 1737 3676 ιι

252 3706 329 3776 sequi
353 3710 506 3778 praetorem
524 3707 695 3763 uoluntatem
712 3707 844 3762 orationis
861 3705 920 3762 diui
937 3707 1022 3764 ttaroi
1039 3706 1139 3764 debere
1157 3711 1186 3763 et
1203 3721 1284 3764 omne
1300 3707 1424 3778 omnino,
1448 3703 1522 3778 qnod
1541 3707 1604 3778 quis
1623 3721 1690 3765 eon·

250 3793 341 3852 iesous
359 3799 409 3865 est,
427 3809 478 3866 pro
495 3795 616 3852 iudicato
634 3795 744 3852 habere.
775 3793 885 3852 dabitur
902 3795 986 3867 igitur
1003 3811 1039 3852 ex
1056 3795 1098 3853 hie
1116 3796 1283 3868 notionibus,
1301 3795 1453 3867 exquibus
1471 3795 1531 3852 diss
1549 3795 1635 3852 datur
1653 3797 1690 3853 ad

251 3883 447 3941 restituendem
466 3899 532 3956 rem,
551 3883 677 3942 ooniesso
695 3890 805 3956 templu
823 3884 859 3940 ad
877 3885 1077 3942 restitutionem
1095 3891 1132 3957 et,
1150 3886 1174 3942 si
1189 3899 1244 3942 non
1255 3886 1421 3956 restituatur,
1439 3885 1473 3941 lis
1486 3885 1689 3944 aestimabitur.

219 3981 233 4026 e
251 3972 281 4030 st
298 3973 360 4044 quis
378 3973 493 4030 absente
511 3973 669 4031 ιιιιιιιιιιιο
687 3973 830 4030 ooniessus
848 3975 899 4044 sit,
917 3973 1075 4046 uidendum,
1093 3974 1225 4046 numquid
1242 3989 1297 4030 non
1314 3972 1416 4030 debeat
1432 3988 1483 4045 pro
1498 3973 1623 4032 iudiosto
1641 3975 1690 4032 ba·

250 4061 325 4134 bert,
348 4063 413 4134 quia
435 4077 487 4120 neo
509 4064 555 4135 qui
577 4064 649 4119 iurat
666 4063 702 4120 de
719 4063 835 4134 openst,
860 4063 998 4134 obligetur
1015 4077 1066 4120 nee
1084 4065 1172 4121 soleat
1190 4063 1251 4136 quis
1270 4061 1377 4120 absenti
1394 4063 1579 4120 condemnari.
1611 4069 1691 4122 uerte
1708 4079 1739 4122 se

219 4159 464 4223 tormentorum,
481 4157 600 4210 tutorem
618 4155 809 4210 onratorsmue
826 4157 998 4223 praeeuntem
1017 4167 1079 4209 esse
1097 4151 1207 4208 suffieit
1234 4151 1290 4208 Sed
1307 4167 1345 4208 an
1361 4156 1390 4208 et
1406 4153 1483 4225 ipsos
1493 4161 1691 4226 proomstores

219 4241 297 4297 nuel
313 4245 418 4298 tutores
436 4243 480 4298 nel
498 4248 638 4300 ouratores
655 4240 737 4299 fateri
755 4239 883 4312 suffieiat,
902 4241 1059 4298 uideamus:
1077 4246 1106 4298 et
1120 4256 1174 4298 non
1186 4245 1254 4312 puto
1265 4237 1400 4298 suffioere.
1427 4243 1459 4298 In
1471 4243 1575 4314 pupilio
1585 4245 1691 4302 tutoris

251 4338 444 4408 rmruoo)

254 4483 262 4516 ¹
281 4477 414 4536 Seaeuois
431 4479 487 4537 tv
505 4495 706 4567 mqponsorum.
734 4479 910 4550 Negotiomm
929 4483 1024 4550 gestor
1036 4481 1080 4566 uel
1093 4485 1167 4536 tutor
1179 4479 1223 4536 uei
1237 4485 1346 4568 onrstor
1358 4478 1497 4536 bonafide
1509 4481 1690 4568 equdemnati

251 4551 1112 4695 utitur*qt12⁶trstrtir0ttur2ututur
1124 4555 1182 4678 tt
1191 4551 1382 4693 ttrite?
1392 4565 1495 4679 iii?
1507 4559 1690 4682 miii*

251 4639 384 4750 bgbleutur’
396 4665 461 4749 tu't.
471 4715 537 4767 qum.
608 4693 620 4730 ⁸
637 4695 703 4766 quis
721 4693 819 4760 (edati
874 4663 900 4728 '⁴
919 4694 963 4748 uel
975 4709 1075 4765 eorpus
1093 4701 1130 4751 ιιι
1142 4693 1285 4751 confessus
1298 4643 1478 4752 Sfichumyuel
1490 4641 1605 4752 t'undmbJ
1619 4641 1690 4754 dffi,

251 4780 282 4822 se
299 4771 425 4836 oportere
443 4765 490 4820 det.
560 4767 652 4820 ‘eum
671 4767 718 4821 det
788 4763 931 4820 ‘absente
949 4770 1066 4837 patrono
1086 4776 1133 4822 tm.

252 4895 537 4954 1ιιιιιιιοί1ἰιιιιι
581 4899 709 4968 epodon]
722 4895 842 4955 iatorffl
858 4899 863 4966 Ι
878 4897 938 4954 uin·
991 4901 1028 4953 pr
1049 4901 1054 4968 1
1075 4899 1228 4971 habeberis]
1253 4899 1379 4958 habesne
1402 4899 1439 4954 ι’
1497 4901 1534 4958 38
1557 4903 1689 4960 aestima·

251 4967 339 5026 dio'i'o
352 4969 388 5024 Fi
433 4969 467 5025 14
478 4965 616 5026 eonienais
627 4971 712 5025 tadi?
752 4969 935 5040 itulpianusl
991 4972 1065 5029 uitur
1083 4973 1118 5026 ΡΙ
1173 4973 1208 5028 39
1226 4969 1327 5031 habere
1345 4973 1371 5026 F

251 5041 297 5108 ι’,
314 5039 387 5098 idem
407 5041 582 5112 F²1quintol
601 5057 619 5096 u
636 5041 670 5094 ι’
724 5043 759 5098 33
777 5040 938 5099 mutusne*
