3480 5460
92 293 352 344 nmmum
760 267 847 349 235
1200 273 1335 342 xxxvl
1357 279 1373 341 1
1399 281 1513 340 re-es

92 432 198 502 defient,
217 438 283 503 post
299 433 519 504 deportationem
537 446 603 488 uero
622 435 780 502 suseepter¹
799 429 878 502 qnasi
890 432 925 488 ab
938 433 991 490 alio
1003 448 1057 488 non
1068 432 1208 503 prodesse,
1227 434 1345 490 maxiem
1357 449 1419 489 eum
1431 435 1514 490 etiarn

90 521 155 578 hona
177 537 240 578 suns
258 537 312 578 sna
329 521 532 592 quodammodo
550 535 634 577 eause
651 519 719 577 fiseo
738 522 793 576 sint
810 521 984 578 uindicanda.
1021 521 1051 576 Si
1068 523 1129 592 quis
1143 527 1260 592 ,rogatus
1278 521 1361 579 inerit
1377 521 1439 580 tiliis
1457 523 1515 580 suis

88 612 128 666 nei
148 613 193 667 eui
212 627 249 667 ex
266 611 310 666 his
328 613 448 668 noluerit
464 611 608 666 restituere
625 609 818 680 hereditatem,
841 611 1010 681 Papinianus
1026 610 1096 668 libro
1114 616 1213 667 oetano
1230 625 1270 666 re·
1288 608 1515 698 Q

86 715 244 771 mororum
263 702 347 758 etiam
364 701 509 771 deportato
526 700 552 754 ei
569 699 665 756 tribuit
682 698 802 768 eligendi
818 697 985 770 inunitatem,
1004 699 1049 755 oui
1066 699 1134 756 iiber
1150 699 1257 756 ιιοιιιι1
1274 701 1515 758 fideicommissum

86 791 189 848 restitui
206 791 284 847 uelit
315 791 364 847 sed
382 791 406 846 si
423 805 518 846 sernas
535 803 641 860 pesum
659 787 743 844 merit
760 789 938 860 eonstitntns‚
957 789 1030 846 nolle
1050 793 1113 844 ante
1131 795 1264 860 oonoepto
1281 789 1337 847 filio
1354 791 1410 846 iam
1427 787 1515 876 Q
1534 805 1547 847 s

84 895 178 952 parere
195 879 351 936 eondiuioni
368 895 423 936 non
440 879 542 950 poterit
558 877 766 947 deesssisseque
784 879 843 934 sine
854 877 947 934 liberis
958 877 1075 934 uidetur.
1099 878 1167 934 σοι·
1181 882 1261 936 eum*
1273 880 1391 950 desedit,
1409 881 1514 938 eleotio·

85 985 141 1025 narr
157 969 244 1040 illam,
262 985 344 1041 quam
362 969 528 1040 Papinianus
546 968 690 1037 deportato
708 967 793 1038 dedit,
812 967 876 1024 huie
893 968 953 1024 dari
970 983 1025 1024 nou
1043 972 1158 1038 oportet.
1186 967 1216 1024 Si
1233 971 1295 1039 quis
1312 975 1405 1026 auteur
1423 985 1514 1026 susee-

84 1061 152 1130 perit
168 1059 284 1130 quidem
300 1057 395 1128 filium,
413 1073 509 1114 nerum
521 1057 602 1113 uiuos
615 1056 746 1124 amiserit,
764 1056 902 1113 uidebitur
912 1057 972 1112 sine
984 1055 1076 1112 liberis
1088 1056 1249 1116 decessisse.
1275 1058 1325 1114 sed
1337 1059 1361 1114 si
1372 1057 1515 1129 umhagio

85 1149 126 1204 uei
142 1149 225 1204 ruins
242 1149 289 1203 nel
307 1147 439 1217 mgremn
457 1147 502 1202 uel
519 1161 575 1216 quo
593 1146 646 1202 alio
665 1145 746 1202 modo
765 1145 845 1202 simui
863 1162 925 1202 eum
944 1149 1021 1216 patre
1039 1147 1162 1218 perierit,
1181 1163 1216 1204 en
1234 1147 1358 1204 eondieio
1376 1147 1515 1220 deieeerit,

85 1237 235 1294 uideamus
269 1243 299 1292 et
321 1237 411 1306 magis
433 1251 489 1292 uon
505 1233 641 1290 deieeime
659 1233 787 1305 arbitror,
812 1237 948 1305 quianon
967 1239 1122 1290 estuerum
1140 1233 1226 1292 filiurn
1244 1237 1303 1292 eius
1321 1238 1514 1308 superuixisss.
1535 1249 1562 1289 ro

87 1327 234 1396 tetigitur
252 1323 324 1382 iilius
341 1325 493 1396 superuixit
510 1325 582 1395 patu·
599 1329 629 1380 et
645 1324 762 1380 extinxit
779 1324 966 1380 eondieionem
984 1322 1202 1394 fideicommissi,
1226 1329 1274 1380 aut
1291 1340 1346 1382 non
1364 1327 1518 1398 supenrixit

88 1421 113 1470 et
128 1415 222 1471 utilit
238 1415 376 1472 conditio:
396 1429 458 1470 enm
477 1419 582 1484 autem,
601 1413 663 1484 quis
681 1418 745 1468 ante
763 1415 870 1484 etquis
888 1417 985 1483 postea
1002 1414 1160 1484 decesserit,
1178 1429 1233 1470 non
1251 1420 1374 1486 apparet,
1392 1416 1515 1472 extitisse

16 1529 55 1576 g
90 1504 272 1562 eondieionem
290 1502 492 1560 hdeieommissi
510 1504 598 1572 magis
616 1501 761 1558 dieendum
780 1507 831 1558 est.
860 1501 889 1558 Si
901 1502 962 1573 quis
974 1501 1264 1560 italideioommiseum
1277 1505 1429 1574 reliquerit:
1444 1503 1516 1560 'fidei

92 1592 169 1664 'trae,
186 1593 240 1666 rili,
259 1594 409 1664 oommitto,
428 1596 467 1662 ut,
486 1593 510 1648 si
527 1593 617 1648 alieno
635 1591 736 1648 herede
754 1591 887 1661 moriaris,
905 1591 1035 1648 restituas
1052 1592 1117 1648 Seio
1134 1592 1330 1664 hereditatem',
1349 1593 1435 1650 uideri
1453 1608 1515 1650 eum
1535 1601 1564 1642 tt

96 1679 125 1737 ds
137 1682 227 1739 liberis
246 1683 366 1738 sensisse
384 1682 466 1738 diuus
477 1683 542 1737 Pius
557 1683 710 1753 reseripsit:
728 1681 840 1751 etideo,
858 1695 920 1736 enm
933 1681 1044 1750 qnidam
1056 1681 1116 1738 sine
1129 1681 1140 1753 i
1153 1680 1245 1738 liberis
1256 1681 1410 1753 desederet,
1429 1697 1515 1739 anun·
1533 1686 1549 1736 ι
1561 1689 1604 1734 116

100 1771 176 1827 edum
199 1771 235 1828 ab
257 1773 390 1828 intestato
406 1771 540 1828 bonorum
558 1785 746 1843 possessorem
763 1769 881 1841 hebens,
906 1770 1031 1826 extitisse
1048 1769 1236 1828 eondieionem
1253 1769 1457 1828 ideloomrnissi
1473 1787 1515 1828 re·

104 1860 202 1931 suipsit.

5 1945 95 2024 lille]
145 1949 215 2006 marr
231 1949 301 2006 h‘hro
319 1950 414 2020 quinto
432 1947 539 2005 deolmo
557 1949 592 2004 ad
611 1947 752 2006 Sabinum.
787 1949 818 2004 ln
836 1947 1088 2006 ideieommissaria
1106 1948 1264 2006 hereditatis
1281 1965 1322 2006 re·
1341 1944 1515 2034 Q
1534 1955 1555 2010 S

110 2037 224 2095 mione
241 2043 352 2096 mustei
368 2053 423 2094 non
440 2038 535 2093 uenire
552 2035 667 2107 metus,
685 2038 738 2094 uisi
756 2040 807 2093 er⁵
826 2052 904 2094 mora
920 2035 995 2094 faeta
1006 2043 1050 2094 est
1061 2044 1110 2094 aut
1120 2053 1183 2094 oum
1195 2039 1257 2109 quis
1269 2039 1423 2110 spetialiter
1434 2039 1516 2096 tuerit

90 2129 199 2196 toron
215 2133 245 2184 et
259 2127 367 2184 suom
385 2127 537 2184 restituere.
574 2127 659 2183 Plane
676 2125 782 2182 enom
799 2127 828 2181 in
846 2131 971 2196 qoniam
990 2128 1172 2198 imputentur,
1190 2132 1221 2184 nt
1238 2133 1328 2184 estet
1345 2129 1515 2200 rescriptum.
1534 2139 1562 2180 so

92 2211 218 2278 ‘Quotiens
233 2218 296 2288 quis
313 2221 426 2288 rogator
443 2215 622 2272 hereditatem
641 2217 794 2286 restituere,
812 2215 842 2270 id
858 2215 969 2272 uidetur
985 2222 1099 2286 rogatos
1116 2217 1239 2287 reddere,
1257 2217 1331 2288 quod
1348 2216 1400 2274 init
1412 2217 1516 2274 heredi·

90 2301 171 2358 listis:
185 2305 286 2364 irnotns
305 2310 397 2362 autem
415 2321 470 2361 non
487 2305 642 2374 hereditati,
660 2305 710 2362 sed
727 2305 795 2376 ipsis
814 2304 897 2362 rebus
914 2310 1029 2376 aeoepto
1042 2303 1173 2362 feruntur.
1200 2305 1230 2362 Si
1242 2305 1361 2377 legatum
1374 2307 1411 2364 sit
1422 2307 1516 2364 heredi

111 2388 210 2452 telieerm
226 2401 255 2452 et
272 2401 386 2466 rogatus
403 2399 440 2450 ιι
456 2395 610 2464 portionem
619 2394 786 2452 hereditatis
798 2394 951 2465 restituere,
969 2394 997 2450 id
1010 2395 1097 2451 solnm
1109 2409 1163 2452 non
1175 2394 1277 2452 dehere
1289 2411 1351 2452 eum
1364 2396 1517 2468 restituere,

108 2479 165 2542 lwd
183 2501 201 2542 a
220 2484 355 2543 eoherede
378 2485 499 2554 aeoepit:
523 2489 644 2547 eeterm
666 2483 741 2553 quod
763 2484 947 2554 asemetipso
964 2485 990 2540 el
1007 2485 1131 2542 relietum
1149 2490 1204 2556 est,
1230 2485 1258 2542 iu
1274 2483 1515 2542 fideieommissum

9 2623 12 2630 ,
106 2565 174 2626 urit:
193 2581 220 2632 et
235 2575 264 2631 id
282 2575 364 2632 dinus
381 2574 490 2630 llarons
508 2571 639 2630 deerenit.
1535 2583 1563 2626 rs

35 2622 86 2708 (¹⁹)
138 2655 256 2722 eruens
273 2663 344 2720 nmo
360 2663 442 2719 ereo
461 2662 498 2718 ao
515 2661 655 2719 sernum.
692 2661 746 2718 uer
763 2671 832 2734 pure
848 2661 1089 2720 oesremmmum
1108 2662 1203 2720 enom
1221 2669 1277 2734 ens,
1301 2663 1324 2719 e
1355 2657 1556 2733 ιῑ-ριῖ-ιιιιι

93 2735 222 2834 §Qum
240 2755 290 2810 sit:
310 2753 384 2822 ‘rogo
402 2751 452 2808 des
469 2749 526 2808 filio
543 2757 592 2808 tuo
609 2750 763 2823 saetasque,
782 2758 814 2807 ut
831 2751 867 2808 ad
885 2767 947 2808 eom
966 2751 1123 2823 perueniat,
1141 2754 1303 2824 rescriptum
1321 2757 1365 2808 est
1381 2752 1469 2808 uideri
1488 2751 1516 2809 iu

62 2819 73 2864 ¹
87 2822 240 2922 ,ailimpre
257 2842 331 2913 dari,
348 2855 403 2912 quo
419 2855 519 2912 enpere
536 2845 641 2913 potest,
658 2841 687 2898 id
705 2847 749 2898 est
766 2842 809 2898 sui
827 2842 893 2898 iuris
909 2839 967 2898 liat.
999 2841 1047 2897 'Te
1064 2857 1144 2914 rogo,
1163 2843 1232 2899 Luei
1248 2843 1319 2914 litt,
1337 2842 1516 2900 hereditatem

91 2925 186 2987 Qus
203 2947 263 2989 eum
281 2931 360 2988 Attio
378 2929 521 3001 parh'aris'.
548 2947 584 2988 ex
601 2935 715 2988 senatus
733 2931 858 2988 eonsulto
876 2928 1048 2988 Trebelliano
1066 2932 1094 2988 in
1112 2947 1182 3002 eum,
1201 2933 1246 2988 oni
1263 2933 1393 2988 restituta
1409 2935 1454 2988 est
1470 2931 1517 2988 he-

78 3003 198 3099 Q,
214 3023 337 3079 aefiooes
354 3025 511 3092 sempetere
522 3019 616 3078 Aristo
634 3021 681 3092 ait,
700 3021 765 3092 quia
780 3035 831 3092 pro
848 3020 901 3078 hoe
918 3020 1107 3091 desipiendum
1118 3021 1156 3076 sit
1167 3021 1241 3092 'rego
1253 3020 1432 3078 hereditatem
1442 3021 1516 3078 illam
1535 3029 1564 3072 ιο

81 3100 242 3168 ”timisi
260 3126 313 3168 neo
330 3109 416 3167 uerba
432 3114 589 3180 spectantur
605 3115 719 3166 senatos
733 3110 877 3180 eomultii,
895 3109 946 3166 sed
957 3110 1093 3166 sententia
1104 3109 1322 3182 quibuseumque
1332 3110 1434 3182 uerbis,
1451 3111 1516 3167 dum

42 3175 353 3270 'mamaea
375 3205 408 3256 ut
430 3197 568 3256 morsm
590 3215 642 3255 sua
663 3200 832 3256 reseruntur.
868 3198 920 3265 our
940 3199 968 3254 ιι
986 3198 1169 3256 retrahendo
1186 3200 1418 3257 emenone
1435 3199 1517 3257 reem

1 3334 11 3352 ,
68 3264 256 3348 here‘litariis
273 3295 401 3361 mmptus
419 3289 509 3346 iaetus
527 3293 578 3360 est,
595 3289 723 3359 imputari
741 3287 850 3344 heredil
869 3287 959 3344 dehet
1465 3326 1467 3331 -

24 3341 378 3438 ¹)Uu1mns1ibro
394 3394 467 3436 nono
486 3379 593 3435 deeimo
611 3379 647 3434 ad
664 3377 806 3434 Satrium.
836 3377 893 3434 Sed
911 3383 940 3434 et
957 3377 981 3434 si
998 3377 1035 3434 ad
1052 3383 1163 3449 tempus
1179 3377 1325 3435 liberorum
1357 3389 1518 3446 eaerum
1535 3383 1557 3437 S

5 3530 9 3543 ,
64 3443 164 3518 ‘¹⁸¹'st
182 3469 300 3541 legatrm
313 3469 438 3526 relietum
450 3475 480 3524 et
490 3469 514 3524 is
526 3483 611 3524 uxore
623 3471 773 3538 praegusto
784 3467 941 3538 deoesserit,
954 3467 990 3522 sd
1001 3465 1129 3524 heredem
1141 3476 1222 3526 suum
1232 3467 1379 3524 hnmferat
1387 3467 1517 3537 legatum.
1537 3476 1565 3519 aa

0 3526 47 3606 Ῑ)
108 3541 311 3618 Portemus
338 3557 408 3616 lrhro
431 3558 582 3614 nieensimo
605 3556 728 3613 seeundo
744 3556 789 3612 sd
812 3555 953 3614 Sabinum.
989 3558 1076 3614 lieres
1099 3572 1161 3613 enm
1185 3555 1319 3614 debuerat
1342 3550 1558 3648 [ΜΒ

63 3641 212 3705 ΨΜ
229 3650 356 3718 retinere,
373 3653 461 3704 totam
479 3645 659 3703 hereditatem
676 3645 797 3702 restituit
814 3661 867 3702 nee
883 3647 958 3702 osuit
974 3645 1027 3702 sibi
1039 3646 1214 3718 stipulatione
1226 3647 1374 3718 proposita
1402 3648 1517 3705 similem

63 3731 130 3777 Μ
165 3753 229 3796 esse
246 3739 343 3795 Aristo
360 3739 400 3793 ait
417 3737 478 3808 illis,
496 3737 544 3807 qui
560 3736 736 3808 retentores,
755 3751 825 3807 quas
843 3737 916 3792 solas
933 3735 1044 3807 habent,
1063 3736 1207 3792 omittunt:
1227 3735 1278 3793 sed
1295 3751 1378 3807 posse
1395 3753 1459 3793 ennr
1476 3753 1518 3795 re·

64 3821 125 3864 '¹¹³¹
171 3825 395 3884 hereditariarum
412 3826 615 3898 possessionem
632 3827 678 3881 uel
695 3831 820 3897 repetere
837 3827 882 3882 nei
900 3825 1022 3882 naneisei
1038 3831 1067 3882 et
1085 3825 1217 3882 aduersus
1236 3831 1363 3896 egenum
1381 3826 1437 3883 doli
1453 3827 1518 3884 maii

1 3978 4 3996 ,
66 3911 248 3982 “teneone
266 3919 307 3974 uti
324 3932 410 3988 posse
425 3931 489 3973 eum
507 3920 537 3971 et
554 3913 723 3972 debitorrhus
741 3915 911 3985 denuntiare,
933 3929 967 3970 ne
985 3915 1146 3972 solueretur.
1535 3925 1550 3966 ι

4 3978 53 4060 ²²)
116 3990 293 4064 Uermnns
303 4005 374 4063 irhro
386 4005 720 4078 quintodisputationnm.
747 4005 852 4076 liulier,
870 4005 1060 4076 quaeduobus
1072 4003 1135 4061 filiis
1147 4006 1176 4061 in
1187 4009 1326 4076 potestate
1358 4015 1384 4063 e.
1394 4017 1518 4075 st‚11,ae
1536 4014 1558 4068 S

70 4083 178 4150 lffin
193 4097 291 4154 etrus
309 4097 355 4153 aiii
373 4101 517 4167 nupserat,
540 4099 720 4166 posteriorem
739 4096 865 4152 mantum
883 4094 1013 4152 heredem
1031 4095 1149 4151 institnit
1165 4109 1284 4165 eumque
1300 4095 1410 4166 rogauit
1425 4093 1518 4151 hheris

73 4167 135 4225 ⁸⁸⁵⁸
170 4191 231 4256 post
251 4190 367 4243 mortem
390 4187 477 4256 patris
495 4184 785 4256 eornmhereditatem
804 4199 882 4240 suam
901 4185 1044 4242 restituere
1061 4186 1106 4241 nel
1125 4185 1151 4240 ei
1168 4185 1215 4255 qui
1233 4200 1327 4240 eornm
1346 4188 1517 4256 superesset:

78 4257 327 4342 ftwnsororr)

83 4375 263 4480 {conopes
280 4391 416 4463 (Menpeli
474 4390 486 4426 ¹
503 4389 572 4446 liber
589 4387 688 4458 iaetus]
707 4388 853 4446 liberorum
865 4389 1032 4456 (Geroniani
1089 4389 1100 4425 ⁸
1119 4393 1148 4445 et
1159 4398 1206 4444 ins.
1265 4385 1381 4444 ⁴liberis
1393 4403 1456 4444 eum
1470 4396 1517 4442 ins.

88 4459 315 4590 ,ffidffietuffiti
386 4465 530 4518 ‘senatus
551 4460 679 4531 consulti]
702 4459 907 4517 fideicommissi
928 4463 1036 4528 (Foders
1058 4468 1125 4516 setta
1146 4467 1298 4533 perurentes
1320 4473 1374 4516 s·o
1392 4467 1416 4515 st
1431 4459 1519 4526 not?

94 4633 254 4776 imi*
268 4651 479 4778 *sosium
482 4649 627 4778 tejzsrrtssr·e
627 4649 780 4776 11ῗῖοέἕοῖ
828 4647 1059 4783 iiuifiietiitoti
1076 4647 1234 4784 o⁹o⁸1rf¹²ri¹e
1239 4647 1290 4774 tii]
1316 4647 1518 4790 Beifflffi

100 4789 227 4866 ‘immed
251 4796 340 4865 magis
367 4791 514 4850 dieendum
540 4799 584 4848 est
607 4794 630 4848 si
652 4793 714 4862 quis
737 4793 777 4847 ita
828 4798 874 4847 tur
890 4793 936 4859 Fi
956 4791 1119 4847 sententiam
1137 4792 1162 4845 F
1211 4791 1246 4846 33
1268 4791 1396 4863 imputari
1414 4789 1518 4860 heredi]

104 4845 137 4900 ω’
148 4854 257 4940 Five-s)
272 4867 277 4933 Ι
294 4864 507 4934 reliqu‘i'eritF‘
531 4866 565 4920 14
574 4864 782 4920 restituaseior
829 4865 971 4928 horizontes
990 4864 1030 4931 τῷ
1049 4862 1205 4933 stupendae>
1224 4863 1250 4917 B
1262 4863 1342 4948 (Tip.)
1389 4864 1424 4918 36
1441 4877 1518 4932 pom·

106 4917 134 4968 ¹⁸
154 4933 240 5012 misse
254 4940 282 4993 F
335 4939 371 4993 19
395 4937 447 4991 uisi
471 4953 505 4992 ex
529 4952 606 4992 mora
628 4934 702 4992 laeta
724 4935 776 5004 est]
829 4936 938 5006 penius]
956 4935 1054 5006 paulus
1073 4935 1109 4986 F‘
1144 4936 1179 4990 39
1191 4934 1312 4992 noneiser
1325 4934 1351 4987 F
1379 4935 1416 4990 42
1427 4939 1517 5005 poste·

109 4985 161 5053 m·
172 5007 214 5060 nui
223 5025 295 5069 mora
306 5009 385 5066 laeta
397 5013 440 5064 est
454 5007 495 5074 W,
509 5009 563 5064 nisi
575 5011 604 5064 et
615 5024 692 5064 mora
703 5006 779 5064 faeta
829 5023 917 5065 rorem
937 5009 964 5061 F
972 5009 977 5076 Ι
993 5005 1143 5078 enmqu'a'e
1161 5005 1198 5062 ι’*

109 5059 146 5110 “²
161 5065 250 5138 EIGK:
269 5084 293 5137 εἰ
311 5081 348 5137 ari
367 5079 503 5152 inipeccre
522 5079 627 5146 risores
647 5081 673 5136 B
691 5081 778 5152 (Syru)
