3518 5452
60 284 282 335 maurosus
732 264 819 345 337
967 225 973 232 ³
1151 269 1315 339 xxxviii
1336 273 1356 338 ι
1378 277 1496 332 44-50

37 419 179 487 llrgatnn
197 429 251 493 est,
270 423 442 494 standique
459 429 592 495 patronus
609 441 689 481 snum
707 426 751 480 ius
769 425 870 482 habeat
887 427 1070 483 imminutum.
1105 427 1240 483 Patronus
1257 426 1337 482 heres
1353 426 1497 481 institutus

61 507 158 575 legare
172 513 194 568 ei
210 527 305 583 senno,
327 528 379 583 per
395 529 476 582 quem
495 515 668 584 suppleretur
685 513 780 570 debita
797 516 822 570 ei
841 517 938 586 portio,
957 531 1011 571 non
1029 519 1106 587 petet
1123 520 1219 571 eontra
1236 515 1345 572 tabulas
1362 515 1496 572 bonorum

34 601 272 670 iposaassionem,
297 602 425 671 quamuis
448 617 545 658 munus
569 603 653 658 elusis
672 603 773 660 tabuiis
791 603 918 660 decessit
956 603 985 660 Si
1003 619 1038 660 er
1056 604 1148 676 bonis,
1172 619 1243 676 qnae
1261 605 1356 660 mortis
1373 609 1496 673 tempora

56 681 180 758 suerum,
195 689 317 745 debitam
335 693 441 760 partem
460 691 537 746 dedit
554 690 668 747 libertos
685 693 713 748 in
731 692 883 748 hereditate
901 695 959 748 nei¹
973 694 1073 763 iegato,
1092 708 1189 749 seruus
1201 698 1293 749 tamen
1304 697 1496 764 postmortem

54 769 157 832 ltere
170 793 293 834 reuersus
312 777 348 834 ab
364 778 489 834 hostibus
508 786 610 850 augeat
621 781 829 850 patrimonium:
849 797 903 837 non
914 786 1007 851 potest
1018 787 1307 854 patronuspropterea
1318 783 1404 852 queri,
1422 780 1496 850 quod
1516 791 1529 832 o

51 860 158 921 uinru
172 866 269 922 haheat
286 868 315 922 in
333 881 428 938 seruo,
446 883 529 938 qnam
546 868 674 940 haberet,
693 869 716 924 si
735 885 770 925 ex
787 868 881 926 dehita
898 870 1024 940 portione
1042 876 1117 926 esset
1134 871 1284 927 institutus.
1316 871 1389 926 idem
1407 876 1451 926 est
1468 873 1498 925 et

49 952 70 1007 iu
98 955 254 1025 ailnuione,
272 971 336 1011 uum
355 956 392 1012 sit
409 956 580 1013 satisiaoium
599 972 634 1013 ex
651 957 694 1013 his
712 957 806 1029 honis,
825 973 897 1029 quae
915 959 1010 1014 mortis
1029 964 1151 1030 tempore
1169 958 1288 1015 luerunt.
1316 959 1389 1014 idom
1407 963 1451 1014 est
1468 963 1497 1014 et

48 1041 66 1098 si
90 1059 170 1112 pars
184 1045 266 1114 iegati
284 1043 383 1101 liberto
401 1046 488 1102 reiioti
506 1045 559 1102 ab¹
577 1061 619 1116 eo,
639 1048 683 1104 eni
701 1048 782 1104 simul
800 1048 894 1104 datum
914 1053 981 1119 erat,
1000 1048 1045 1104 uei
1063 1047 1221 1105 hemdltatis
1239 1063 1312 1104 nuno
1329 1048 1400 1103 iilis⁸
1412 1045 1496 1103 absti-
1528 1035 1530 1048 '

47 1133 190 1188 renatus
206 1133 357 1189 adoresoat
1516 1146 1530 1187 a

6 1222 35 1282 li
109 1221 191 1276 Ῑοιιιι
206 1221 275 1278 libro
293 1237 366 1278 nono
385 1222 584 1293 qnaesh'onum.
621 1221 651 1278 Sl
668 1227 801 1292 patronus
819 1239 854 1279 ex
873 1230 952 1281 sexta
969 1229 998 1281 et
1015 1239 1111 1280 seruus
1130 1225 1189 1280 eins
1207 1239 1242 1280 ex
1260 1225 1320 1280 reli·
1339 1217 1496 1307 [fflfi
1515 1230 1542 1284 P

48 1323 116 1380 qua
139 1312 228 1380 parte*
245 1311 282 1366 sit
298 1311 380 1366 heres
397 1311 548 1381 institutos,
566 1325 618 1366 neo
635 1325 670 1366 ex
689 1313 762 1366 serui
778 1313 904 1383 portione
921 1312 1162 1370 fideioommissnm
1174 1311 1303 1368 debetur:
1322 1319 1351 1368 at
1362 1314 1387 1369 sl
1398 1329 1496 1370 aeruna

49 1399 204 1454 innunt
220 1399 300 1456 heres
318 1401 460 1456 institutus
477 1404 530 1469 est,
548 1405 616 1469 puto
634 1413 685 1455 neo
703 1399 748 1455 bio
766 1415 800 1456 ex
819 1401 912 1458 debita
929 1403 1055 1473 portione
1073 1401 1276 1472 praestandum.

11 1489 39 1550 lt
110 1487 191 1542 Inani
211 1487 279 1544 libro
301 1489 384 1544 tertio
405 1503 607 1558 responsorum.
644 1487 745 1544 Paulus
769 1490 924 1560 respondit:
947 1497 1093 1562 patronus,
1117 1490 1165 1560 qni
1188 1489 1320 1560 deeeptus
1339 1483 1543 1574 [ffi1's'sP

52 1575 160 1634 laisum
181 1575 310 1632 iuditium
334 1579 485 1633 testatoris
498 1581 610 1633 seontus
635 1581 691 1647 est,
714 1575 848 1634 bonorum
872 1580 1075 1648 possessionem
1099 1584 1195 1635 oouua
1211 1579 1321 1635 tabulas
1339 1579 1497 1635 tastamenti

55 1664 152 1723 ilberti
166 1671 257 1734 peiere
275 1680 331 1722 non
347 1665 515 1736 prohibetur.
1516 1678 1544 1718 rs

17 1755 44 1818 41
115 1753 190 1808 lusu
206 1753 274 1809 libro
292 1753 440 1810 nudeoimo
453 1769 655 1825 responsorum.
684 1755 785 1810 Paulus
796 1755 939 1825 respondit
951 1745 1191 1812 exheredationem
1203 1757 1320 1826 nepotis,
1339 1751 1497 1838 [Q
1514 1759 1542 1815 P

61 1855 138 1916 qnae
156 1859 207 1898 non
229 1849 312 1899 notas
333 1844 434 1913 grstia,
458 1843 508 1898 sed
526 1837 580 1899 aiio
598 1843 711 1899 oonsilio
730 1843 838 1899 adieota
855 1847 911 1913 est,
936 1857 1035 1900 uouere
1053 1844 1079 1900 si
1096 1858 1151 1899 nou
1169 1850 1310 1915 oportere,
1333 1833 1388 1914 qum
1406 1845 1497 1900 minus

41 1935 161 1990 ieontrs
178 1931 285 1987 tahnias
305 1929 464 1986 libertorum
482 1931 527 1986 aui
546 1930 679 1988 honorum
698 1932 899 2002 possessionem
917 1935 1012 2003 petere
1029 1934 1125 2003 possit
1162 1932 1284 2002 Quaero,
1310 1949 1358 2002 an,
1381 1935 1405 1989 si
1423 1933 1498 1990 Titia

67 2019 170 2092 patroni
185 2017 238 2075 iiia
254 2021 342 2075 laetat
359 2019 461 2075 Titium
479 2025 584 2091 patrem
604 2035 693 2090 suurn,
711 2020 869 2090 priusquam
885 2027 1044 2091 moreretur,
1061 2022 1167 2076 litteras
1179 2021 1215 2076 sd
1227 2037 1258 2077 se
1270 2020 1378 2092 ieeisee,
1397 2022 1497 2092 utribus

74 2107 197 2164 adieeret⁸
218 2123 266 2178 per
290 2107 404 2164 libertos
427 2123 492 2164 suos
515 2107 656 2164 malehoiis
680 2109 831 2178 appetitum
855 2123 958 2178 eaeque
981 2109 1087 2165 litteras
1108 2123 1138 2164 se
1156 2114 1280 2165 moutam
1299 2115 1496 2180 postmortem
1515 2119 1544 2162 so

77 2189 156 2267 pasis
172 2195 280 2252 libertos
302 2211 446 2267 aoousare,
472 2213 507 2252 sn
530 2196 633 2267 aliquid
657 2198 683 2252 ei
706 2196 838 2266 prodesse
857 2198 947 2268 possit
964 2197 1032 2254 haee
1050 2199 1200 2254 excusatio.
1236 2199 1338 2254 Paulus
1356 2199 1498 2268 respoudit

83 2297 144 2350 eam,
158 2299 219 2354 quae
236 2301 271 2341 er
289 2287 433 2342 uoluntate
450 2286 537 2356 patris
555 2286 705 2354 aeeusauit,
723 2300 779 2340 non
797 2283 898 2342 debere
909 2287 1003 2357 repelli
1016 2303 1033 2342 a
1045 2287 1055 2354 ll
1069 2286 1202 2343 bonorum
1215 2287 1389 2356 possessione
1401 2293 1497 2342 eontra
1513 2293 1531 2343 t.
1543 2291 1595 2344 iet·

62 2368 185 2443 rubus,
206 2373 333 2444 quoniam
352 2389 406 2430 uon
425 2391 504 2430 snum
522 2374 667 2443 iuditium,
691 2373 741 2430 sed
759 2373 877 2429 alienum
895 2379 1027 2430 exsseuta
1044 2379 1095 2430 est.
1131 2375 1242 2430 Patroni
1260 2373 1332 2430 lilius
1350 2376 1495 2445 epistulam
1653 2363 1659 2372 ’

91 2457 156 2514 men
168 2461 256 2519 liberio
274 2463 379 2519 enubit:
399 2461 582 2534 'Sempronius
600 2463 676 2519 Zoilo
693 2461 791 2518 liberto
809 2477 861 2518 suo
879 2463 1004 2518 salutem
1032 2461 1068 2520 ob
1087 2463 1185 2520 merita
1201 2467 1251 2518 tua
1262 2461 1398 2534 idemque
1410 2470 1496 2534 tuam,

94 2545 161 2612 'qun
176 2551 232 2607 mihi
249 2567 359 2622 semper
376 2550 536 2622 exhibuisti,
556 2551 677 2608 oonoedo
695 2550 745 2606 tibi
764 2549 876 2606 liberam
895 2553 1053 2607 testamenti
1072 2549 1235 2608 laeuonem'.
1265 2567 1376 2622 quaero,
1395 2569 1430 2607 au
1447 2569 1496 2623 pa·
1515 2563 1545 2605 ss

97 2635 149 2689 troni
161 2635 205 2695 iiio
221 2641 287 2696 nihil
304 2641 458 2710 relinquere
475 2639 585 2696 debeat
614 2641 716 2696 Paulus
734 2640 876 2710 respondit
893 2655 955 2695 eum
975 2639 1115 2710 libertum,
1133 2641 1242 2710 dequo
1260 2641 1411 2711 quaeritur,
1430 2640 1495 2696 libe·

76 2727 141 2776 trau
157 2729 298 2785 usumeuti
322 2728 468 2785 laudonem
493 2735 671 2785 oonseeotnm
696 2745 751 2785 nou
775 2728 871 2784 uideri.
908 2728 1009 2784 Paulus
1027 2729 1169 2799 respondit
1186 2734 1313 2798 nopotem
1332 2730 1414 2784 etiam
1432 2732 1497 2799 post

101 2817 183 2870 miden
197 2819 238 2873 ani
256 2823 420 2888 oonoeptunr
438 2819 585 2888 superstite
601 2817 700 2874 liberio
717 2817 851 2874 bonorum
870 2818 1073 2886 possessionem
1091 2821 1187 2873 eontra
1204 2816 1313 2872 tabulas
1327 2817 1416 2872 liberti
1429 2817 1497 2873 anili

100 2903 167 2964 little
180 2921 253 2975 posse
271 2913 301 2962 et
318 2907 354 2962 ad
372 2905 552 2962 hereditatem
571 2907 720 2976 legitimam
734 2905 794 2961 eius
806 2905 927 2960 admitti:
945 2921 1106 2976 responsum
1120 2907 1192 2962 enim
1205 2907 1249 2961 ln·
1268 2902 1496 2988 [Ιώ-ΡΜ

102 2983 146 3042 lirul
161 2996 252 3050 tantm
278 2995 314 3050 ad
337 2995 518 3052 hereditatem
537 2995 702 3065 legitimam,
726 2995 792 3049 item
811 2993 944 3049 bonorum
963 2995 1165 3064 possessionem
1184 2995 1230 3049 aui
1247 2993 1394 3064 petendam
1413 2993 1495 3061 perti·
1515 3007 1544 3048 so

78 3077 153 3130 titt
179 3081 269 3139 Paulus
291 3084 446 3154 respondit,
469 3084 597 3156 quamuis
615 3082 663 3138 iiiii
681 3087 795 3153 epatre
813 3082 898 3138 milite
916 3083 1057 3152 praeteriti
1074 3097 1124 3153 pro
1141 3082 1316 3138 exheredatis
1334 3080 1495 3150 habeantur,

101 3165 166 3221 umen
179 3185 224 3227 non
240 3187 274 3228 eo
292 3188 381 3242 nsque
398 3173 537 3228 silentium
553 3173 641 3243 patris
658 3172 698 3228 eis
716 3185 815 3227 nouere
833 3169 943 3242 debere,
961 3176 1038 3227 utet
1056 3188 1074 3227 a
1090 3171 1170 3227 bonis
1186 3170 1345 3228 libertorum
1358 3169 1494 3226 anitornm

101 3253 168 3319 lupelli
180 3258 297 3317 debeant
325 3261 397 3316 idem
417 3276 578 3332 responsum
597 3266 640 3316 est
657 3259 740 3316 etiam
759 3257 794 3314 de
811 3258 892 3316 bonis
908 3259 1067 3316 libertorum
1084 3265 1269 3330 paternorum.

61 3327 90 3387 ⁴⁸
139 3339 269 3406 &mouns
295 3349 366 3406 libro
393 3349 514 3405 ιοοιιιιᾱο
540 3363 742 3420 responsorum.
779 3348 888 3416 Quaero
914 3348 950 3404 de
976 3363 1023 3418 eo,
1049 3349 1097 3418 qui
1123 3347 1250 3404 libertum
1274 3344 1312 3402 ei·
1337 3341 1496 3430 Q
1514 3353 1541 3408 P

102 3419 201 3490 Mure
221 3439 332 3494 sumine
356 3439 506 3495 aeonsauit
537 3439 692 3509 respondit,
716 3438 740 3494 si
758 3436 893 3493 eiusmodi
911 3437 1074 3493 eilraotrrae
1092 3436 1205 3492 erimine
1223 3440 1369 3491 aoousatus
1387 3437 1436 3506 sit,
1459 3451 1495 3491 ex
1515 3446 1544 3490 as

103 3521 176 3583 111,Ιί
190 3525 352 3598 probaretur,
371 3528 399 3590 in
417 3527 555 3584 metallum
574 3527 657 3584 datus
674 3531 757 3596 esset,
775 3524 966 3596 denegandam
984 3525 1117 3583 bonorum
1135 3525 1348 3596 possessiouem.

63 3590 90 3648 Ψ
139 3603 231 3670 Pinnos
252 3615 322 3671 libro
345 3601 426 3672 tertio
450 3615 656 3672 sententiarum.
693 3614 804 3671 Liberto
829 3629 879 3685 per
902 3612 1090 3685 obreptionem
1114 3613 1248 3683 adrogato
1272 3613 1315 3669 ius
1339 3605 1495 3698 Q
1513 3616 1543 3673 P

103 3699 157 3748 mii
170 3706 288 3768 tutunus
306 3719 361 3760 non
380 3705 489 3760 amittit.

65 3765 92 3826 ω
138 3781 326 3850 Turrsoumus
343 3792 412 3849 iihro
430 3793 548 3862 septimo
567 3791 674 3848 deeimo
692 3791 916 3862 disputationum.
953 3789 1025 3846 Nihil
1043 3791 1171 3859 interest,
1195 3789 1254 3860 ipse
1272 3805 1320 3860 pa·
1339 3782 1496 3872 [Q
1514 3795 1542 3849 P

103 3864 168 3928 bonu
184 3883 295 3952 scriptus
317 3880 396 3938 heres
419 3897 454 3937 er
478 3882 582 3937 minore
600 3887 678 3950 parte
696 3879 795 3936 adierit
811 3880 992 3936 hereditatem
1011 3895 1047 3934 an
1065 3893 1174 3933 seruum
1193 3893 1273 3933 suum
1291 3879 1423 3947 seriptum
1441 3879 1496 3932 ius·
1515 3889 1544 3930 so

103 3956 148 4012 'iiii
162 3967 223 4025 edire
246 3970 442 4041 hereditatem,
466 3986 548 4041 quam
571 3970 684 4026 retinet:
708 3969 792 4025 nihilo
815 3969 905 4024 minus
929 3968 1000 4022 euim
1026 3967 1152 4037 repulsus
1169 3966 1222 4020 erit
1239 3983 1257 4020 a
1274 3971 1370 4021 eontra
1387 3965 1496 4021 tabulas

82 4033 195 4140 ibororum
216 4060 398 4129 possessione.
434 4058 464 4114 Si
482 4063 575 4114 tantm
593 4065 740 4129 antequam
759 4057 866 4113 iuberet
882 4055 972 4112 liberti
989 4054 1169 4110 hereditatem
1189 4053 1278 4124 adire,
1301 4069 1412 4110 seruum
1430 4069 1496 4110 uen-

102 4124 170 4195 did‘iii
186 4151 229 4202 aut
251 4148 442 4204 manumiserit
466 4153 495 4203 ot
516 4148 556 4204 ita
579 4148 638 4218 ipse
662 4163 751 4203 nouus
772 4146 886 4202 libertus
905 4149 953 4200 aut
971 4149 1077 4219 emptor
1094 4143 1209 4200 heredes
1228 4143 1379 4212 extiterint,
1404 4143 1496 4198 uerbis

81 4215 156 4280 ’itti'
173 4249 218 4291 non
236 4235 396 4307 prohibetur
413 4241 546 4308 patremus
564 4236 688 4307 atalpero
707 4239 803 4292 eontra
820 4233 929 4290 tabulas
946 4233 1080 4290 bonorum
1097 4233 1308 4304 possessiouem.
1345 4230 1401 4288 Sed
1418 4247 1496 4286 nuru·

100 4307 144 4372 ‘tid
156 4328 252 4386 erutor
268 4325 295 4381 ei
313 4324 452 4396 denegare
469 4325 654 4396 possessorias
672 4324 795 4381 sationes
812 4323 921 4393 debeat,
940 4322 965 4378 si
981 4319 1107 4378 fraudem
1121 4321 1212 4376 edieto
1224 4321 1284 4377 elus
1296 4319 1387 4376 iaosre
1399 4320 1495 4392 uoluit,
1514 4327 1544 4368 st

100 4407 257 4500 tusorum

99 4515 1494 4550 Num—..W

11 4627 15 4658 ᾗ
99 4567 153 4648 'el
166 4586 207 4642 er
276 4587 353 4658 ιιι]
372 4587 552 4644 aasentias
621 4587 714 4657 ⁸nus1
733 4587 814 4644 aurea
884 4587 1010 4644 *ιιιιο
1027 4596 1075 4644 ιι..
1146 4582 1470 4656 ‘quaestuosae

12 4671 16 4724 ἒ
97 4677 483 4708 M

10 4753 15 4812 ,ε
95 4727 204 4802 tuum
222 4743 272 4800 ru
331 4746 504 4802 retrusione
523 4747 549 4800 r
603 4747 637 4802 ιο
659 4746 683 4800 ιι
700 4761 749 4818 ρι-
802 4745 977 4816 uperatum
1002 4745 1028 4798 r
1082 4745 1115 4800 ar
1140 4743 1260 4800 ιιιιιιϊι
1281 4744 1319 4798 rl
1377 4744 1414 4799 es
1437 4757 1495 4798 see-

93 4803 160 4867 ffliit
173 4817 230 4890 sep]
248 4818 301 4874 sire
314 4817 398 4873 ιιὸκοιι
410 4817 459 4873 τὸιι
473 4819 570 4880 tutiore
583 4818 632 4880 τοῨ
643 4817 748 4886 ntrpm·
802 4817 867 4872 uois
885 4819 909 4870 F
925 4819 930 4884 Ι
950 4816 1115 4872 effrstturao
1138 4815 1259 4886 erimine]
1280 4815 1432 4883 sDEiCK,
1456 4812 1496 4868 ei·

90 4893 125 4965 ως
137 4883 178 4941 sira
195 4889 240 4952 cia
259 4887 332 4958 οῨιῷ
350 4890 390 4957 τῷ
413 4889 529 4958 ndrproar
550 4889 632 4961 rutili
652 4887 668 4943 d
685 4887 749 4944 tus·
801 4886 925 4944 foeturae
934 4887 1048 4942 erimine
1058 4888 1091 4942 F:
1104 4886 1160 4991 nesi
1174 4876 1334 4956 tramisit
1353 4885 1496 4970 thannit-

87 4957 144 5012 iiiii
204 4961 243 5016 sic
265 4961 298 5016 τὸ
320 4959 432 5016 adureres
451 4959 478 5016 B
496 4961 606 5026 (Am.)
660 4959 693 5015 17
713 4957 748 5030 el]
802 4959 892 5016 tatu
940 4957 1134 5015 iladi'e’reF
1184 4956 1443 5028 &possessiouem
1460 4953 1496 5008 F*

83 5035 110 5080 ω
176 5031 359 5088 torem
399 5031 603 5103 28superstlte]
619 5030 749 5096 uuicti,

214 5122 242 5166 n.
1229 5117 1264 5172 st
