3464 5460
4 363 6 370 Α
114 287 395 338 ostresurounsus
699 295 700 300 ¹
776 262 862 343 667
1171 269 1320 337 XXXXV
1345 243 1536 336 ilde-112

7 431 12 502 ζ
68 428 103 486 105
153 428 237 482 Ιοιιιι
249 427 316 483 libro
328 425 451 483 seeundo
463 426 649 497 epistularum.
679 426 904 498 Stipnletuseum
917 428 1033 484 Damam
1046 433 1094 484 aot
1107 429 1217 484 Erotem
1234 443 1342 484 seruum
1359 424 1536 512 [sss-“mos
1552 435 1580 490 Ε

12 509 18 586 l,
116 515 175 570 dui:
195 531 263 572 enm
281 517 398 572 Damam
417 515 505 585 dares,
524 531 650 586 egoque
669 517 759 572 minus
777 517 943 587 acciperem,
962 518 989 572 in
1007 532 1084 574 mora
1101 516 1154 572 fui:
1177 523 1301 574 mortuum
1319 524 1362 573 est
1376 505 1536 573 bini]

9 607 23 684 J
117 609 185 673 putes
202 621 251 661 me
269 621 303 661 ex
321 605 454 675 stipulatu
472 605 608 661 sotionem
626 605 747 661 babere?
773 601 927 676 respondit:
951 605 1101 660 seeundum
1119 607 1244 662 Massurii
1262 606 1356 663 Sabini
1379 607 1534 677 opinionem

8 693 26 780 ἰ
118 695 172 760 puto
189 697 220 749 te
240 710 275 750 ex
292 694 424 764 stipulatu
442 707 526 763 agere
543 709 601 750 non
615 709 710 765 posse:
733 711 797 750 nam
820 695 844 750 is
867 699 941 749 rente
964 695 1151 762 existimabat,
1175 696 1198 750 si
1220 710 1270 765 per
1291 695 1443 752 debitorem
1461 711 1538 752 mora
1568 727 1573 742 ·

10 781 25 854 ³l
120 793 161 833 uon
178 787 263 853 esset,
280 797 336 853 quo
354 784 444 838 minus
462 782 490 838 id
508 783 582 854 qnod
600 781 719 839 debebat
737 784 865 854 solueret,
884 785 1014 839 eondnno
1031 799 1095 839 enm
1113 783 1207 841 debito
1224 783 1342 840 liberari.
1554 797 1568 839 ο

22 863 24 922 f
74 861 109 920 lli
160 867 240 926 Inuus
256 871 325 928 libro
343 876 423 928 sexto
441 873 627 943 epistularum.
655 873 707 939 Qui
725 887 759 928 ex
778 872 902 943 pluribus
919 871 1019 943 fundis,
1038 871 1137 942 qulbus
1154 873 1227 929 idem
1245 889 1345 929 nomen
1363 869 1536 956 [BQ
1555 881 1582 935 Ε

122 953 265 1023 impositum
282 959 381 1030 inerat,
398 977 483 1017 unum
500 959 615 1017 fundum
634 963 693 1017 sine
710 962 767 1016 ulla
784 967 850 1018 nota
866 963 1106 1018 demonstrationis
1123 963 1282 1034 stipuletur,
1301 963 1434 1018 insertum
1452 963 1537 1034 stipu-

123 1040 191 1116 ¹⁸l1¹r,
208 1050 236 1106 id
252 1055 296 1106 est
312 1065 375 1106 eum
393 1049 508 1106 fundum
526 1050 680 1121 stipulatur,
698 1065 779 1120 quem
797 1051 946 1121 promissor
957 1052 1024 1107 dare
1036 1052 1161 1107 uoluerit.
1187 1052 1292 1108 tamdiu
1305 1057 1397 1108 autem
1409 1051 1537 1107 uoluntas

121 1137 326 1196 lumbarium
344 1139 474 1210 pendenti
492 1145 542 1209 est,
561 1138 691 1210 quamdiu
709 1139 736 1194 id
756 1139 829 1210 quod
847 1141 1012 1210 promissum
1031 1145 1075 1196 est
1091 1142 1222 1197 soluatur.
1556 1155 1569 1194 o

64 1203 107 1265 ¹⁰²
163 1221 239 1284 ineu
261 1227 331 1284 libro
354 1233 453 1285 octauo
476 1229 665 1299 epistularum.
701 1228 795 1284 Utrum
815 1233 922 1299 turpem
941 1231 1023 1285 talem
1042 1229 1245 1301 stipulationem
1264 1233 1344 1301 putes
1363 1225 1537 1313 [ffflffio‘s
1554 1237 1582 1292 E

115 1315 146 1358 ⁸1¹
163 1326 232 1388 nou,
248 1333 361 1389 quaero.
387 1322 467 1388 pater
483 1319 615 1374 naturalis
633 1317 733 1387 tilium,
752 1331 835 1388 quem
852 1319 943 1374 'titius
961 1318 1081 1375 babebat
1098 1321 1125 1374 in
1144 1319 1332 1389 adoptionem,
1350 1305 1537 1384 here-deffin-

109 1393 211 1475 ’Μ
227 1407 248 1462 si
264 1408 355 1478 patria
372 1407 511 1477 potestate
528 1406 660 1462 liberatus
677 1413 765 1462 esset:
784 1413 863 1477 pater
880 1423 941 1462 eum
956 1409 1103 1479 adoptiuns
1115 1424 1169 1464 non
1182 1409 1249 1464 alias
1262 1407 1432 1477 emancipare
1442 1407 1537 1476 uoluit,

103 1491 198 1548 quam
214 1497 234 1551 si
251 1498 276 1552 ei
294 1495 425 1565 dedisset,
444 1511 461 1551 a
479 1511 535 1565 quo
553 1497 729 1566 stipularstur
746 1503 849 1552 numam
861 1513 1005 1568 summam,
1025 1499 1048 1553 si
1060 1513 1122 1553 eum
1137 1498 1351 1554 manumisisset:
1369 1499 1433 1566 post
1445 1511 1537 1552 eman-

97 1567 271 1642 Morsu
294 1585 364 1640 adiit
385 1583 464 1640 heres
486 1583 572 1640 illins:
598 1586 668 1656 petit
695 1601 768 1641 nunu
794 1587 939 1656 pecuniam
962 1593 1042 1657 pater
1069 1603 1104 1642 ex
1131 1587 1307 1657 stipulatione
1334 1601 1417 1656 supra
1443 1585 1537 1642 mista

90 1669 259 1734 westie:
278 1689 333 1731 non
350 1679 419 1745 puto
435 1679 543 1744 turpem
563 1687 624 1729 esse
643 1689 755 1730 nauem
774 1675 971 1744 stipulationis,
991 1681 1086 1746 utpote
1103 1691 1165 1731 ouum
1185 1675 1263 1730 aliter
1280 1672 1365 1730 filium
1384 1675 1537 1745 emancipa-
1557 1687 1585 1729 ιο

86 1746 190 1816 ‘nme
207 1779 258 1820 non
275 1763 371 1819 fuerit:
391 1779 442 1819 nse
459 1767 552 1833 potest
569 1763 658 1818 uideri
676 1764 778 1820 iniusta
795 1779 880 1820 eausa
898 1765 1089 1835 stipulationis,
1109 1766 1132 1820 si
1150 1763 1253 1833 aliquid
1271 1763 1417 1834 adoptluus
1431 1764 1440 1833 ΙΙ
1459 1770 1538 1834 pater
1553 1772 1570 1820 t.
1582 1773 1626 1820 eat

79 1829 211 1906 bbere
227 1853 352 1922 uoluerit,
370 1853 573 1923 propterquod
591 1869 609 1907 a
625 1851 681 1908 filio
699 1859 763 1924 post
780 1854 1024 1924 amanolpationern
1043 1855 1132 1923 magis
1149 1857 1297 1909 ourmetur.

5 1911 79 2021 1⁰3.
146 1933 239 1996 Iners
255 1941 324 1997 libro
342 1942 451 1998 deeimo
469 1943 656 2014 epistularum.
693 1943 719 1996 A
736 1942 810 1997 Titio
833 1943 873 1998 ita
896 1943 1043 2014 stipulatus
1065 1959 1140 1998 snm:
1159 1942 1190 1997 'ei
1208 1957 1264 2012 qua
1280 1940 1345 1998 mibi
1363 1937 1538 2025 [Q
1555 1949 1583 2004 Ε

76 2027 247 2100 1¹¹¹peterit,
265 2031 362 2086 denam
380 2031 454 2087 dotis
472 2033 531 2086 eius
544 2032 654 2087 nomine
665 2030 731 2086 dare
743 2030 890 2102 spondes'l‘
909 2031 1100 2102 quaerebatur,
1118 2049 1154 2086 an
1168 2032 1302 2086 consistat
1313 2031 1376 2086 talis
1388 2032 1537 2101 stipulatio.

65 2113 261 2200 fflssmondit:
280 2121 305 2176 si
322 2121 464 2191 stipulanti
483 2120 549 2176 mibi
565 2120 617 2176 dos
634 2121 674 2176 ita
691 2120 827 2191 promissa
844 2125 900 2175 est:
920 2119 1128 2190 ‘quameunque
1140 2135 1251 2176 uxorem
1263 2119 1376 2190 duxero,
1394 2119 1466 2176 dotis
1478 2121 1538 2176 eius
1556 2133 1585 2174 so

71 2205 226 2265 ”omine
243 2209 339 2265 deoem
358 2209 424 2265 dare
442 2209 598 2281 spondesl',
621 2208 688 2264 nihil
710 2209 738 2263 iu
762 2223 847 2264 nausa
870 2214 925 2280 est,
948 2224 1033 2280 quare
1055 2224 1090 2264 ea
1110 2210 1228 2280 psounia
1250 2209 1410 2265 eondluione
1427 2210 1539 2280 expleta

60 2293 145 2344 '¹0¹1
178 2297 501 2354 debeatur:namon1n
524 2299 649 2354 eondieio
672 2299 754 2353 etiarn
778 2311 812 2353 ex
836 2298 956 2354 insanae
980 2313 1113 2369 personae
1135 2297 1210 2354 santo
1229 2313 1325 2370 parere
1343 2296 1537 2368 obligationem

57 2381 211 2468 Ρῡῦείι,
237 2388 324 2443 ueluti
347 2386 378 2443 'ei
401 2388 463 2458 quis
486 2390 514 2444 in
535 2387 700 2458 Capitolium
725 2388 892 2459 mesndedt,
919 2388 1013 2444 dsosm
1042 2387 1108 2442 dare
1134 2387 1281 2458 spondesl'
1305 2387 1337 2442 ‘ei
1362 2388 1424 2458 quis
1450 2403 1468 2443 a
1492 2403 1538 2444 me

65 2456 212 2531 decern
229 2477 347 2547 petierit,
366 2481 408 2532 tot
426 2476 492 2533 dare
509 2477 630 2548 spondes
637 2476 667 2544 l',
685 2491 735 2532 our
752 2493 806 2532 non
825 2477 897 2533 idem
916 2481 945 2533 et
962 2477 990 2532 in
1009 2475 1073 2532 dote
1090 2477 1226 2546 promissa
1243 2475 1449 2548 respondeatur,
1467 2478 1537 2534 ratio

24 2553 187 2698 lr{lcii
213 2579 267 2621 non
293 2571 395 2636 potest.
440 2567 521 2622 Nulla
546 2565 691 2637 prumtesio
717 2571 810 2637 potest
836 2567 1000 2636 nonslstere,
1028 2580 1099 2636 quae
1126 2579 1160 2621 ex
1187 2567 1329 2622 uoluntate
1355 2567 1537 2637 prombtmtis
1554 2579 1584 2622 ιο

123 2650 211 2710 tum
228 2655 312 2726 oapit

26 2732 31 2749 '
58 2809 67 2824 .
142 2738 333 2800 Postremus
347 2743 417 2800 libro
427 2745 509 2802 tertio
521 2745 557 2800 ad
569 2745 697 2811 Quintum
711 2743 838 2800 bluolnm.
864 2741 893 2800 Si
911 2745 951 2800 ita
968 2744 1115 2815 stipulatus
1132 2742 1224 2800 suero:
1243 2743 1346 2800 ‘deosm
1365 2740 1537 2828 [Ποῖᾖιο
1556 2752 1583 2806 Ε

68 2829 151 2880 *Μ
182 2833 337 2904 quindeeim
355 2831 470 2904 dabis'l',
493 2833 588 2890 desem
607 2833 750 2889 debentur.
777 2833 843 2889 item
861 2835 885 2890 si
902 2835 953 2890 ita:
972 2834 1044 2904 'post
1067 2849 1167 2889 annum
1191 2838 1240 2889 aut
1261 2833 1400 2890 biennium
1424 2833 1537 2904 dablsl',

58 2915 167 2973 9⁰⁸1:
190 2921 328 2978 biennium
346 2921 507 2994 debentur¹,
524 2924 589 2994 οοίο
606 2924 634 2978 in
653 2921 875 2994 stipulationibus
892 2923 920 2978 id
939 2927 1072 2992 seruntur,
1091 2929 1122 2978 ut
1136 2923 1210 2993 quud
1223 2923 1312 2980 minus
1324 2929 1399 2980 esset
1409 2923 1538 2994 quodque

58 2989 224 3082 long-pm,
242 3027 304 3068 esse
321 3011 461 3067 uideretur
477 3013 505 3068 in
522 3011 716 3082 obligationem
735 3011 893 3068 deductum.
1556 3025 1583 3067 ao

8 3078 43 3136 1⁰
147 3095 239 3156 Inna
262 3098 331 3156 uero
354 3107 452 3170 quaro
475 3102 511 3157 au
528 3101 657 3168 Quinum
675 3101 803 3158 unorum.
840 3100 869 3158 st
887 3101 952 3156 mter
970 3105 999 3156 st
1015 3101 1103 3172 neo,
1127 3101 1155 3155 n
1173 3100 1251 3156 euru
1268 3105 1345 3172 pose-
1362 3097 1536 3186 Q
1554 3109 1582 3164 u

62 3175 183 3244 ’ΜΕ
200 3205 253 3246 non
271 3191 332 3260 sim,
350 3192 463 3262 stipuler
480 3191 584 3261 desem,
603 3205 658 3246 non
676 3195 736 3246 tota
747 3190 850 3261 desem,
869 3190 919 3246 sed
937 3191 996 3246 sola
1007 3191 1127 3262 quinque
1139 3189 1205 3246 mlhi
1217 3189 1363 3247 debentur:
1381 3206 1445 3260 pere
1464 3191 1536 3246 enim

64 3262 200 3334 *flens
216 3279 372 3351 deducitur,
394 3286 427 3336 nt
444 3281 519 3350 quod
537 3286 667 3336 extraneo
689 3281 821 3336 inutiliter
843 3281 990 3350 stipulatus
1012 3295 1086 3350 snm,
1109 3293 1164 3336 non
1187 3284 1289 3350 augeat
1311 3295 1399 3335 meam
1422 3283 1538 3350 partem.
1588 3329 1589 3332 ,

29 3353 43 3398 ¹
63 3343 103 3405 Si
136 3367 303 3438 stipulatus
321 3367 399 3426 luero
416 3369 452 3424 de
470 3375 512 3426 te:
532 3369 645 3426 'uenum
664 3375 748 3439 tuam,
767 3383 956 3439 quaeoumque
974 3368 1114 3424 muliebris
1125 3373 1176 3437 est,
1195 3368 1261 3424 dare
1276 3368 1432 3440 sponderi,
1450 3371 1538 3440 mnis

63 3441 113 3496 *ἃ
148 3463 282 3515 mentem
301 3459 457 3529 stipulantis
475 3474 558 3530 qnam
577 3459 612 3514 ad
631 3465 749 3516 mentem
768 3459 952 3529 promlttentis
971 3458 998 3514 id
1017 3456 1111 3514 referri
1129 3457 1221 3529 debet,
1246 3462 1278 3514 ut
1301 3457 1367 3528 qnid
1390 3457 1418 3514 in
1440 3472 1470 3512 re
1493 3459 1538 3529 sit,
1556 3470 1585 3514 ae

62 3535 246 3604 *tinans
264 3547 372 3618 debeat,
391 3563 446 3603 non
463 3548 530 3617 quid
548 3548 664 3604 senserit
681 3549 838 3617 promissor.
867 3549 960 3618 itaque
978 3549 1002 3603 si
1021 3549 1117 3604 solitus
1134 3547 1225 3603 iuerat
1247 3547 1397 3618 promissor
1413 3546 1538 3604 muliebri

60 3625 226 3692 ιῙῖῑθιᾱιιο
244 3641 323 3693 ueste
340 3637 390 3706 nti,
408 3635 492 3692 nihilo
510 3639 601 3692 minus
619 3636 742 3692 debetur.

4 3689 67 3798 ¹¹,
147 3719 238 3782 Inuus
260 3725 329 3782 libro
352 3726 448 3796 quinto
472 3726 508 3781 ad
529 3726 658 3792 Quintum
677 3726 806 3781 lduoium.
842 3724 872 3781 Si
895 3726 1042 3796 stipulatus
1066 3724 1143 3782 suero
1161 3725 1218 3796 'per
1240 3731 1268 3781 te
1292 3723 1583 3810 non[8.4e,1,10813

66 3785 186 3885 fieti,
202 3831 255 3886 quo
274 3817 364 3871 minus
382 3815 448 3870 mihi
466 3815 513 3870 illa
530 3815 612 3870 domo
629 3815 670 3870 uti
687 3813 784 3884 lioeat',
803 3831 838 3870 an
856 3816 948 3886 etiam
967 3817 991 3871 ri
1009 3830 1053 3871 me
1070 3830 1125 3870 non
1142 3813 1296 3885 prohibeas,
1314 3829 1426 3870 uxorem
1445 3819 1538 3870 autem

56 3887 200 3960 ¹¹¹5Qun
216 3903 383 3976 prohiberes,
401 3905 445 3959 uel
464 3908 560 3960 eontra
577 3919 662 3960 uxore
681 3919 743 3959 mea
760 3904 892 3974 stipulata
904 3920 947 3960 me
960 3903 1114 3976 prohibeas,
1133 3920 1168 3959 an
1181 3904 1366 3959 committatur
1378 3903 1539 3974 stipulatio?
1557 3917 1586 3958 ao

53 3969 93 4060 ,ἢ
131 3981 254 4050 latius*
271 4000 315 4050 est
332 3993 400 4049 baeu
418 3992 504 4049 uerba
522 3993 562 4049 sio
580 3993 677 4064 aoeipi.
704 4009 767 4048 narn
786 3999 815 4049 et
830 3995 856 4049 si
868 3995 1015 4065 stipulatus
1027 3992 1104 4050 luero
1123 3994 1179 4072 'per
1190 3997 1219 4049 te
1230 4007 1285 4048 non
1296 3991 1364 4062 deri,
1382 4007 1437 4063 quo
1449 3993 1539 4048 minus

62 4065 185 4137 ¹¹fibi
201 4085 246 4139 uia
263 4084 361 4139 itinere
380 4087 444 4138 aotu
463 4083 503 4138 nti
521 4082 618 4152 lineat',
641 4083 694 4138 etsi
712 4097 767 4138 non
787 4097 839 4155 me,
857 4083 906 4139 sed
926 4083 1007 4139 alium
1026 4083 1135 4140 nomine
1153 4071 1215 4138 m'eo
1233 4081 1431 4152 ingredientem
1448 4081 1538 4152 probi·

51 4133 187 4242 δεδι,
203 4173 344 4230 selendum
362 4173 414 4228 erit
431 4172 564 4228 eommitti
582 4172 795 4242 stipulationem.

152 4256 238 4318 lusu
256 4261 326 4318 libro
343 4262 440 4332 quintu
458 4261 564 4316 deoimo
582 4261 618 4316 ad
637 4261 766 4326 Quintum
784 4262 913 4317 lineium.
949 4261 979 4316 Si
997 4261 1059 4331 quis
1077 4262 1222 4332 stipulatus
1240 4261 1276 4316 ait
1293 4257 1347 4316 Sti·
1366 4256 1538 4344 [B‘Ksrffi
1557 4268 1584 4323 Ε

51 4317 192 4420 {hum
208 4355 257 4407 aut
273 4351 459 4422 Pamphilum,
482 4355 574 4406 nuum
592 4350 651 4421 ipse
669 4351 765 4406 uellet:
788 4365 869 4421 quem
888 4351 1013 4421 elegerit,
1037 4355 1113 4421 petet
1136 4355 1164 4405 et
1186 4351 1210 4405 is
1228 4350 1280 4406 erit
1297 4335 1539 4420 solusrno'bbga-
1557 4363 1586 4404 ιο

53 4406 194 4493 tlolle.
219 4455 255 4496 an
274 4445 367 4498 antem
385 4445 491 4497 mutare
509 4441 679 4496 uoluntatem
697 4440 786 4510 possit
803 4445 832 4496 et
850 4439 885 4495 sd
903 4441 1014 4496 alterius
1032 4441 1191 4512 petitionem
1203 4441 1327 4510 bannire,
1345 4438 1540 4510 quaerentibus

55 4510 301 4618 F(munseo)

64 4663 272 4754 ι«ἱοιοιιιιι
289 4700 336 4754 ur.
407 4698 524 4754 *saon
541 4697 640 4768 (esau

73 4817 276 4943 g'h’srotsm
295 4851 338 4936 15²⁴
396 4851 484 4920 equs
506 4865 541 4906 ex
563 4849 687 4936 pluribus
706 4851 744 4904 tis
763 4851 799 4903 F¹
853 4849 959 4936 beat'F
1007 4851 1042 4905 36
1061 4850 1167 4905 solutus
1184 4851 1220 4904 ΕΙ
1274 4851 1308 4905 37
1326 4849 1398 4906 nesti
1416 4849 1451 4902 i*
1467 4849 1471 4917 Ι
1487 4848 1539 4934 Ι(1ο-

82 4905 800 5064 aurursus{terrueruut
1063 4921 1207 5064 ,stre
1226 4921 1337 5048 οιῑ
1351 4920 1428 5047 ιΒ
1447 4921 1538 4992 uu

89 5035 143 5098 ¹3
160 5008 382 5130 unumunurn*
423 5065 666 5137 eteurtigirurffl
705 5063 798 5122 35de·
1262 5033 1271 5059 '
