3644 5460
48 259 92 306 su
114 223 387 306 usucnruouruus
729 232 812 312 521
1174 235 1309 305 XXXXI
1330 240 1350 305 3
1373 245 1485 302 19—27
1516 319 1517 322 Ἴ

47 400 123 452 retro
141 399 205 452 acta
222 394 345 450 uenditio
363 398 437 450 esset
455 393 629 450 redhibitioni
647 393 751 464 similis,
769 394 797 449 in
816 408 871 464 qua
888 409 943 450 non
958 393 1054 450 dubito
1066 398 1175 464 tempus
1188 395 1306 466 eiusqui
1318 395 1486 452 redhibuerit

47 485 187 542 uenditori
205 499 388 555 accensurum,
407 483 552 555 quoniam¹
571 498 606 538 ea
623 483 745 538 uenditio
763 483 872 553 proprie
890 482 945 538 dici
963 483 1020 539 non
1036 489 1136 554 potest.

102 573 182 628 lusus
204 573 273 628 libro
297 580 395 644 quarto
417 573 604 643 epistularum.
640 571 784 628 Possessio
801 572 941 628 testatoris
958 572 998 627 ita
1016 571 1109 628 heredi
1126 573 1264 644 procedit,
1288 575 1312 630 si
1330 568 1486 657 [W
1504 579 1533 634 Ε

48 662 142 718 medio
160 667 283 732 tempore
301 677 319 717 a
337 663 410 718 nullo
427 676 556 732 possessa
574 666 624 716 est.
667 703 673 712 .
1344 649 1487 658 ...-...
1507 676 1522 716 a

104 752 183 806 lnss
205 750 275 806 libro
292 757 372 807 sexto
390 751 578 822 epistularum.
614 749 662 820 Ei,
686 764 775 820 aquo
794 746 907 804 ferndum
926 765 976 819 pro
994 749 1090 805 herede
1107 750 1211 806 diutim
1228 753 1312 821 possi·
1331 746 1487 835 [s‘sffl
1506 757 1534 812 Ε

49 839 143 896 dendo
162 845 294 910 capturus
311 855 401 910 eam,
425 840 514 895 locaui
532 853 608 898 cum:
634 854 670 894 an
687 838 768 894 ullius
786 839 916 894 momenti
934 854 995 894 eam
1014 838 1177 894 locationem
1194 840 1348 910 existimes,
1372 857 1487 910 quaero:

49 927 127 998 quod
144 929 169 984 si
186 928 287 984 nullius
304 929 437 984 momenti
454 928 609 998 existimas,
631 943 666 981 an
685 926 783 982 durare
801 925 884 982 nihilo
903 927 992 982 minus
1010 927 1205 997 usucapionem
1225 929 1284 984 eius
1301 927 1379 984 fundi
1396 934 1487 1000 putes.

49 1018 117 1072 item
136 1031 247 1088 quaero,
266 1018 290 1072 si
307 1017 396 1072 eidem
415 1016 566 1072 uendidcro
585 1031 649 1071 eum
666 1013 789 1085 fundum,
808 1014 873 1084 quid
893 1015 928 1069 de
946 1014 988 1070 his
1002 1016 1102 1085 causis,
1121 1015 1156 1071 de
1168 1016 1267 1088 quibus
1279 1033 1364 1089 supra
1374 1019 1489 1090 quaesii,

49 1105 202 1162 existimes.
229 1106 383 1176 respondit:
402 1107 426 1162 si
444 1107 477 1176 is,
495 1106 543 1174 qui
561 1120 611 1176 pro
629 1103 731 1160 herede
743 1101 857 1159 fundum
870 1102 1038 1174 possidebat,
1057 1104 1168 1162 domino
1185 1120 1248 1162 eam
1261 1107 1370 1178 locauit,
1389 1109 1489 1164 nullius

50 1195 184 1250 momenti
201 1195 301 1250 locatio
319 1200 374 1264 est,
393 1195 457 1265 quia
475 1193 602 1250 dominns
620 1208 698 1248 suam
716 1207 774 1247 rem
793 1191 983 1249 conduxisset:
1004 1193 1128 1262 sequitur
1145 1209 1220 1265 ergo,
1238 1199 1271 1250 ut
1287 1211 1323 1251 ne
1339 1198 1488 1267 possessio·
1509 1208 1537 1248 re
1631 1209 1635 1214 ·

50 1299 115 1339 nem
134 1283 245 1353 quidem
263 1284 368 1339 locator
386 1283 536 1353 retinuerit,
554 1281 671 1350 ideoque
689 1281 764 1350 longi
782 1281 913 1350 temporis
931 1283 1182 1352 praescriptiones
1201 1283 1318 1340 durauit.
1348 1286 1377 1342 in
1393 1285 1489 1342 uendi·
1569 1303 1571 1306 ·

50 1373 127 1429 tione
145 1373 217 1428 idem
236 1373 303 1428 iuris
321 1375 372 1442 est,
390 1372 464 1442 quod
482 1371 510 1426 ln
528 1371 672 1439 locatione,
691 1374 723 1424 ut
739 1370 843 1440 emptio
861 1383 928 1424 suae
947 1369 987 1424 rei
1005 1371 1154 1432 consistere
1172 1385 1227 1428 non
1244 1373 1342 1442 possit.

105 1461 183 1517 lusu
205 1460 276 1517 libro
293 1461 412 1530 septimo
430 1460 618 1530 epistularum.
654 1458 742 1514 Heres
760 1463 789 1512 ct
806 1457 944 1514 hereditas
961 1461 1030 1514 tam·
1049 1455 1489 1542 [maffia-,affl
1506 1468 1535 1523 Β

50 1551 106 1606 etsi
124 1549 194 1604 duas
212 1549 410 1620 appellationes
428 1548 572 1618 recipiunt,
590 1546 671 1602 unius
689 1561 822 1617 personae
840 1551 933 1602 tamen
950 1546 1012 1602 uice
1029 1534 1189 1616 funguntur.
1507 1562 1537 1603 ιι

105 1639 185 1694 luant
201 1637 271 1694 libro
288 1653 362 1694 nono
380 1637 568 1708 epistularum.
595 1636 676 1706 lium,
694 1636 742 1706 qui
759 1635 843 1690 aedes
861 1641 999 1692 mercatus
1017 1641 1068 1707 cst,
1086 1651 1141 1692 non
1158 1639 1226 1706 puto
1240 1635 1315 1692 aliud
1332 1631 1490 1720 [Q
1507 1645 1535 1700 Ε

51 1741 136 1798 quam
159 1728 235 1797 ipsas
252 1717 343 1782 'aedes
364 1726 517 1796 possidere:
543 1724 649 1780 namsi
668 1723 790 1794 singulas
809 1739 852 1779 res
870 1725 1011 1794 possidere
1028 1725 1214 1794 intellegetur,
1237 1725 1313 1795 ipsas
1331 1741 1386 1781 non
1403 1727 1490 1796 possi,

52 1814 143 1872 debit:
161 1817 296 1886 separatis
313 1815 385 1872 cuim
404 1813 571 1884 corporibus,
589 1828 624 1868 ex
642 1811 742 1882 quibus
754 1812 838 1868 aedes
850 1817 985 1883 constant,
1004 1813 1170 1868 uniuersitas
1181 1813 1291 1868 aedium
1304 1814 1425 1884 intellegi
1437 1829 1492 1872 uon

51 1905 163 1976 poterit.
192 1905 296 1960 amsdit
313 1919 355 1975 co,
374 1904 457 1974 quod,
476 1903 500 1958 ai
517 1902 579 1972 qnia
597 1901 720 1970 singulae
738 1915 782 1957 res
799 1901 940 1972 possidere
958 1901 1065 1971 dixerit,
1084 1916 1198 1958 necesse
1215 1903 1267 1957 erit
1280 1902 1371 1958 dicat²
1382 1918 1490 1974 posses·

52 1995 131 2051 mens
149 1991 304 2064 superficiei
320 1993 438 2062 tempori
456 1991 491 2046 dc
508 1989 656 2046 mobilibus
673 1994 777 2045 statuto
789 1989 879 2045 locum
892 2003 962 2059 csse,
980 1990 1068 2046 solum
1081 2004 1111 2044 se
1124 1995 1267 2060 capturum
1279 2006 1342 2046 esse
1353 1991 1491 2061 ampliori:

53 2081 130 2154 quod
152 2081 301 2138 absurdum
323 2087 353 2137 et
374 2081 485 2136 minime
507 2081 559 2136 iuri
583 2080 657 2136 ciuili
674 2078 840 2134 conueniens
858 2081 915 2148 est,
940 2081 972 2134 ut
990 2093 1046 2134 nna
1063 2093 1108 2134 res
1126 2077 1242 2134 diuersis
1259 2079 1430 2150 temporibus
1446 2097 1491 2136 ca·
1509 2095 1538 2136 ao

54 2173 162 2243 piatur,
180 2176 212 2226 ut
229 2175 298 2241 puta
316 2186 379 2226 cum
398 2169 482 2226 aedes
501 2183 535 2224 ex
554 2167 661 2224 duabus
679 2165 762 2222 rebus
779 2170 915 2236 constant,
934 2181 969 2222 ex
987 2167 1046 2223 solo
1064 2173 1093 2222 et
1110 2164 1262 2236 superficie,
1279 2173 1308 2223 et
1326 2169 1492 2226 uniuersitas

55 2275 150 2316 aarum
168 2259 369 2330 possessionem
386 2247 517 2328 temporis
535 2255 714 2312 immobilium
732 2271 823 2310 rerum
841 2255 962 2310 omnium
975 2255 1089 2310 mutet⁸⁸
1117 2253 1147 2310 si
1159 2260 1250 2310 autem
1264 2257 1391 2312 columna
1402 2258 1493 2314 euicta

55 2347 146 2416 fuerit,
163 2353 232 2420 puto
249 2353 278 2404 te
296 2363 331 2403 cx
349 2352 442 2418 empto
461 2362 523 2402 cum
541 2344 686 2402 uenditore
704 2348 778 2400 recte
797 2347 922 2399 acturum
940 2348 969 2398 et
981 2358 1014 2400 eo
1026 2357 1128 2412 genere
1139 2358 1197 2400 rem
1209 2345 1315 2400 saluam
1327 2344 1492 2404 habiturum.

56 2436 86 2494 Si
103 2441 197 2494 autem
216 2436 348 2494 demolita
364 2435 462 2490 domus
480 2439 537 2500 est,
556 2448 591 2488 ex
608 2433 716 2502 integro
735 2448 779 2488 res
798 2431 912 2488 mobiles
929 2430 1112 2501 possidendas
1130 2437 1202 2504 sunt,
1221 2439 1252 2490 ut
1268 2441 1400 2506 tempore,
1418 2436 1493 2506 quod
1511 2449 1540 2491 ιι

56 2527 85 2583 in
107 2526 277 2596 usucapione
299 2539 389 2580 rerum
409 2523 548 2580 mobilium
568 2523 747 2579 constitutum
765 2527 820 2592 est,
844 2520 1049 2590 usucapiantur.
1082 2525 1112 2577 ct
1128 2537 1183 2578 non
1200 2528 1292 2594 peltes
1308 2530 1383 2580 recte
1400 2525 1442 2580 uti
1459 2539 1492 2581 eo
1510 2534 1527 2582 t.
1538 2533 1591 2584 ato’

57 2621 195 2686 tempore,
213 2629 268 2684 quo
286 2614 315 2669 in
333 2611 458 2669 aedificio
476 2610 602 2668 luerunt:
622 2627 685 2667 nam
703 2608 933 2680 quemadmodum
952 2623 1000 2665 eas
1018 2610 1091 2666 solas
1109 2615 1138 2666 et
1155 2617 1298 2682 separatas
1315 2612 1351 2670 ab
1369 2612 1493 2670 aedificio

58 2719 112 2760 non
129 2703 287 2775 possedisti,
305 2702 345 2758 sic
363 2716 414 2758 neo
430 2715 517 2772 penca
535 2706 563 2756 te
581 2700 706 2770 singulae
724 2703 774 2754 aut
784 2701 928 2769 separatae
940 2696 1051 2754 fuerunt
1062 2704 1091 2754 et
1102 2699 1312 2758 cohaerentibus
1323 2699 1367 2758 his
1378 2702 1406 2758 in
1419 2703 1493 2758 aedi-

59 2790 133 2863 hcio,
152 2791 286 2862 depositis
304 2789 534 2861 aedibus⁴„quas
551 2789 604 2845 hoo
622 2803 731 2858 quoque
749 2789 839 2859 ipsum
858 2787 1007 2843 continent.
1039 2789 1219 2859 nequeenim
1238 2791 1323 2860 recipi
1340 2794 1444 2861 potest,
1462 2796 1494 2847 ut

60 2881 155 2936 adem
173 2895 219 2936 res
237 2885 266 2936 et
284 2883 315 2935 nt
332 2893 376 2935 res
393 2879 445 2936 soli
463 2883 492 2934 et
508 2884 649 2948 tamquam
668 2876 775 2932 mobilis
793 2877 830 2932 sit
846 2891 984 2947 possessa.
1513 2893 1542 2936 ss

110 2971 284 3026 Permessus
301 2967 370 3024 libro
387 2967 537 3024 uicensimo
554 2972 652 3037 quarto
670 2967 706 3022 ad
719 2965 849 3034 Quintum
861 2965 990 3020 llucium.
1017 2963 1071 3020 Ubi
1082 2965 1127 3022 lex
1138 2964 1243 3022 inhibet
1254 2981 1317 3023 usu·
1337 2962 1494 3051 Q
1511 2977 1539 3032 E

63 3057 216 3130 cepionem,
238 3056 313 3113 bona
329 3055 399 3112 fides
416 3055 569 3127 possidenti
587 3055 652 3112 nihil
669 3055 790 3126 prodest.
827 3054 967 3109 Interdum
985 3053 1093 3108 etiamsi
1112 3068 1166 3110 non
1184 3053 1267 3110 luerit
1284 3055 1412 3112 inchoata
1429 3043 1494 3113 ιιιῖιῖ

63 3148 137 3218 capio
161 3161 180 3203 a
202 3144 346 3215 defuncto,
368 3144 493 3215 procedit
515 3143 609 3200 heredi
627 3145 701 3200 eius:
723 3144 810 3199 ueluti
827 3143 852 3199 si
870 3143 980 3212 uitium,
1003 3139 1081 3212 quod
1096 3142 1226 3200 obstabat
1243 3160 1299 3200 non
1315 3159 1350 3200 ex
1368 3159 1495 3216 persona,

63 3235 109 3293 sed
126 3251 163 3292 ex
179 3250 219 3306 re,
237 3239 384 3306 purgatum
403 3231 494 3304 luerit,
512 3237 629 3304 utputa
646 3233 671 3288 si
687 3231 748 3288 fisci
765 3247 810 3288 res
828 3246 890 3288 esse
908 3231 1021 3286 desierit
1038 3236 1087 3286 aut
1104 3229 1207 3288 furtiua
1224 3237 1273 3288 aut
1290 3233 1318 3288 ui
1335 3248 1473 3304 possessa

110 3326 265 3381 hrcnssxus
282 3323 415 3378 Rurmus
436 3321 506 3378 libro
523 3322 612 3392 primo
630 3323 795 3392 regularum.
831 3319 896 3377 Sine
913 3321 1089 3391 possessione
1107 3321 1239 3392 usucapio
1257 3335 1320 3377 con·
1338 3317 1496 3407 Q
1513 3333 1559 3403 Es

63 3413 165 3484 tingere
182 3428 238 3470 non
255 3415 356 3482 potest
1516 3427 1545 3468 so

112 3503 264 3559 omniur
281 3500 351 3556 libro
368 3497 519 3556 uicensimo
538 3513 611 3556 nono
629 3498 665 3554 ad
683 3497 824 3554 Sabinum.
851 3497 1008 3568 Numquam
1020 3495 1178 3568 superficies
1191 3497 1250 3553 sine
1262 3498 1320 3554 solo
1352 3509 1536 3567 acutus

62 3593 122 3663 capi
139 3593 222 3660 longo
239 3593 363 3660 tempore
380 3593 481 3659 potest.
710 3627 712 3632 ·
1407 3576 1496 3584 ’-

113 3681 191 3736 lunas
212 3678 282 3734 libro
304 3678 464 3748 trigensimo
487 3676 575 3747 primo
599 3675 635 3731 ad
657 3674 799 3732 Sabinum.
836 3674 933 3732 Celsus
954 3673 1024 3732 libro
1044 3675 1206 3745 trigenaimo
1224 3680 1321 3745 quarto
1340 3671 1536 3760 [ῇιῖῑῇὀε

59 3783 151 3824 errare
168 3783 217 3824 cos
234 3767 282 3836 ait,
300 3767 348 3835 qui
365 3765 561 3836 existimarent,
579 3764 657 3820 cuius
675 3765 715 3820 rei
732 3764 849 3835 quisque
866 3761 1011 3820 bonafide
1029 3763 1147 3834 adeptus
1165 3765 1202 3820 sit
1218 3753 1497 3838 posscssioffi

55 3873 254 3944 emanue)

60 4017 73 4052 ¹
92 4015 157 4070 idem
178 4013 276 4068 Graeci
293 4011 377 4082 (rip):
399 4027 565 4081 quamquam
590 4009 755 4078 (cataclismi
838 4009 850 4046 ²
872 4011 901 4066 in
925 4019 972 4067 tas.
991 4013 1069 4077 (edd)
1149 4011 1161 4047 ⁸
1183 4015 1248 4066 tulta
1270 4018 1444 4083 eaepcetamaa:
1466 4019 1499 4069 ut

56 4087 163 4155 potins,
181 4099 244 4139 cum
262 4083 347 4138 aedes
364 4097 399 4138 ex
417 4081 526 4138 duabus
543 4081 626 4138 rebus
644 4086 780 4151 constant,
799 4096 834 4136 ex
852 4083 911 4138 solo
929 4087 958 4138 et
969 4081 1121 4152 superficie,
1139 4082 1305 4138 uniuersitas
1323 4097 1417 4138 aarum
1435 4099 1498 4154 pos·

57 4157 184 4212 sessiorm
202 4155 333 4224 temporis
354 4153 532 4210 immobilium
554 4169 644 4208 rerum
663 4153 804 4208 dominum
822 4157 910 4209 mutet
928 4157 963 4219 (a.
976 4157 1005 4220 ι’.)
1089 4155 1101 4188 ⁴
1119 4171 1183 4208 nam
1200 4153 1432 4224 quemadmodum
1450 4169 1498 4212 cas

57 4229 135 4284 selas
153 4231 183 4282 et
200 4230 342 4296 separatas
361 4225 395 4282 ab
408 4223 533 4280 aedlficio
546 4240 600 4280 non
613 4225 760 4295 possedisti
773 4223 825 4280 nisi
837 4225 971 4294 depositis
985 4223 1109 4294 aedibus,
1128 4241 1199 4294 quae
1211 4225 1263 4280 hoc
1281 4241 1389 4294 quoque
1407 4227 1498 4296 ipsum

58 4300 212 4368 continent,
229 4297 271 4354 sic
288 4311 339 4354 nec
356 4311 441 4368 penca
459 4303 487 4352 te
505 4297 630 4366 singulae
648 4301 696 4351 aut
713 4301 857 4366 separatae
874 4293 986 4351 inerunt
1003 4294 1211 4352 cohaerentibus
1228 4295 1271 4351 his
1288 4296 1317 4351 in
1335 4295 1481 4354 aedificio?

61 4438 290 4498 lred'i'hibitioni
300 4439 336 4494 Ρ
367 4437 537 4509 aproprtb'e
547 4439 585 4492 Ρ
613 4436 753 4508 dherede]
807 4437 928 4494 omnium
947 4436 1044 4507 mutet]
1066 4437 1240 4506 possessione
1258 4439 1300 4502 (-
1309 4453 1372 4494 nem
1389 4439 1440 4504 X·,
1463 4454 1499 4496 ex

51 4511 196 4580 sshcrel'
226 4509 482 4580 deram1earumF
512 4508 754 4564 'lminus'usu'ea-
806 4525 882 4580 poss.
896 4509 930 4574 0)
947 4513 1003 4564 tem
1041 4509 1079 4564 ris
1091 4513 1158 4574 (tem
1179 4527 1248 4563 .om.
1260 4508 1307 4576 M)
1321 4509 1433 4565 immcb.
1446 4525 1498 4567 rer.

60 4582 219 4654 ptoncmF’
253 4581 404 4650 8quaesii⁴
415 4581 451 4632 Ρ
486 4579 690 4650 liqui'd’de*m⁴
699 4579 752 4650 ΡΙ
807 4579 956 4636 dominium
982 4583 991 4646 (
1013 4580 1132 4636 ominum
1153 4525 1206 4644 gi)
1228 4583 1318 4636 muwt
1339 4579 1500 4647 XY‘MOO,

61 4651 264 4710 uenditionc'm'
274 4653 311 4705 Ρ
366 4653 399 4706 16
415 4651 567 4720 ipsasnon]
581 4651 656 4720 ipsas
671 4650 754 4706 aedes
808 4660 857 4708 inc.
870 4650 903 4705 Y·
945 4651 980 4706 23
999 4651 1035 4720 te]
1054 4665 1090 4705 ue
1103 4651 1137 4704 Ρ
1155 4651 1159 4718 Ι
1175 4656 1204 4706 et
1212 4657 1308 4707 *eveo
1320 4653 1359 4705 Ρ
1394 4652 1499 4724 iigmo-

62 4740 117 4780 non
141 4723 179 4778 Ρ
199 4724 205 4790 l
225 4721 379 4793 possideuit
404 4723 441 4775 F¹
510 4723 544 4776 17
567 4727 694 4776 constent
717 4722 755 4775 Ρ
808 4723 878 4777 seiles
903 4722 937 4774 Ρ
1000 4723 1035 4777 25
1058 4721 1270 4806 usucapia‘n’tur
1287 4723 1325 4776 Ρ
1344 4723 1349 4790 Ι
1368 4725 1503 4791 potcstF

63 4797 97 4852 le
116 4793 219 4850 accidit
237 4793 262 4846 F
302 4794 336 4849 19
354 4793 470 4862 tempori
489 4791 523 4847 dc
541 4792 688 4848 mobilibus
699 4798 755 4848 sta·
799 4793 1058 4862 acceperam*
1084 4791 1294 4862 2'l1ra'eueoF²
1319 4795 1355 4850 28
1364 4800 1453 4862 qn*a⁴e
1462 4795 1500 4847 Ρ

63 4865 134 4936 tuto]
142 4865 189 4930 Ρ,
199 4863 370 4935 temporibus
382 4864 417 4920 de
429 4862 576 4920 mobilibus
587 4867 692 4918 statuta
702 4865 737 4916 Ρ
808 4865 842 4919 31
862 4865 969 4919 etiamsi
981 4871 1053 4920 mom
1065 4861 1165 4920 suerit
1177 4863 1216 4917 Ρ
1265 4865 1301 4920 33
1314 4861 1397 4922 suerit
1408 4864 1450 4920 'ex
1462 4862 1498 4920 re'

64 4935 256 5082 &mo
276 4937 314 5064 e21
332 4934 532 5078 guigope'rfi'de]
550 4933 755 5064 ιιέιῦἰιιιροῐιέλίιι
807 4939 907 5006 utputa
925 4933 961 4989 Ρ
977 4937 983 5004 Ι
998 4933 1198 4992 imtiua‘c'aut
1216 4935 1252 4988 Ρ

257 5023 319 5064 nm
425 5022 462 5062 rna
474 5022 557 5063 ammo
608 5023 652 5064 um
695 5022 727 5062 ru

65 5315 95 5347 1,
140 5327 174 5346 α’
