3638 5460
92 243 375 312 rmesumarsnun'
759 237 847 317 247
1211 245 1344 314 XXXVI
1368 249 1384 311 1
1407 251 1523 307 tii-60

91 404 156 459 item
180 404 247 458 alias
269 404 378 474 pignori
401 401 556 471 dedissent,
579 399 729 456 hereditate
752 406 849 471 postea
870 404 997 460 restituta
1020 405 1144 462 constitit
1167 419 1202 460 ex
1225 419 1258 460 ee
1279 402 1353 460 iacto
1371 409 1522 460 ceterarum

91 507 200 563 queque
217 494 373 562 portionum
391 492 572 560 uenditiones‚
590 491 655 544 item
674 491 790 560 pignera
807 491 969 548 confirmari.

28 578 72 661 557)
143 582 222 636 lunas
244 581 313 638 libre
330 585 430 637 οο1οιι
449 595 651 651 responsorum.
683 580 811 636 'Heredes
830 583 884 636 mei
901 582 1034 652 quidquid
1052 582 1088 638 ad
1107 597 1154 637 ees
1172 598 1207 637 ex
1225 582 1329 638 heredi·
1348 577 1523 665 ffiu—rffe'r
1542 589 1567 640 P

91 675 157 727 'tate
175 672 289 728 bonisne
307 672 376 726 meis
393 671 557 740 peruenerit,
574 669 603 724 id
621 685 701 724 omne
719 674 914 739 postmortem
934 687 1012 726 snam
1030 672 1176 726 restituant
1193 672 1298 741 patriae
1310 687 1388 727 meae
1401 674 1523 728 coloniae

89 758 373 816 'Beneuentnunrum'z
392 759 457 816 nihil
474 759 509 814 de
526 757 659 814 fructibus
677 758 814 828 pendente
832 761 992 816 condicione
1010 761 1146 830 persentis
1164 762 1281 830 petitum
1293 760 1379 816 uideri
1391 762 1521 816 constitit.
1541 773 1555 812 s

56 857 70 902 1
89 850 162 906 Gum
181 851 220 906 ita
236 849 326 905 inerat
343 850 487 919 seriptum:
506 846 577 903 ‘tidei
594 846 710 903 filiorum
729 861 851 903 meorum
871 849 881 922 11
901 850 1050 920 committo,
1069 855 1108 920 ut,
1127 850 1150 905 si
1169 851 1230 920 quis
1247 865 1340 904 eorum
1360 850 1418 905 sine
1430 850 1521 906 liberis
1539 858 1555 904 1.
1566 859 1612 903 111

89 939 173 1010 'prior
190 939 261 994 diem
280 955 360 994 sunm
378 937 483 1006 obierit,
501 941 607 1008 partem
620 951 698 992 suem
712 937 851 1007 superstiti
863 937 940 994 fratri
952 939 1093 994 restituat:
1112 939 1185 1008 qued
1197 939 1221 994 si
1233 944 1347 1008 uterque
1359 939 1418 994 sine
1430 938 1522 995 libetis

88 1028 170 1084 'diem
194 1045 274 1084 suum
296 1027 406 1096 obierit,
429 1041 536 1083 emnem
555 1026 734 1082 hereditatem
753 1027 788 1081 ad
808 1033 916 1097 neptem
935 1044 1024 1083 meam
1044 1028 1185 1084 Claudiam
1203 1028 1347 1098 peruenire
1365 1027 1450 1083 nelo‘:
1475 1028 1522 1083 de·

87 1117 186 1174 functe
203 1119 289 1172 nitere
306 1117 452 1187 superstite
469 1114 533 1186 iilic,
551 1117 700 1171 nouissime
718 1121 810 1171 summ
828 1117 887 1172 sine
899 1117 991 1172 liberis
1004 1118 1095 1187 neptis
1107 1118 1195 1187 prima
1206 1117 1316 1186 quidem
1329 1115 1399 1172 facie
1411 1123 1523 1188 prepter

87 1207 258 1263 condicionis
281 1206 367 1262 uerba
390 1221 443 1261 nen
467 1205 574 1261 admitti
597 1205 756 1261 uidebatur:
779 1205 827 1260 sed
852 1221 914 1260 eum
934 1207 963 1262 iu
980 1205 1199 1262 fideicommissis
1217 1207 1386 1262 uoluntatem
1404 1207 1523 1276 spectari
1542 1220 1569 1257 re

86 1297 249 1366 conueniat,
272 1294 421 1351 absurdum
446 1309 508 1350 esee
531 1294 659 1364 respondi
683 1299 808 1350 cessante
831 1296 919 1365 prima
942 1295 1136 1352 substitutione
1159 1296 1245 1365 partis
1270 1296 1345 1365 nepti
1362 1296 1522 1366 petitionem

86 1386 234 1456 denegari,
257 1401 338 1455 quam
362 1388 450 1440 tetum
469 1383 569 1440 habere
588 1384 674 1440 uoluit
691 1399 774 1455 auus,
799 1385 824 1440 si
841 1384 1006 1440 nouissimus
1023 1383 1115 1440 fratris
1133 1399 1242 1455 queque
1259 1386 1411 1454 portionem
1430 1401 1522 1440 susce·

50 1475 184 1546 spissat.
217 1474 291 1530 'Peto
315 1472 415 1544 dete,
439 1489 508 1528 uxor
529 1474 680 1543 carissima,
704 1474 744 1527 uti
768 1488 830 1528 cum
854 1473 976 1528 morieris
995 1473 1175 1538 hereditatem
1198 1489 1287 1528 meam
1309 1474 1439 1530 restituas
1459 1473 1522 1529 filiis

85 1564 165 1619 'meis
183 1563 228 1618 uel
246 1563 292 1620 nni
310 1577 404 1618 eorum
422 1564 467 1618 nel
485 1561 630 1632 nepotibus
654 1562 722 1618 meir
740 1563 800 1617 uel1
819 1562 863 1618 cni
886 1563 1005 1617 uolueris
1029 1563 1074 1617 nel
1093 1564 1218 1633 cognatis
1237 1564 1305 1618 meis
1323 1561 1365 1618 si¹
1383 1564 1427 1618 oui
1445 1564 1522 1618 uoles

84 1653 132 1708 'cx
149 1659 209 1707 teta
226 1653 389 1722 cognatione
407 1651 484 1707 mea'.
511 1653 581 1707 iuter
597 1650 669 1707 filies
687 1651 816 1722 respondi
836 1650 1056 1707 substitutionem
1079 1650 1283 1708 fideicommissi
1306 1650 1407 1706 iactam
1426 1652 1521 1723 uideri,
1542 1663 1569 1704 re

85 1743 162 1798 cirea
183 1747 298 1813 nepotes
322 1745 414 1796 antem
439 1749 463 1796 et
485 1747 592 1796 ceteros
614 1745 747 1810 cognatos
774 1739 932 1796 facultatem
959 1742 1078 1813 eligendi
1106 1742 1213 1798 datam:
1241 1757 1276 1797 ex
1303 1742 1402 1796 ceteris
1429 1745 1521 1796 autem
1581 1813 1583 1818 Α

85 1832 228 1901 seguntia,
255 1832 279 1886 si
305 1835 420 1900 nepotes
444 1835 632 1901 superessent,
659 1843 714 1885 neu
741 1833 816 1885 recte
843 1831 983 1886 mulierem
1013 1831 1161 1886 electorem
1186 1836 1296 1902 prepter
1318 1830 1420 1900 padus
1446 1828 1522 1886 tesi·

86 1921 245 1976 eemmissi¹
262 1921 458 1990 praescriptos:
481 1918 624 1974 deficiente
646 1933 711 1974 uere
733 1919 822 1988 mado
844 1924 976 1990 nepotum
996 1935 1031 1975 ex
1048 1921 1172 1991 cognatis
1191 1937 1273 1990 quam
1291 1920 1359 1975 uelit
1376 1935 1521 1990 persenam

86 2011 154 2080 eligi
171 2023 262 2080 posse.
1542 2021 1569 2060 re

28 2103 68 2182 8)
143 2100 221 2154 leurs
238 2098 307 2154 libre
325 2113 397 2154 nene
415 2112 616 2169 responsorum.
644 2098 771 2155 Deducta
788 2103 866 2169 parte
884 2103 983 2169 quamn
999 2098 1144 2154 restituere
1157 2103 1269 2168 regatus
1282 2097 1327 2153 be·
1346 2093 1522 2183 [ῇῖιιῖξέ
1540 2104 1566 2156 Ρ

87 2187 243 2255 ruditatem,
261 2188 337 2258 prius
355 2203 436 2257 quam
455 2189 620 2257 restitueret,
639 2188 803 2244 hereditarie
821 2187 938 2244 debitori
957 2187 1036 2243 heres
1055 2188 1153 2243 extitit.
1182 2188 1309 2258 queniam
1328 2189 1400 2242 aetio
1413 2203 1446 2244 eo
1458 2203 1521 2244 con·

86 2277 151 2334 iuss
168 2293 219 2348 per
235 2276 436 2332 Trebellianum
454 2277 634 2348 redintegrari
652 2293 706 2332 neu
724 2282 825 2348 petest,
843 2278 976 2348 pecuniae
995 2289 1103 2346 queque
1121 2275 1230 2332 debitae
1248 2275 1367 2331 dodrans
1385 2291 1420 2332 ex
1438 2293 1522 2333 earrsa

86 2367 294 2424 fideicommissi
311 2372 428 2436 petetur.
456 2367 552 2421 sedin
570 2382 633 2421 enm
652 2366 733 2437 diem,
751 2381 806 2436 qno
825 2367 896 2422 actio
914 2365 1029 2421 confusa
1047 2371 1097 2435 est,
1117 2381 1216 2421 usurae
1232 2366 1370 2435 praeteriti
1382 2369 1521 2438 temperis,

87 2473 159 2528 quae
177 2457 206 2512 in
224 2455 390 2524 obligatione
409 2457 452 2510 uel
470 2456 498 2510 in
515 2453 607 2510 officie
625 2455 722 2511 iudicis
740 2454 858 2524 inerunt,
876 2454 1120 2525 computabuntur:
1139 2455 1297 2525 posterioris
1309 2454 1348 2509 ita
1360 2455 1478 2525 demum,
1497 2457 1521 2510 si

58 2561 165 2604 rmera
182 2545 393 2601 fideicommisse
411 2542 485 2600 iacta
503 2545 547 2599 sit.
576 2543 644 2600 Cum
663 2543 800 2600 hereditas
818 2559 853 2599 ex
871 2559 956 2599 causa
973 2541 1173 2600 fideicommissi
1190 2544 1218 2599 in
1230 2548 1339 2614 tempus
1351 2544 1521 2600 restituenda
1540 2553 1568 2594 2⁶

87 2642 144 2706 est,
168 2651 224 2691 nen
243 2634 344 2689 ideireo
362 2633 500 2688 neminum
518 2635 669 2705 perieulum
688 2635 724 2689 ad
741 2634 869 2688 heredem
888 2633 1048 2704 pertinebit,
1070 2633 1143 2703 qued
1161 2633 1240 2687 heres
1258 2649 1275 2687 a
1292 2633 1454 2702 quibusdam
1472 2649 1520 2704 pe·

61 2727 198 2784 scaniam
221 2725 353 2795 exegerit.
389 2723 441 2790 Qui
464 2728 529 2794 post
550 2729 659 2794 tempus
682 2723 860 2779 hereditatem
885 2723 1028 2778 restituere
1051 2727 1177 2792 regatur,
1202 2738 1295 2778 usuras
1317 2722 1519 2780 adebiteribnr

87 2815 261 2872 hereditariis
283 2819 440 2884 perceptae,
464 2829 580 2884 quarum
599 2813 657 2867 dies
675 2816 869 2882 postmortem
888 2812 1029 2867 creditoris
1047 2813 1144 2880 cessit,
1166 2812 1309 2866 restituere
1327 2827 1381 2867 neu
1399 2813 1519 2882 cogitur:

88 2905 189 2975 quibes
208 2919 264 2959 nen
281 2903 386 2958 exactis
404 2903 524 2957 emnium
544 2917 686 2958 usurarum
705 2902 777 2956 aede
796 2904 869 2968 (nam
887 2900 1051 2956 hereditaria
1069 2901 1208 2970 stipulatio
1220 2899 1288 2968 'fuiti
1301 2916 1336 2956 ex
1347 2901 1519 2959 Trebelliano
1551 2911 1564 2932 ·

87 2993 282 3063 transferetur,
308 2997 336 3048 et
358 2992 421 3048 ideo
440 3007 490 3046 nee
509 2991 624 3046 indebiti
641 2991 766 3061 repetitio
784 2991 844 3045 erit.
877 3006 909 3045 ae
928 2990 1052 3044 similiter
1068 2989 1232 3045 hereditario
1250 2990 1377 3046 creditori
1395 2991 1419 3046 si
1437 2992 1520 3047 medii
1538 3001 1566 3042 ao

87 3083 221 3154 temperis
239 3097 294 3137 neu
312 3082 453 3137 solueretur
471 3095 578 3150 usurae,
596 3078 876 3136 fideicommissariam
894 3080 923 3134 in
940 3079 982 3134 his
1000 3093 1109 3148 queque
1128 3078 1328 3134 Trebellianum
1346 3079 1450 3136 tenebit
1468 3095 1519 3136 nee

87 3173 149 3228 ideo
168 3171 307 3242 querellae
324 3171 401 3226 loeus
419 3171 484 3240 erit,
507 3169 580 3238 qued
598 3169 633 3224 de
650 3167 784 3224 fructibus
803 3168 894 3238 heres,
918 3183 987 3238 ques
1005 3169 1064 3222 iure
1080 3181 1132 3224 sue
1150 3167 1330 3240 percipiebat,
1349 3168 1446 3238 faenus
1463 3186 1518 3226 neu

87 3263 210 3317 soluerit
244 3260 318 3330 qued
336 3261 360 3314 si
377 3258 474 3314 faenus
492 3259 571 3313 heres
589 3258 672 3313 medii
690 3259 821 3328 temperis
838 3258 963 3327 soluerit,
988 3271 1021 3313 ee
1038 3257 1148 3312 nemine
1167 3272 1221 3311 uon
1239 3258 1291 3312 erit
1308 3259 1436 3328 retentio,
1456 3274 1517 3314 enm

86 3352 227 3422 preprium
251 3349 390 3418 negotium
415 3349 514 3418 gessit,
538 3348 640 3418 qnippe
657 3351 758 3404 sertem
777 3347 891 3404 reddere
908 3346 1036 3402 creditori
1054 3351 1165 3401 coaetus
1183 3344 1435 3402 fideicommissario
1453 3348 1518 3403 nihil

50 3443 67 3490 a
87 3455 233 3496 usurarum
252 3438 334 3492 medii
352 3437 482 3508 temperis
500 3436 652 3507 imputabit.
678 3437 808 3507 Acceptis
827 3443 935 3492 eentum
955 3435 1132 3490 hereditatem
1151 3441 1264 3505 regatus
1276 3437 1419 3491 restituere
1431 3443 1517 3492 tetam
1536 3447 1564 3488 rs

85 3530 232 3600 pecuniam
250 3527 309 3582 iure
326 3527 463 3582 Falcidiae
481 3527 621 3596 percipere
639 3525 760 3595 uidetur,
779 3531 807 3580 et
824 3527 864 3581 ita
881 3525 938 3580 diui
955 3523 1085 3580 Hadriani
1103 3525 1264 3594 rescriptum
1281 3526 1447 3580 intellectum
1466 3530 1517 3596 est,

86 3625 228 3688 umquam
252 3617 276 3670 si
298 3631 333 3672 ex
356 3615 435 3672 benis
458 3630 582 3671 nummos
605 3619 761 3670 retenturus
784 3613 890 3670 inisset.
922 3613 995 3684 qued
1019 3619 1084 3668 tune
1102 3628 1210 3684 quoque
1228 3615 1448 3685 respondendnm
1466 3621 1517 3685 cst,

86 3725 150 3764 eum
169 3721 220 3778 pre
237 3711 316 3776 parte
332 3705 511 3760 hereditatem
529 3704 655 3761 ceberedi
673 3719 723 3759 sue
742 3705 884 3758 restituere
901 3709 1022 3772 regatur.
1055 3703 1165 3760 diuersa
1182 3719 1266 3758 eausa
1283 3708 1327 3759 est
1344 3703 1515 3773 praediorum

87 3813 137 3869 pro
154 3795 322 3852 hereditaria
338 3797 416 3865 parte
435 3799 615 3849 retentorum:
635 3794 736 3863 qnippe
753 3795 870 3864 pecnnia
887 3793 975 3848 omnis
993 3792 1028 3847 de
1045 3794 1170 3862 portione
1188 3793 1297 3848 redueri
1315 3797 1420 3863 petest,
1439 3809 1515 3863 prae·

87 3888 195 3944 dierum
215 3891 308 3940 antem
326 3885 379 3940 alia
396 3885 484 3954 portio
503 3897 557 3938 neu
575 3883 626 3938 nisi
645 3899 663 3938 a
679 3882 822 3952 coherede,
840 3882 888 3952 qui
905 3881 1054 3937 dominium
1071 3881 1163 3953 habet,
1181 3883 1321 3954 accipitur.
1349 3897 1410 3937 cum
1424 3887 1515 3938 summ
1535 3893 1563 3934 re

87 3983 330 4052 imbueres)

87 4201 155 4256 meir
173 4197 199 4254 si
217 4198 264 4252 del.
334 4197 345 4230 ¹
363 4192 592 4250 fideicommisse‘i

88 4337 175 4390 tex*
189 4329 226 4385 f*
270 4325 484 4398 trestituant'a'
497 4325 533 4380 F‘
576 4325 775 4382 dhoneneuta
829 4327 1056 4392 narraremus,
1073 4331 1186 4396 regatus
1203 4341 1300 4382 usuras
1313 4329 1408 4394 (usura
1421 4327 1517 4393 61110

86 4403 258 4462 uouerumi'
296 4401 411 4456 Βιιιιιι
420 4399 553 4454 claudiam
563 4398 705 4468 peruenire
714 4398 776 4453 uelo
829 4400 863 4454 29
882 4398 1239 4468 exactis‘quibus'emuium
1258 4399 1284 4451 F
1285 4398 1296 4432 ⁵
1349 4399 1384 4454 30
1401 4398 1515 4454 indebiti

86 4475 219 4532 defuncte
231 4476 271 4529 dis
284 4473 318 4526 1⁵⁸¹
364 4473 396 4527 11
411 4469 593 4526 sb'd'surdum
606 4469 650 4534 F‘,
669 4469 704 4524 ad
717 4468 776 4525 iun·
828 4471 963 4540 repetitio]
987 4469 1028 4534 Et,
1047 4469 1184 4526 indebitus
1201 4469 1327 4540 repetitio
1347 4473 1378 4534 F,
1401 4470 1515 4526 indebiti

87 4549 151 4604 dum
167 4545 206 4599 W
258 4546 291 4600 13
309 4543 460 4599 ιΙιιίιιίιιι
477 4544 502 4596 F
546 4542 579 4596 14
598 4541 642 4596 uel
660 4541 712 4610 eni]
732 4541 776 4595 cui
828 4543 924 4612 petitio
942 4540 1064 4606 DI⁶GK,
1082 4541 1202 4596 indebite
1219 4543 1319 4612 peticio
1333 4541 1375 4606 W,
1392 4541 1515 4598 indebito

92 4619 186 4675 WDE
196 4619 253 4683 (aad
264 4623 366 4671 ombria
375 4623 432 4670 stem
445 4635 468 4668 u.
480 4612 626 4684 nepotibus
638 4614 715 4680 meis)
726 4613 776 4677 111,
828 4614 928 4684 peticio
939 4613 982 4678 E0,
995 4612 1116 4668 indebita
1127 4613 1224 4683 petitio
1235 4615 1260 4666 1a
1301 4614 1521 4683 supernotati

86 4689 315 4748 minantia&
359 4688 393 4741 15
407 4684 626 4741 substitutionem
640 4684 665 4736 F
703 4686 737 4738 16
749 4689 777 4738 et
828 4686 864 4740 35
881 4683 1041 4754 imputabim
1060 4687 1100 4750 Fi
1116 4684 1259 4754 aecep‘i'tis
1277 4683 1312 4737 F*
1328 4687 1333 4752 1
1349 4691 1457 4740 centnm
1476 4688 1515 4740 dia

86 4759 345 4831 ceterea1li'l‘OK
364 4763 470 4813 ceteros
488 4759 514 4821 F,
535 4761 694 4825 ueteresque
712 4755 775 4819 DE,
829 4757 865 4810 F¹
885 4761 923 4820 (iu
941 4764 1055 4840 marpissa
1073 4764 1110 4811 est
1127 4759 1169 4822 xl:
1188 4757 1243 4828 περὶ
1263 4757 1310 4818 rei
1329 4758 1514 4820 κειεγιθὲοτοι

86 4836 157 4890 etl·
219 4833 251 4888 18
268 4835 405 4900 cognatus
423 4831 459 4882 Ρ
517 4830 551 4883 21
571 4828 642 4882 aetio
659 4826 701 4896 eo]
721 4825 775 4890 Fri,
828 4829 915 4882 istisin
934 4827 1183 4884 isurunuonicuara
1198 4827 1513 4883 nnitsorarucricurin

86 4908 210 4962 &tiones
226 4903 266 4968 K,
289 4903 364 4958 actio
379 4899 511 4964 WDQIO
560 4900 595 4954 23
612 4903 722 4968 petatur
739 4899 774 4950 ffl
829 4897 1125 4972 snupouoniuuBtTip.)
1156 4901 1191 4956 31
1201 4901 1360 4969 nummeFl
1376 4899 1466 4970 q*n⁴ed
1478 4899 1514 4954 F*

86 4973 420 5034 ibideieemmismissiF
451 4969 776 5040 arrogaturnsnrasiat,
827 4972 863 5027 38
880 4968 1021 5027 diuersa‘e'
1038 4971 1075 5024 F*

87 5053 233 5122 regam
249 5061 350 5104 usuras
367 5045 396 5110 F,
420 5048 533 5114 regatur
550 5047 680 5114 (cogatur
690 5041 733 5110 K)
751 5041 776 5096 is
