3600 5460
254 268 374 336 XXXX
398 269 474 334 132
497 304 526 314 -
549 269 626 332 143
928 251 1019 340 484
1185 283 1216 332 ιι
1237 283 1411 356 monuuus
1433 283 1515 332 sess
1538 283 1690 332 moseos

254 440 336 494 agere
355 429 460 494 potest,
484 427 514 478 at
531 424 555 478 si
573 423 609 478 ad
626 422 780 478 libertatem
800 435 897 476 seruus
914 421 1083 492 peruenerit,
1103 421 1209 477 nullam
1231 423 1365 478 astionem
1384 420 1530 477 habiturus
1548 425 1605 492 est,
1629 421 1691 491 quia

253 513 319 568 nihii
338 512 477 568 uidebitur
494 512 573 567 heres
591 527 625 567 ex
644 509 766 566 deinnoti
784 509 847 565 dolo
865 515 1038 565 oonssoutus.

217 605 235 662 3
306 603 479 657 Poueoruus
496 600 565 656 libro
583 599 728 655 undeoimo
747 599 923 670 epistularum
943 604 972 653 et
988 598 1125 653 uariarum
1144 599 1301 654 lectionum.
1338 599 1399 668 llis,
1423 599 1470 668 qui
1492 614 1524 654 ιι
1542 599 1620 670 passi
1639 597 1730 651 sintE

254 689 355 758 uenire,
375 689 411 743 ad
429 688 581 743 libertatem
601 688 789 758 proclamandi
806 688 942 742 iioentiam
961 687 1100 757 denegari.
1129 701 1239 757 quaero,
1258 705 1293 742 an
1308 691 1351 743 ¹et
1363 688 1398 742 ad
1412 703 1469 758 eos,
1488 689 1585 757 quiex
1598 687 1691 741 mulie

254 777 342 847 ribus,
367 792 437 847 quae
456 792 486 832 se
504 792 604 847 passae
627 779 682 832 sint
705 778 812 846 uenire,
838 782 1002 846 naseuntur,
1026 777 1083 831 ita²
1100 781 1213 831 senatus
1238 778 1363 832 oonsnlta
1385 775 1544 847 pertinent?
1570 774 1719 830 dubitaris

253 882 308 921 non
326 871 431 936 potest,
456 866 520 934 quin
540 867 565 920 ei
584 880 706 935 quoque,
731 879 802 934 qnae
821 865 908 920 maior
925 867 1004 921 annia
1022 865 1120 933 uiginti
1139 865 1233 920 uenire
1251 880 1281 920 se
1299 881 1383 936 passa
1400 871 1457 934 est,
1481 864 1518 920 sd
1535 863 1690 919 libertatem

252 954 438 1026 proclamandi
456 955 567 1008 liuentia
584 953 667 1009 fuerit
684 953 855 1024 deneganda.
886 953 928 1008 his
946 967 1055 1022 quoque
1074 953 1166 1008 danda
1183 967 1238 1008 non
1256 959 1307 1024 est,
1326 955 1373 1024 qui
1391 969 1426 1009 ex
1444 969 1478 1009 ea
1494 953 1554 1008 nati
1566 957 1691 1022 tempore

199 1035 204 1042 ’
253 1044 393 1099 seruitutis
411 1044 470 1098 eius
489 1049 577 1098 erunt.

215 1135 234 1192 4
306 1134 424 1188 Psunus
451 1131 519 1187 libro
545 1131 708 1186 duodecimo
736 1130 935 1200 quaestionum.
973 1129 1113 1184 Lioinnius
1137 1128 1252 1186 Rufinus
1276 1131 1344 1186 lulio
1367 1131 1461 1186 Paulo.
1494 1131 1523 1184 Is
1546 1130 1593 1184 oni
1615 1127 1733 1184 fidei-P
1781 1119 1788 1130 '

244 1223 400 1277 'commissa
417 1221 528 1276 libertas
546 1219 699 1276 debebatur
716 1223 782 1289 post
799 1219 978 1275 uicensimum
999 1233 1100 1274 anunm
1119 1219 1206 1274 ueniri
1225 1235 1255 1274 ιι
1274 1235 1373 1289 passus
1391 1224 1448 1274 est:
1471 1232 1591 1288 quaero,
1610 1217 1691 1272 dene·
1710 1229 1735 1270 ιι

253 1310 373 1380 gendum
397 1311 433 1364 sit
457 1311 482 1364 ei
506 1310 540 1365 ad
564 1309 716 1364 libertatem
741 1309 918 1378 proclamare.
946 1313 1041 1363 monet
1063 1323 1107 1362 me
1132 1308 1286 1377 exemplum
1311 1308 1433 1362 oniusuis
1457 1307 1535 1362 liberi
1558 1305 1691 1361 bominis:

253 1415 316 1454 nam
335 1403 364 1452 et
381 1399 404 1452 si
423 1404 587 1453 consecutus
605 1402 680 1452 esset
696 1396 859 1465 libertatem,
877 1405 901 1450 ιι·
919 1411 949 1451 so
967 1397 1145 1466 uendidisset,
1164 1397 1348 1466 denegaretur
1365 1395 1438 1451 eiad
1456 1395 1612 1450 libertatem
1631 1409 1692 1464 pro·

252 1488 380 1555 olamare,
399 1502 450 1542 neo
468 1485 551 1540 debet
569 1486 674 1540 meliori
688 1486 748 1540 loeo
761 1484 890 1554 intellegi,
909 1485 983 1554 quod
1001 1487 1030 1540 in
1048 1485 1181 1540 seruitute
1199 1485 1366 1540 constitutus
1377 1500 1477 1556 passus
1488 1489 1534 1539 est
1546 1499 1577 1539 se
1589 1497 1692 1538 uenum

252 1575 319 1644 dari,
339 1591 420 1644 quam
440 1575 464 1629 si
481 1579 556 1629 esset
573 1573 727 1628 libertatem
746 1579 919 1628 oonseontus.
947 1573 997 1628 aed
1010 1587 1026 1627 e
1038 1573 1174 1628 contrario
1192 1578 1286 1628 mouet
1302 1587 1355 1644 me,
1373 1572 1447 1643 quod
1460 1573 1488 1627 in
1501 1572 1562 1640 boo,
1582 1571 1619 1626 de
1636 1585 1711 1647 qno,

252 1663 400 1733 quaeritur,
420 1663 541 1717 uenditio
560 1661 683 1716 eonstitit
701 1667 730 1716 et
747 1667 791 1716 est
808 1663 854 1730 qui
873 1666 981 1730 ueneat,
1000 1661 1028 1716 in
1045 1661 1130 1716 libero
1149 1665 1241 1717 antem
1260 1661 1369 1718 bomine
1387 1675 1476 1732 neque
1491 1660 1617 1716 uenditio
1629 1674 1693 1715 oon·
1712 1675 1740 1714 ιι

252 1752 323 1807 stitit
340 1755 369 1806 et
386 1751 452 1806 nibil
470 1755 513 1804 est
531 1750 604 1819 quod
624 1753 731 1805 ueneat.
758 1754 824 1820 peto
835 1751 929 1819 itaque
945 1751 1102 1819 plenissime
1114 1751 1243 1806 instruas.
1271 1750 1423 1820 respondit:
1441 1749 1565 1806 uenditio
1579 1749 1694 1819 quidem

251 1845 309 1895 tam
328 1840 401 1895 serui
419 1855 501 1908 quam
520 1838 598 1893 liberi
616 1837 739 1893 contrabi
758 1841 851 1908 potest
869 1843 897 1892 et
915 1839 1055 1908 stipulatio
1074 1839 1109 1893 de
1127 1839 1263 1894 edictione
1281 1839 1463 1894 contrabitur:
1488 1853 1543 1894 non
1562 1839 1639 1894 enim
1658 1837 1694 1892 ds

252 1943 286 1984 eo
304 1929 447 1998 loquimur,
466 1928 513 1997 qni
532 1928 621 1982 solens
639 1927 752 1982 liberum
772 1927 854 1982 emit:
873 1941 935 1981 nam
955 1925 1090 1982 aduersus
1109 1927 1180 1983 buno
1197 1930 1265 1982 ιιιι1
1284 1927 1491 1983 adilbertatem
1509 1926 1695 1996 proclamatio

252 2015 413 2085 denegatur.
441 2016 489 2071 sed
506 2016 543 2085 is,
567 2016 614 2084 qui
633 2016 722 2072 odbuo
740 2031 838 2071 seruus
856 2022 911 2084 est,
936 2016 1019 2070 etiam
1038 2015 1140 2070 inuitus
1159 2017 1247 2071 ueniri
1261 2021 1369 2086 potest,
1392 2017 1519 2086 quamuis
1536 2020 1566 2070 et
1584 2017 1645 2085 ipse'
1665 2015 1695 2070 in

252 2120 285 2161 so
304 2107 392 2160 malus
411 2105 460 2174 sit,
479 2103 552 2174 quod
571 2104 606 2159 ds
625 2105 784 2160 oondieione
803 2121 854 2159 sua
871 2105 1037 2173 dissimulat,
1060 2119 1122 2159 oum
1142 2105 1170 2159 in
1188 2121 1239 2159 sua
1256 2109 1394 2174 potestate
1412 2105 1526 2173 habeat,
1544 2109 1578 2160 ut
1596 2105 1696 2159 statim
1716 2119 1747 2160 ιι

252 2194 288 2249 ad
305 2193 459 2248 libertatem
477 2193 629 2263 perueniat.
657 2193 732 2263 quod
749 2193 859 2263 quidem
877 2195 890 2266 'l
910 2209 965 2248 non
983 2199 1076 2262 potest
1094 2194 1119 2248 ei
1137 2193 1279 2264 imputari,
1303 2195 1348 2250 oui
1371 2194 1491 2250 nondum
1509 2191 1626 2249 libertas
1645 2193 1696 2249 de·
1715 2200 1795 2252 ιη’

251 2281 340 2338 betur.
368 2297 439 2352 pone
458 2280 647 2336 statuliberum
665 2297 777 2350 passum
797 2296 827 2336 se
845 2297 945 2336 uenum
965 2281 1037 2336 dari:
1061 2297 1142 2337 nemo
1164 2283 1288 2338 dioturus
1306 2289 1350 2337 est
1367 2283 1579 2353 superueniente
1597 2282 1697 2338 eondi-

251 2371 344 2440 oione,
369 2385 441 2440 quae
459 2385 514 2425 non
531 2368 584 2424 init
601 2371 628 2424 in
648 2371 707 2424 eius
726 2375 876 2440 potestate,
899 2369 1034 2425 libertatis
1057 2371 1217 2440 petitionem
1242 2371 1268 2426 ei
1292 2371 1490 2441 denegandam.
1519 2371 1594 2426 idem
1613 2376 1697 2442 puto,

251 2460 359 2514 etiamsi
377 2460 405 2512 in
423 2459 510 2529 ipsius
528 2464 666 2528 potestate
684 2457 737 2513 init
754 2458 886 2514 oondioio.
914 2459 963 2514 sed
982 2459 1009 2512 in
1028 2460 1168 2530 proposito
1187 2461 1276 2529 magis
1293 2447 1470 2530 probandum
1483 2465 1535 2530 est,
1556 2465 1592 2514 ut
1610 2459 1699 2516 dene·

251 2553 331 2616 getur
350 2548 374 2601 ei
392 2546 525 2602 libertatis
544 2547 653 2617 petitio,
677 2548 724 2618 qui
742 2547 832 2617 potuit
848 2552 942 2616 petere
961 2546 1114 2602 libertatem
1138 2553 1167 2603 et
1185 2549 1281 2604 maluit
1298 2563 1329 2604 ιι
1346 2565 1447 2604 nonum
1466 2548 1539 2618 dari,
1564 2549 1635 2619 quia
1653 2550 1699 2605 in·
1720 2565 1750 2606 ιι

252 2635 351 2704 dignus
370 2640 411 2690 ost
429 2637 530 2691 auxilio
548 2636 682 2706 praetoris
700 2634 953 2690 fideicommissarii.

132 2782 133 2786 ,
214 2726 233 2785 5
305 2725 423 2780 Paunus
447 2724 516 2780 libro
539 2725 670 2794 singulari
694 2724 729 2779 ad
754 2730 866 2780 senatus
889 2725 1044 2780 consultum
1064 2724 1253 2780 Claudianum.
1289 2723 1391 2782 Sidus
1415 2723 1530 2780 liberum
1549 2723 1698 2782 bominem
1719 2729 1749 2783 P

252 2813 382 2866 maiorem
401 2813 480 2867 annis
498 2813 595 2882 uiginti
614 2813 768 2882 omonimus,
788 2829 858 2868 unus
877 2813 967 2868 soiens
986 2814 1045 2868 eius
1058 2813 1254 2883 eondioionem,
1273 2815 1341 2869 alter
1353 2814 1490 2885 ignorans,
1510 2829 1565 2869 non
1579 2822 1700 2886 propter

252 2913 314 2955 eum
334 2901 381 2969 qui
399 2901 452 2956 soit
470 2901 504 2955 ed
523 2899 675 2956 libertatem
695 2902 720 2956 ei
738 2902 907 2971 prooiamars
926 2902 1100 2972 permittitur,
1119 2903 1168 2957 sed
1186 2907 1299 2972 propter
1316 2917 1378 2958 eum
1397 2903 1445 2973 qui
1462 2903 1575 2973 ignorat
1594 2919 1700 2962 seruus

252 2985 394 3063 effioietnr,
413 2988 463 3044 sed
481 3003 536 3045 non
553 2989 636 3045 stiam
655 2990 715 3046 eius
733 2991 780 3059 qui
796 2991 857 3061 soit,
875 2989 924 3046 sed
943 2995 1050 3046 tantum
1070 2991 1191 3047 alterius.
1722 3009 1752 3050 ao

958 3144 1027 3226 iiii.

544 3279 581 3356 lt
622 3278 663 3355 Sl
689 3145 1076 3356 INGENUUSXESSE
1111 3278 1319 3356 DlCETUR
1359 3281 1396 3357 it
1721 3305 1794 3361 nse

216 3435 232 3492 1
305 3432 486 3487 Msaounuus
505 3431 573 3487 libro
592 3433 709 3503 septimo
728 3434 904 3504 digestorum.
938 3434 966 3488 Si
984 3434 1099 3490 libertus
1116 3435 1228 3491 alterius
1247 3435 1299 3491 aiio
1318 3439 1417 3505 ιςιιιι
1436 3436 1512 3506 inge·
1531 3431 1701 3520 [sjffiffi
1720 3448 1748 3502 Ε

252 3536 323 3576 nnus
341 3521 532 3591 pronuntiatus
551 3535 612 3576 esse
630 3521 751 3592 dicetur,
775 3525 834 3578 sine
858 3525 913 3578 nlla
937 3523 1099 3594 exeeptione
1122 3526 1253 3595 temporis
1274 3531 1407 3595 patronus
1423 3525 1485 3580 eius
1503 3514 1701 3595 sogmfiffirsffi

252 3611 322 3666 solet
340 3625 476 3664 exeruere.
1721 3631 1751 3672 ιι

214 3700 233 3757 2
304 3697 494 3754 Ssnrmumus
512 3699 580 3754 libro
598 3699 686 3769 primo
704 3699 739 3754 de
758 3698 849 3756 oiiioio
867 3702 1047 3770 proconsulis.
1085 3701 1137 3767 Qui
1161 3715 1191 3756 se
1215 3702 1308 3758 uenire
1331 3717 1431 3772 passus
1455 3707 1531 3758 emet
1548 3706 1700 3778 maiorem,
1720 3713 1743 3768 s

251 3788 356 3842 seilicet
372 3793 405 3842 ut
422 3788 539 3857 pretium
558 3788 594 3844 ad
612 3789 701 3857 ipsum
720 3790 889 3860 perueniret,
912 3789 1110 3860 prohibendum
1135 3790 1170 3845 de
1194 3789 1320 3846 libertate
1344 3791 1509 3847 oontendere
1533 3791 1622 3849 diuus
1642 3795 1700 3850 ila-

251 3875 363 3930 drianus
382 3877 537 3931 eonstituit:
562 3877 612 3931 sed
629 3877 767 3932 interdum
785 3879 825 3932 its
842 3879 1062 3934 oontendendum
1081 3879 1217 3949 permisit,
1237 3881 1259 3934 si
1278 3881 1395 3950 pretium
1414 3895 1495 3936 suum
1512 3881 1699 3940 reddidisset

219 3973 231 4017 1
251 3964 351 4030 Quies
370 3979 405 4019 ex
422 3963 598 4019 libertinitate
616 3966 779 4035 ingenuitati
798 3966 934 4036 adserant,
953 3983 1008 4023 non
1026 3969 1098 4022 ultra
1112 3968 1336 4038 quinquennium,
1354 3983 1436 4038 quam
1455 3985 1512 4024 ma-
1531 3966 1701 4052 [Βῗιῑῐῇ

219 4053 365 4108 anumissi
383 4053 512 4124 fuissent,
532 4053 684 4109 audientur.
722 4053 774 4120 Qui
797 4059 861 4124 post
884 4056 1098 4125 quinquennium
1123 4059 1293 4127 repperisse⁴
1310 4059 1492 4113 instrumenta
1509 4047 1701 4128 ing-efflata
1720 4075 1751 4115 ιι

251 4157 318 4197 snae
337 4141 510 4211 adseuerant,
529 4143 564 4198 do
583 4158 617 4198 ea
634 4159 663 4200 ro
681 4143 757 4214 ipsos
775 4145 912 4214 prinsipes
930 4145 1006 4200 adire
1024 4151 1151 4215 oportere
1170 4147 1336 4216 cognituros.

213 4226 232 4284 3
303 4231 476 4286 Poueourus
488 4230 556 4288 libro
569 4232 664 4302 quinto
676 4238 790 4288 senatus
803 4233 997 4289 consultorum.
1017 4234 1077 4288 Hoo
1091 4249 1217 4290 sermone
1230 4235 1357 4305 ‘adgnitis
1369 4234 1514 4291 natalibns'
1531 4231 1700 4322 ΒΕΓ-ω
1721 4249 1747 4302 Α

250 4325 468 4396 qnando)

252 4469 309 4522 ¹et
326 4468 362 4522 ad
380 4470 508 4525 mulieres
527 4477 573 4526 ins.
645 4471 728 4526 ²ista
746 4472 842 4538 (edunt
913 4473 1036 4528 ⁸uenire
1055 4487 1086 4528 se
1103 4489 1187 4544 passo
1204 4479 1331 4530 similione
1350 4483 1397 4530 ins.
1462 4477 1525 4530 *se
1543 4485 1596 4533 ins.
1610 4481 1699 4550 (Hui.)

251 4597 323 4666 lat]
344 4599 379 4652 ad
399 4601 433 4652 μ
493 4602 587 4656 saus
607 4603 644 4654 F²
702 4601 823 4658 liuerit
847 4606 886 4657 lus
905 4605 941 4657 F⁰
993 4605 1089 4660 ueniut
1102 4607 1136 4658 F¹
1172 4607 1356 4675 tdest10tl'l
1372 4606 1698 4668 fideicommiss'i'ariii*

250 4669 445 4756 demutatis*⁴
457 4673 496 4724 F’
551 4674 583 4726 11
602 4671 709 4728 iibsri's'
724 4674 759 4726 F*
815 4677 942 4730 inesset
993 4677 1028 4730 27
1047 4677 1154 4746 paulus]
1180 4679 1223 4743 F¹,
1247 4678 1319 4732 idem
1345 4679 1383 4730 Ρ)
1440 4680 1559 4804 {loon}
1588 4683 1634 4748 P,
1659 4701 1698 4740 an

249 4737 404 4794 libertatern
423 4757 446 4795 ιι
465 4757 495 4796 ιι
523 4749 598 4796 esset
615 4743 769 4798 libertatem
789 4760 819 4799 se
833 4746 892 4810 FX,
910 4746 941 4800 li·
994 4761 1048 4801 non
1062 4748 1097 4799 pn
1138 4749 1174 4802 30
1191 4747 1392 4804 sutietatem
1432 4749 1449 4804 3
1486 4750 1701 4808 dieaturindf

249 4808 384 4865 bertatem
398 4827 428 4866 se
444 4811 471 4866 Y
501 4813 551 4867 00
595 4815 628 4868 15
641 4814 842 4870 bomine'm'F²
857 4819 862 4882 Ι
878 4829 941 4871 oon·
994 4817 1207 4874 diuenire‘t'F'
1242 4819 1277 4874 38
1287 4819 1528 4876 oontendemdn⁴m
1541 4825 1578 4875 F²
1609 4827 1645 4879 39
1654 4825 1697 4880 in·

250 4877 360 4966 'si'stitit
378 4881 414 4934 F*
470 4883 502 4938 16
520 4881 603 4952 quod]
622 4887 751 4956 quoniam
771 4888 807 4939 F·
822 4888 827 4954 Ι
842 4887 941 4955 plenis·
994 4889 1182 4958 genuitatei*
1217 4889 1438 4946 40audi‘r'entur
1447 4891 1484 4945 F*
1526 4893 1562 4948 41
1574 4895 1698 4952 adiriF’

249 4951 327 5020 sime]
339 4953 383 5017 F’,
397 4953 577 5009 ueniss‘e'ime
588 4953 623 5006 Fi
660 4957 692 5011 l'i
702 4957 803 5026 potest]
813 4957 941 5026 posseF¹
994 4960 1030 5015 42
1048 4959 1214 5030 adgni‘ta'tis
1232 4961 1271 5013 F’

250 5023 285 5076 18
303 5020 369 5077 ne'o'
383 5025 420 5077 F’
479 5026 513 5081 23
532 5023 601 5094 eius]
619 5023 668 5081 liat
686 5027 722 5080 l*
776 5029 811 5083 25
829 5029 940 5098 uenum]
