<?xml version="1.0" encoding="UTF-8"?>
<!DOCTYPE html PUBLIC "-//W3C//DTD XHTML 1.0 Transitional//EN"
    "http://www.w3.org/TR/xhtml1/DTD/xhtml1-transitional.dtd">
<html xmlns="http://www.w3.org/1999/xhtml" xml:lang="en" lang="en">
 <head>
  <title>
</title>
<meta http-equiv="Content-Type" content="text/html;charset=utf-8" />
  <meta name='ocr-system' content='tesseract 3.04.00' />
  <meta name='ocr-capabilities' content='ocr_page ocr_carea ocr_par ocr_line ocrx_word'/>
</head>
<body>
  <div class='ocr_page' id='page_1' title='image "./digestaiustinia00kruegoog_1100.png"; bbox 0 0 4560 5416; ppageno 0'>
   <div class='ocr_carea' id='block_1_1' title="bbox 1080 230 1154 308">
    <p class='ocr_par' dir='ltr' id='par_1_1' title="bbox 1080 230 1154 308">
     <span class='ocr_line' id='line_1_1' title="bbox 1080 230 1154 308; baseline 0.014 -1"><span class='ocrx_word' id='word_1_1' title='bbox 1080 230 1154 308; x_wconf 78' lang='lat'><strong>71*</strong></span> 
     </span>
    </p>
   </div>
   <div class='ocr_carea' id='block_1_2' title="bbox 398 385 1090 5080">
    <p class='ocr_par' dir='ltr' id='par_1_2' title="bbox 403 385 1090 547">
     <span class='ocr_line' id='line_1_2' title="bbox 403 385 1090 462; baseline 0.01 -22"><span class='ocrx_word' id='word_1_2' title='bbox 403 395 429 440; x_wconf 83' lang='lat' dir='ltr'><strong>in</strong></span> <span class='ocrx_word' id='word_1_3' title='bbox 446 385 547 456; x_wconf 90' lang='lat' dir='ltr'><strong>quibus</strong></span> <span class='ocrx_word' id='word_1_4' title='bbox 564 389 655 444; x_wconf 87' lang='lat' dir='ltr'><strong>causis</strong></span> <span class='ocrx_word' id='word_1_5' title='bbox 665 388 765 459; x_wconf 75' lang='lat' dir='ltr'><strong>pignus</strong></span> <span class='ocrx_word' id='word_1_6' title='bbox 781 390 826 446; x_wconf 90' lang='lat' dir='ltr'><strong>uel</strong></span> <span class='ocrx_word' id='word_1_7' title='bbox 838 388 994 462; x_wconf 70' lang='lat' dir='ltr'><strong>hypotheca</strong></span> <span class='ocrx_word' id='word_1_8' title='bbox 1005 391 1090 448; x_wconf 89' lang='grc'><strong>144114</strong></span> 
     </span>
     <span class='ocr_line' id='line_1_3' title="bbox 438 476 707 547; baseline 0.007 -15"><span class='ocrx_word' id='word_1_9' title='bbox 438 476 608 534; x_wconf 86' lang='lat' dir='ltr'><strong>contrabitur</strong></span> <span class='ocrx_word' id='word_1_10' title='bbox 633 479 707 547; x_wconf 90' lang='grc'><strong>80,8</strong></span> 
     </span>
    </p>

    <p class='ocr_par' dir='ltr' id='par_1_3' title="bbox 402 563 757 636">
     <span class='ocr_line' id='line_1_4' title="bbox 402 563 757 636; baseline 0.014 -18"><span class='ocrx_word' id='word_1_11' title='bbox 402 563 438 618; x_wconf 91' lang='grc'><strong>44</strong></span> <span class='ocrx_word' id='word_1_12' title='bbox 456 574 482 620; x_wconf 81' lang='lat' dir='ltr'><strong>in</strong></span> <span class='ocrx_word' id='word_1_13' title='bbox 500 580 557 621; x_wconf 85' lang='lat' dir='ltr'><strong>rens</strong></span> <span class='ocrx_word' id='word_1_14' title='bbox 576 581 657 622; x_wconf 92' lang='lat' dir='ltr'><strong>uerso</strong></span> <span class='ocrx_word' id='word_1_15' title='bbox 685 567 757 636; x_wconf 83' lang='lat' dir='ltr'><strong>1i,3</strong></span> 
     </span>
    </p>

    <p class='ocr_par' dir='ltr' id='par_1_4' title="bbox 402 652 1089 813">
     <span class='ocr_line' id='line_1_5' title="bbox 402 652 1089 726; baseline 0.007 -19"><span class='ocrx_word' id='word_1_16' title='bbox 402 652 572 710; x_wconf 76' lang='grc'><strong>4414444414</strong></span> <span class='ocrx_word' id='word_1_17' title='bbox 595 656 675 710; x_wconf 90' lang='lat' dir='ltr'><strong>ruina</strong></span> <span class='ocrx_word' id='word_1_18' title='bbox 697 653 841 726; x_wconf 76' lang='lat' dir='ltr'><strong>naufragio</strong></span> <span class='ocrx_word' id='word_1_19' title='bbox 865 661 924 722; x_wconf 82' lang='grc'><strong>4414</strong></span> <span class='ocrx_word' id='word_1_20' title='bbox 948 671 1019 711; x_wconf 89' lang='grc'><strong>4444</strong></span> <span class='ocrx_word' id='word_1_21' title='bbox 1043 671 1089 712; x_wconf 86' lang='lat' dir='ltr'><strong>ex·</strong></span> 
     </span>
     <span class='ocr_line' id='line_1_6' title="bbox 436 745 660 813; baseline 0.004 -15"><span class='ocrx_word' id='word_1_22' title='bbox 436 748 561 813; x_wconf 74' lang='lat' dir='ltr'><strong>pugnata</strong></span> <span class='ocrx_word' id='word_1_23' title='bbox 586 745 660 813; x_wconf 90' lang='grc'><strong>47,9</strong></span> 
     </span>
    </p>

    <p class='ocr_par' dir='ltr' id='par_1_5' title="bbox 402 831 953 903">
     <span class='ocr_line' id='line_1_7' title="bbox 402 831 953 903; baseline 0.004 -17"><span class='ocrx_word' id='word_1_24' title='bbox 402 831 437 886; x_wconf 90' lang='lat' dir='ltr'><strong>ad</strong></span> <span class='ocrx_word' id='word_1_25' title='bbox 455 833 645 903; x_wconf 74' lang='lat' dir='ltr'><strong>municipalem</strong></span> <span class='ocrx_word' id='word_1_26' title='bbox 665 831 746 888; x_wconf 89' lang='lat' dir='ltr'><strong>etde</strong></span> <span class='ocrx_word' id='word_1_27' title='bbox 765 835 855 888; x_wconf 81' lang='lat' dir='ltr'><strong>incolis</strong></span> <span class='ocrx_word' id='word_1_28' title='bbox 880 833 953 902; x_wconf 84' lang='grc'><strong>50,1</strong></span> 
     </span>
    </p>

    <p class='ocr_par' dir='ltr' id='par_1_6' title="bbox 402 919 850 989">
     <span class='ocr_line' id='line_1_8' title="bbox 402 919 850 989; baseline 0.004 -15"><span class='ocrx_word' id='word_1_29' title='bbox 402 919 437 975; x_wconf 84' lang='grc'><strong>44</strong></span> <span class='ocrx_word' id='word_1_30' title='bbox 455 921 627 977; x_wconf 84' lang='lat' dir='ltr'><strong>condictione</strong></span> <span class='ocrx_word' id='word_1_31' title='bbox 646 922 751 976; x_wconf 81' lang='lat' dir='ltr'><strong>indebiti</strong></span> <span class='ocrx_word' id='word_1_32' title='bbox 778 923 850 989; x_wconf 78' lang='grc'><strong>186</strong></span> 
     </span>
    </p>

    <p class='ocr_par' dir='ltr' id='par_1_7' title="bbox 402 1008 968 1080">
     <span class='ocr_line' id='line_1_9' title="bbox 402 1008 968 1080; baseline 0.002 -17"><span class='ocrx_word' id='word_1_33' title='bbox 402 1008 436 1064; x_wconf 88' lang='grc'><strong>44</strong></span> <span class='ocrx_word' id='word_1_34' title='bbox 455 1017 558 1066; x_wconf 82' lang='lat' dir='ltr'><strong>iniuriis</strong></span> <span class='ocrx_word' id='word_1_35' title='bbox 576 1016 605 1066; x_wconf 91' lang='grc'><strong>41</strong></span> <span class='ocrx_word' id='word_1_36' title='bbox 621 1008 734 1066; x_wconf 88' lang='lat' dir='ltr'><strong>lamosis</strong></span> <span class='ocrx_word' id='word_1_37' title='bbox 751 1008 849 1066; x_wconf 77' lang='lat' dir='ltr'><strong>libellis</strong></span> <span class='ocrx_word' id='word_1_38' title='bbox 876 1010 968 1080; x_wconf 99' lang='grc'><strong>47,10</strong></span> 
     </span>
    </p>

    <p class='ocr_par' dir='ltr' id='par_1_8' title="bbox 401 1097 1089 1256">
     <span class='ocr_line' id='line_1_10' title="bbox 401 1097 1089 1170; baseline 0.001 -17"><span class='ocrx_word' id='word_1_39' title='bbox 401 1097 437 1154; x_wconf 87' lang='grc'><strong>44</strong></span> <span class='ocrx_word' id='word_1_40' title='bbox 473 1108 566 1156; x_wconf 75' lang='lat' dir='ltr'><strong>briasto</strong></span> <span class='ocrx_word' id='word_1_41' title='bbox 596 1103 677 1170; x_wconf 88' lang='lat' dir='ltr'><strong>rupto</strong></span> <span class='ocrx_word' id='word_1_42' title='bbox 706 1099 782 1155; x_wconf 89' lang='lat' dir='ltr'><strong>irrito</strong></span> <span class='ocrx_word' id='word_1_43' title='bbox 815 1097 889 1154; x_wconf 82' lang='lat' dir='ltr'><strong>sacto</strong></span> <span class='ocrx_word' id='word_1_44' title='bbox 923 1102 1089 1154; x_wconf 82' lang='lat' dir='ltr'><strong>testamento</strong></span> 
     </span>
     <span class='ocr_line' id='line_1_11' title="bbox 436 1189 510 1256; baseline 0.014 -13"><span class='ocrx_word' id='word_1_45' title='bbox 436 1189 510 1256; x_wconf 91' lang='grc'><strong>88,3</strong></span> 
     </span>
    </p>

    <p class='ocr_par' dir='ltr' id='par_1_9' title="bbox 401 1274 866 1352">
     <span class='ocr_line' id='line_1_12' title="bbox 401 1274 866 1352; baseline 0.004 -22"><span class='ocrx_word' id='word_1_46' title='bbox 401 1274 437 1330; x_wconf 89' lang='grc'><strong>44</strong></span> <span class='ocrx_word' id='word_1_47' title='bbox 455 1280 599 1352; x_wconf 82' lang='lat' dir='ltr'><strong>inofficiose</strong></span> <span class='ocrx_word' id='word_1_48' title='bbox 617 1280 783 1333; x_wconf 78' lang='lat' dir='ltr'><strong>testamento</strong></span> <span class='ocrx_word' id='word_1_49' title='bbox 810 1277 866 1346; x_wconf 82' lang='grc'><strong>5,8</strong></span> 
     </span>
    </p>

    <p class='ocr_par' dir='ltr' id='par_1_10' title="bbox 402 1363 997 1436">
     <span class='ocr_line' id='line_1_13' title="bbox 402 1363 997 1436; baseline 0.003 -18"><span class='ocrx_word' id='word_1_50' title='bbox 402 1363 437 1419; x_wconf 91' lang='grc'><strong>44</strong></span> <span class='ocrx_word' id='word_1_51' title='bbox 455 1373 567 1436; x_wconf 82' lang='lat' dir='ltr'><strong>inpensis</strong></span> <span class='ocrx_word' id='word_1_52' title='bbox 584 1367 612 1422; x_wconf 91' lang='lat' dir='ltr'><strong>in</strong></span> <span class='ocrx_word' id='word_1_53' title='bbox 630 1382 674 1422; x_wconf 88' lang='lat' dir='ltr'><strong>res</strong></span> <span class='ocrx_word' id='word_1_54' title='bbox 693 1366 798 1422; x_wconf 86' lang='lat' dir='ltr'><strong>dotales</strong></span> <span class='ocrx_word' id='word_1_55' title='bbox 816 1363 897 1420; x_wconf 84' lang='lat' dir='ltr'><strong>iactis</strong></span> <span class='ocrx_word' id='word_1_56' title='bbox 923 1365 997 1433; x_wconf 84' lang='grc'><strong>85,1</strong></span> 
     </span>
    </p>

    <p class='ocr_par' dir='ltr' id='par_1_11' title="bbox 401 1451 1089 1612">
     <span class='ocr_line' id='line_1_14' title="bbox 401 1451 1089 1525; baseline 0.001 -18"><span class='ocrx_word' id='word_1_57' title='bbox 401 1451 437 1508; x_wconf 90' lang='grc'><strong>44</strong></span> <span class='ocrx_word' id='word_1_58' title='bbox 455 1457 611 1525; x_wconf 75' lang='lat' dir='ltr'><strong>inspiciendo</strong></span> <span class='ocrx_word' id='word_1_59' title='bbox 629 1461 725 1510; x_wconf 91' lang='lat' dir='ltr'><strong>uentre</strong></span> <span class='ocrx_word' id='word_1_60' title='bbox 749 1453 985 1524; x_wconf 90' lang='lat' dir='ltr'><strong>custodiendoque</strong></span> <span class='ocrx_word' id='word_1_61' title='bbox 1008 1457 1089 1524; x_wconf 87' lang='lat' dir='ltr'><strong>partu</strong></span> 
     </span>
     <span class='ocr_line' id='line_1_15' title="bbox 436 1542 510 1612; baseline 0 -14"><span class='ocrx_word' id='word_1_62' title='bbox 436 1542 510 1612; x_wconf 72' lang='lat'>25,4</span> 
     </span>
    </p>

    <p class='ocr_par' dir='ltr' id='par_1_12' title="bbox 400 1629 808 1702">
     <span class='ocr_line' id='line_1_16' title="bbox 400 1629 808 1702; baseline 0.005 -17"><span class='ocrx_word' id='word_1_63' title='bbox 400 1629 436 1686; x_wconf 91' lang='lat' dir='ltr'><strong>de</strong></span> <span class='ocrx_word' id='word_1_64' title='bbox 454 1639 582 1687; x_wconf 81' lang='lat' dir='ltr'><strong>institoria</strong></span> <span class='ocrx_word' id='word_1_65' title='bbox 600 1633 707 1690; x_wconf 88' lang='lat' dir='ltr'><strong>actione</strong></span> <span class='ocrx_word' id='word_1_66' title='bbox 734 1633 808 1702; x_wconf 90' lang='grc'><strong>14,3</strong></span> 
     </span>
    </p>

    <p class='ocr_par' dir='ltr' id='par_1_13' title="bbox 400 1719 1047 1789">
     <span class='ocr_line' id='line_1_17' title="bbox 400 1719 1047 1789; baseline 0 -15"><span class='ocrx_word' id='word_1_67' title='bbox 400 1719 435 1775; x_wconf 91' lang='grc'><strong>44</strong></span> <span class='ocrx_word' id='word_1_68' title='bbox 454 1727 575 1776; x_wconf 78' lang='lat' dir='ltr'><strong>instructo</strong></span> <span class='ocrx_word' id='word_1_69' title='bbox 593 1723 638 1777; x_wconf 88' lang='lat' dir='ltr'><strong>uel</strong></span> <span class='ocrx_word' id='word_1_70' title='bbox 656 1723 837 1776; x_wconf 89' lang='lat' dir='ltr'><strong>instrumento</strong></span> <span class='ocrx_word' id='word_1_71' title='bbox 855 1720 948 1789; x_wconf 75' lang='lat' dir='ltr'><strong>legato</strong></span> <span class='ocrx_word' id='word_1_72' title='bbox 975 1721 1047 1788; x_wconf 87' lang='grc'><strong>88,7</strong></span> 
     </span>
    </p>

    <p class='ocr_par' dir='ltr' id='par_1_14' title="bbox 400 1805 1087 1968">
     <span class='ocr_line' id='line_1_18' title="bbox 400 1805 1087 1866; baseline -0.003 -2"><span class='ocrx_word' id='word_1_73' title='bbox 400 1807 435 1864; x_wconf 89' lang='grc'><strong>44</strong></span> <span class='ocrx_word' id='word_1_74' title='bbox 453 1805 508 1864; x_wconf 87' lang='grc'><strong>444</strong></span> <span class='ocrx_word' id='word_1_75' title='bbox 532 1817 752 1866; x_wconf 60' lang='lat' dir='ltr'><strong>insimulatorum</strong></span> <span class='ocrx_word' id='word_1_76' title='bbox 774 1814 803 1864; x_wconf 90' lang='lat' dir='ltr'><strong>et</strong></span> <span class='ocrx_word' id='word_1_77' title='bbox 824 1809 971 1864; x_wconf 90' lang='lat' dir='ltr'><strong>amissione</strong></span> <span class='ocrx_word' id='word_1_78' title='bbox 994 1822 1087 1864; x_wconf 91' lang='lat' dir='ltr'><strong>eorum</strong></span> 
     </span>
     <span class='ocr_line' id='line_1_19' title="bbox 435 1899 509 1968; baseline 0.014 -16"><span class='ocrx_word' id='word_1_79' title='bbox 435 1899 509 1968; x_wconf 69' lang='grc'><strong>884</strong></span> 
     </span>
    </p>

    <p class='ocr_par' dir='ltr' id='par_1_15' title="bbox 400 1985 1089 2145">
     <span class='ocr_line' id='line_1_20' title="bbox 400 1985 1089 2057; baseline -0.001 -16"><span class='ocrx_word' id='word_1_80' title='bbox 400 1985 435 2042; x_wconf 92' lang='grc'><strong>44</strong></span> <span class='ocrx_word' id='word_1_81' title='bbox 471 1987 613 2043; x_wconf 67' lang='lat' dir='ltr'><strong>interdictis</strong></span> <span class='ocrx_word' id='word_1_82' title='bbox 648 1991 678 2042; x_wconf 88' lang='lat' dir='ltr'><strong>et</strong></span> <span class='ocrx_word' id='word_1_83' title='bbox 712 1986 840 2057; x_wconf 76' lang='lat' dir='ltr'><strong>relegatis</strong></span> <span class='ocrx_word' id='word_1_84' title='bbox 875 1991 904 2042; x_wconf 89' lang='lat' dir='ltr'><strong>et</strong></span> <span class='ocrx_word' id='word_1_85' title='bbox 938 1985 1089 2056; x_wconf 86' lang='lat' dir='ltr'><strong>deportatis</strong></span> 
     </span>
     <span class='ocr_line' id='line_1_21' title="bbox 434 2076 525 2145; baseline 0 -15"><span class='ocrx_word' id='word_1_86' title='bbox 434 2076 478 2145; x_wconf 86' lang='grc'><strong>48,</strong></span> <span class='ocrx_word' id='word_1_87' title='bbox 490 2077 525 2130; x_wconf 88' lang='grc'><strong>88</strong></span> 
     </span>
    </p>

    <p class='ocr_par' dir='ltr' id='par_1_16' title="bbox 400 2163 1088 2324">
     <span class='ocr_line' id='line_1_22' title="bbox 400 2163 1088 2220; baseline 0 -1"><span class='ocrx_word' id='word_1_88' title='bbox 400 2163 435 2220; x_wconf 88' lang='grc'><strong>44</strong></span> <span class='ocrx_word' id='word_1_89' title='bbox 452 2165 594 2220; x_wconf 74' lang='lat' dir='ltr'><strong>interdictio</strong></span> <span class='ocrx_word' id='word_1_90' title='bbox 611 2163 671 2219; x_wconf 91' lang='lat' dir='ltr'><strong>siue</strong></span> <span class='ocrx_word' id='word_1_91' title='bbox 689 2163 911 2219; x_wconf 75' lang='lat' dir='ltr'><strong>extraordinariis</strong></span> <span class='ocrx_word' id='word_1_92' title='bbox 934 2163 1088 2220; x_wconf 74' lang='lat' dir='ltr'><strong>actionibus</strong></span> 
     </span>
     <span class='ocr_line' id='line_1_23' title="bbox 434 2252 910 2324; baseline 0.002 -16"><span class='ocrx_word' id='word_1_93' title='bbox 434 2267 506 2323; x_wconf 89' lang='lat' dir='ltr'><strong>quae</strong></span> <span class='ocrx_word' id='word_1_94' title='bbox 523 2268 573 2324; x_wconf 91' lang='lat' dir='ltr'><strong>pro</strong></span> <span class='ocrx_word' id='word_1_95' title='bbox 591 2252 634 2308; x_wconf 88' lang='lat' dir='ltr'><strong>bis</strong></span> <span class='ocrx_word' id='word_1_96' title='bbox 652 2256 812 2323; x_wconf 85' lang='lat' dir='ltr'><strong>competunt</strong></span> <span class='ocrx_word' id='word_1_97' title='bbox 837 2253 910 2323; x_wconf 88' lang='grc'><strong>43,1</strong></span> 
     </span>
    </p>

    <p class='ocr_par' dir='ltr' id='par_1_17' title="bbox 399 2340 1088 2501">
     <span class='ocr_line' id='line_1_24' title="bbox 399 2340 1088 2398; baseline 0 -2"><span class='ocrx_word' id='word_1_98' title='bbox 399 2340 435 2396; x_wconf 91' lang='grc'><strong>44</strong></span> <span class='ocrx_word' id='word_1_99' title='bbox 452 2356 482 2396; x_wconf 92' lang='lat' dir='ltr'><strong>re</strong></span> <span class='ocrx_word' id='word_1_100' title='bbox 500 2341 621 2398; x_wconf 86' lang='lat' dir='ltr'><strong>iudicata</strong></span> <span class='ocrx_word' id='word_1_101' title='bbox 638 2348 667 2398; x_wconf 87' lang='lat' dir='ltr'><strong>et</strong></span> <span class='ocrx_word' id='word_1_102' title='bbox 684 2342 719 2398; x_wconf 93' lang='lat' dir='ltr'><strong>de</strong></span> <span class='ocrx_word' id='word_1_103' title='bbox 737 2341 837 2398; x_wconf 86' lang='lat' dir='ltr'><strong>ellectu</strong></span> <span class='ocrx_word' id='word_1_104' title='bbox 851 2342 1046 2398; x_wconf 89' lang='lat' dir='ltr'><strong>sententiarum</strong></span> <span class='ocrx_word' id='word_1_105' title='bbox 1060 2348 1088 2397; x_wconf 90' lang='lat' dir='ltr'><strong>et</strong></span> 
     </span>
     <span class='ocr_line' id='line_1_25' title="bbox 434 2429 820 2501; baseline 0.005 -17"><span class='ocrx_word' id='word_1_106' title='bbox 434 2429 470 2484; x_wconf 86' lang='grc'><strong>44</strong></span> <span class='ocrx_word' id='word_1_107' title='bbox 489 2432 722 2486; x_wconf 71' lang='lat' dir='ltr'><strong>interlocutionibus</strong></span> <span class='ocrx_word' id='word_1_108' title='bbox 747 2432 820 2501; x_wconf 80' lang='lat'>42,1</span> 
     </span>
    </p>

    <p class='ocr_par' dir='ltr' id='par_1_18' title="bbox 400 2517 1086 2680">
     <span class='ocr_line' id='line_1_26' title="bbox 400 2517 1086 2591; baseline 0.003 -18"><span class='ocrx_word' id='word_1_109' title='bbox 400 2517 435 2574; x_wconf 91' lang='lat' dir='ltr'><strong>de</strong></span> <span class='ocrx_word' id='word_1_110' title='bbox 454 2521 696 2591; x_wconf 78' lang='lat' dir='ltr'><strong>interropaiionibua</strong></span> <span class='ocrx_word' id='word_1_111' title='bbox 717 2521 746 2575; x_wconf 94' lang='grc'><strong>14</strong></span> <span class='ocrx_word' id='word_1_112' title='bbox 769 2522 827 2576; x_wconf 91' lang='lat' dir='ltr'><strong>inre</strong></span> <span class='ocrx_word' id='word_1_113' title='bbox 850 2519 983 2576; x_wconf 84' lang='lat' dir='ltr'><strong>faciendis</strong></span> <span class='ocrx_word' id='word_1_114' title='bbox 1001 2524 1031 2575; x_wconf 86' lang='grc'><strong>41</strong></span> <span class='ocrx_word' id='word_1_115' title='bbox 1047 2520 1086 2575; x_wconf 91' lang='lat' dir='ltr'><strong>in-</strong></span> 
     </span>
     <span class='ocr_line' id='line_1_27' title="bbox 434 2607 891 2680; baseline 0.004 -18"><span class='ocrx_word' id='word_1_116' title='bbox 434 2607 621 2677; x_wconf 75' lang='lat' dir='ltr'><strong>terrogatoriis</strong></span> <span class='ocrx_word' id='word_1_117' title='bbox 639 2607 792 2665; x_wconf 88' lang='lat' dir='ltr'><strong>actionibus</strong></span> <span class='ocrx_word' id='word_1_118' title='bbox 821 2611 891 2680; x_wconf 91' lang='lat'>11,1</span> 
     </span>
    </p>

    <p class='ocr_par' dir='ltr' id='par_1_19' title="bbox 401 2695 921 2769">
     <span class='ocr_line' id='line_1_28' title="bbox 401 2695 921 2769; baseline 0.006 -18"><span class='ocrx_word' id='word_1_119' title='bbox 401 2695 436 2751; x_wconf 90' lang='lat' dir='ltr'><strong>de</strong></span> <span class='ocrx_word' id='word_1_120' title='bbox 453 2704 543 2752; x_wconf 79' lang='lat' dir='ltr'><strong>itineri</strong></span> <span class='ocrx_word' id='word_1_121' title='bbox 560 2703 678 2767; x_wconf 86' lang='lat' dir='ltr'><strong>actuque</strong></span> <span class='ocrx_word' id='word_1_122' title='bbox 695 2699 803 2768; x_wconf 84' lang='lat' dir='ltr'><strong>priuato</strong></span> <span class='ocrx_word' id='word_1_123' title='bbox 829 2699 921 2769; x_wconf 87' lang='grc'><strong>43,18</strong></span> 
     </span>
    </p>

    <p class='ocr_par' dir='ltr' id='par_1_20' title="bbox 400 2785 723 2856">
     <span class='ocr_line' id='line_1_29' title="bbox 400 2785 723 2856; baseline 0.006 -17"><span class='ocrx_word' id='word_1_124' title='bbox 400 2785 539 2840; x_wconf 79' lang='lat' dir='ltr'><strong>iudicatum</strong></span> <span class='ocrx_word' id='word_1_125' title='bbox 556 2786 626 2841; x_wconf 86' lang='lat' dir='ltr'><strong>solui</strong></span> <span class='ocrx_word' id='word_1_126' title='bbox 650 2787 694 2856; x_wconf 87' lang='grc'><strong>46,</strong></span> <span class='ocrx_word' id='word_1_127' title='bbox 708 2787 723 2841; x_wconf 83' lang='lat' dir='ltr'><strong>&#39;l</strong></span> 
     </span>
    </p>

    <p class='ocr_par' dir='ltr' id='par_1_21' title="bbox 399 2873 1086 3034">
     <span class='ocr_line' id='line_1_30' title="bbox 399 2873 1086 2946; baseline 0.004 -17"><span class='ocrx_word' id='word_1_128' title='bbox 399 2873 434 2930; x_wconf 88' lang='grc'><strong>44</strong></span> <span class='ocrx_word' id='word_1_129' title='bbox 453 2876 557 2930; x_wconf 83' lang='lat' dir='ltr'><strong>iudiciis</strong></span> <span class='ocrx_word' id='word_1_130' title='bbox 575 2880 603 2930; x_wconf 90' lang='grc'><strong>41</strong></span> <span class='ocrx_word' id='word_1_131' title='bbox 619 2874 667 2930; x_wconf 91' lang='lat' dir='ltr'><strong>ubi</strong></span> <span class='ocrx_word' id='word_1_132' title='bbox 685 2875 800 2946; x_wconf 91' lang='lat' dir='ltr'><strong>quisque</strong></span> <span class='ocrx_word' id='word_1_133' title='bbox 824 2875 969 2946; x_wconf 80' lang='lat' dir='ltr'><strong>agerensi</strong></span> <span class='ocrx_word' id='word_1_134' title='bbox 987 2891 1086 2933; x_wconf 90' lang='lat' dir='ltr'><strong>conue-</strong></span> 
     </span>
     <span class='ocr_line' id='line_1_31' title="bbox 434 2962 683 3034; baseline 0.004 -16"><span class='ocrx_word' id='word_1_135' title='bbox 434 2963 486 3018; x_wconf 88' lang='lat' dir='ltr'><strong>niri</strong></span> <span class='ocrx_word' id='word_1_136' title='bbox 503 2962 605 3019; x_wconf 89' lang='lat' dir='ltr'><strong>debeat</strong></span> <span class='ocrx_word' id='word_1_137' title='bbox 628 2965 683 3034; x_wconf 67' lang='lat' dir='ltr'><strong>fal</strong></span> 
     </span>
    </p>

    <p class='ocr_par' dir='ltr' id='par_1_22' title="bbox 400 3051 857 3124">
     <span class='ocr_line' id='line_1_32' title="bbox 400 3051 857 3124; baseline 0.002 -17"><span class='ocrx_word' id='word_1_138' title='bbox 400 3051 435 3108; x_wconf 89' lang='lat' dir='ltr'><strong>de</strong></span> <span class='ocrx_word' id='word_1_139' title='bbox 452 3054 514 3122; x_wconf 80' lang='lat' dir='ltr'><strong>lege</strong></span> <span class='ocrx_word' id='word_1_140' title='bbox 532 3053 601 3108; x_wconf 84' lang='lat' dir='ltr'><strong>Iulia</strong></span> <span class='ocrx_word' id='word_1_141' title='bbox 619 3052 739 3108; x_wconf 88' lang='lat' dir='ltr'><strong>ambitus</strong></span> <span class='ocrx_word' id='word_1_142' title='bbox 764 3054 809 3124; x_wconf 93' lang='grc'><strong>48,</strong></span> <span class='ocrx_word' id='word_1_143' title='bbox 823 3053 857 3108; x_wconf 94' lang='grc'><strong>14</strong></span> 
     </span>
    </p>

    <p class='ocr_par' dir='ltr' id='par_1_23' title="bbox 400 3140 898 3213">
     <span class='ocr_line' id='line_1_33' title="bbox 400 3140 898 3213; baseline 0.004 -17"><span class='ocrx_word' id='word_1_144' title='bbox 400 3140 514 3212; x_wconf 83' lang='lat' dir='ltr'><strong>delego</strong></span> <span class='ocrx_word' id='word_1_145' title='bbox 533 3141 655 3198; x_wconf 84' lang='lat' dir='ltr'><strong>Iuliade</strong></span> <span class='ocrx_word' id='word_1_146' title='bbox 673 3157 782 3197; x_wconf 88' lang='lat' dir='ltr'><strong>annona</strong></span> <span class='ocrx_word' id='word_1_147' title='bbox 805 3143 898 3213; x_wconf 87' lang='grc'><strong>48,18</strong></span> 
     </span>
    </p>

    <p class='ocr_par' dir='ltr' id='par_1_24' title="bbox 400 3230 944 3302">
     <span class='ocr_line' id='line_1_34' title="bbox 400 3230 944 3302; baseline 0 -16"><span class='ocrx_word' id='word_1_148' title='bbox 400 3230 435 3286; x_wconf 92' lang='grc'><strong>44</strong></span> <span class='ocrx_word' id='word_1_149' title='bbox 451 3231 513 3301; x_wconf 80' lang='lat' dir='ltr'><strong>lege</strong></span> <span class='ocrx_word' id='word_1_150' title='bbox 530 3231 599 3286; x_wconf 81' lang='lat' dir='ltr'><strong>Iulia</strong></span> <span class='ocrx_word' id='word_1_151' title='bbox 616 3231 827 3302; x_wconf 87' lang='lat' dir='ltr'><strong>repetundarum</strong></span> <span class='ocrx_word' id='word_1_152' title='bbox 854 3232 898 3302; x_wconf 92' lang='lat'><strong>48,</strong></span> <span class='ocrx_word' id='word_1_153' title='bbox 912 3233 944 3286; x_wconf 92' lang='grc'><strong>11</strong></span> 
     </span>
    </p>

    <p class='ocr_par' dir='ltr' id='par_1_25' title="bbox 400 3319 1087 3478">
     <span class='ocr_line' id='line_1_35' title="bbox 400 3319 1087 3390; baseline 0.003 -16"><span class='ocrx_word' id='word_1_154' title='bbox 400 3319 436 3374; x_wconf 87' lang='lat' dir='ltr'><strong>ad</strong></span> <span class='ocrx_word' id='word_1_155' title='bbox 461 3320 551 3390; x_wconf 81' lang='lat' dir='ltr'><strong>legem</strong></span> <span class='ocrx_word' id='word_1_156' title='bbox 579 3321 672 3376; x_wconf 81' lang='lat' dir='ltr'><strong>lulium</strong></span> <span class='ocrx_word' id='word_1_157' title='bbox 698 3321 734 3376; x_wconf 92' lang='lat' dir='ltr'><strong>de</strong></span> <span class='ocrx_word' id='word_1_158' title='bbox 761 3319 902 3376; x_wconf 89' lang='lat' dir='ltr'><strong>adulteriis</strong></span> <span class='ocrx_word' id='word_1_159' title='bbox 929 3319 1087 3376; x_wconf 76' lang='lat' dir='ltr'><strong>coercendis</strong></span> 
     </span>
     <span class='ocr_line' id='line_1_36' title="bbox 434 3408 508 3478; baseline 0 -15"><span class='ocrx_word' id='word_1_160' title='bbox 434 3408 508 3478; x_wconf 81' lang='grc' dir='ltr'><strong>48,ὁ</strong></span> 
     </span>
    </p>

    <p class='ocr_par' dir='ltr' id='par_1_26' title="bbox 399 3495 979 3568">
     <span class='ocr_line' id='line_1_37' title="bbox 399 3495 979 3568; baseline 0.002 -16"><span class='ocrx_word' id='word_1_161' title='bbox 399 3495 436 3552; x_wconf 89' lang='grc'><strong>44</strong></span> <span class='ocrx_word' id='word_1_162' title='bbox 454 3497 543 3566; x_wconf 84' lang='lat' dir='ltr'><strong>legem</strong></span> <span class='ocrx_word' id='word_1_163' title='bbox 562 3498 655 3552; x_wconf 80' lang='lat' dir='ltr'><strong>lulium</strong></span> <span class='ocrx_word' id='word_1_164' title='bbox 673 3495 708 3552; x_wconf 91' lang='grc'><strong>44</strong></span> <span class='ocrx_word' id='word_1_165' title='bbox 726 3498 755 3552; x_wconf 89' lang='grc'><strong>41</strong></span> <span class='ocrx_word' id='word_1_166' title='bbox 772 3498 882 3568; x_wconf 85' lang='lat' dir='ltr'><strong>priuata</strong></span> <span class='ocrx_word' id='word_1_167' title='bbox 907 3498 979 3567; x_wconf 90' lang='grc'><strong>48,7</strong></span> 
     </span>
    </p>

    <p class='ocr_par' dir='ltr' id='par_1_27' title="bbox 400 3585 981 3657">
     <span class='ocr_line' id='line_1_38' title="bbox 400 3585 981 3657; baseline 0.002 -16"><span class='ocrx_word' id='word_1_168' title='bbox 400 3585 542 3656; x_wconf 76' lang='lat' dir='ltr'><strong>adingem</strong></span> <span class='ocrx_word' id='word_1_169' title='bbox 560 3585 882 3656; x_wconf 83' lang='lat' dir='ltr'><strong>luliumdeuipublioa</strong></span> <span class='ocrx_word' id='word_1_170' title='bbox 907 3587 981 3657; x_wconf 88' lang='grc'><strong>48,6</strong></span> 
     </span>
    </p>

    <p class='ocr_par' dir='ltr' id='par_1_28' title="bbox 399 3675 923 3746">
     <span class='ocr_line' id='line_1_39' title="bbox 399 3675 923 3746; baseline -0.002 -16"><span class='ocrx_word' id='word_1_171' title='bbox 399 3675 435 3730; x_wconf 90' lang='grc'><strong>44</strong></span> <span class='ocrx_word' id='word_1_172' title='bbox 453 3675 542 3746; x_wconf 81' lang='lat' dir='ltr'><strong>legem</strong></span> <span class='ocrx_word' id='word_1_173' title='bbox 560 3677 654 3732; x_wconf 78' lang='lat' dir='ltr'><strong>lulium</strong></span> <span class='ocrx_word' id='word_1_174' title='bbox 672 3675 824 3732; x_wconf 86' lang='lat' dir='ltr'><strong>maiestatis</strong></span> <span class='ocrx_word' id='word_1_175' title='bbox 849 3675 923 3744; x_wconf 86' lang='lat'>48‚4</span> 
     </span>
    </p>

    <p class='ocr_par' dir='ltr' id='par_1_29' title="bbox 400 3763 1087 3923">
     <span class='ocr_line' id='line_1_40' title="bbox 400 3763 1087 3835; baseline 0 -15"><span class='ocrx_word' id='word_1_176' title='bbox 400 3763 436 3819; x_wconf 88' lang='grc'><strong>44</strong></span> <span class='ocrx_word' id='word_1_177' title='bbox 452 3764 541 3834; x_wconf 79' lang='lat' dir='ltr'><strong>legem</strong></span> <span class='ocrx_word' id='word_1_178' title='bbox 560 3765 653 3820; x_wconf 81' lang='lat' dir='ltr'><strong>Iuliam</strong></span> <span class='ocrx_word' id='word_1_179' title='bbox 671 3765 814 3835; x_wconf 78' lang='lat' dir='ltr'><strong>peculatus</strong></span> <span class='ocrx_word' id='word_1_180' title='bbox 838 3769 866 3820; x_wconf 91' lang='lat' dir='ltr'><strong>et</strong></span> <span class='ocrx_word' id='word_1_181' title='bbox 888 3764 923 3819; x_wconf 90' lang='lat' dir='ltr'><strong>de</strong></span> <span class='ocrx_word' id='word_1_182' title='bbox 946 3763 1087 3834; x_wconf 74' lang='lat' dir='ltr'><strong>sacrilegis</strong></span> 
     </span>
     <span class='ocr_line' id='line_1_41' title="bbox 434 3853 769 3923; baseline -0.003 -15"><span class='ocrx_word' id='word_1_183' title='bbox 434 3853 515 3909; x_wconf 88' lang='lat' dir='ltr'><strong>etde</strong></span> <span class='ocrx_word' id='word_1_184' title='bbox 533 3853 650 3910; x_wconf 86' lang='lat' dir='ltr'><strong>residuis</strong></span> <span class='ocrx_word' id='word_1_185' title='bbox 675 3854 769 3923; x_wconf 90' lang='grc'><strong>48,18</strong></span> 
     </span>
    </p>

    <p class='ocr_par' dir='ltr' id='par_1_30' title="bbox 399 3941 949 4013">
     <span class='ocr_line' id='line_1_42' title="bbox 399 3941 949 4013; baseline 0.004 -17"><span class='ocrx_word' id='word_1_186' title='bbox 399 3941 434 3997; x_wconf 89' lang='grc'><strong>44</strong></span> <span class='ocrx_word' id='word_1_187' title='bbox 453 3951 508 3998; x_wconf 76' lang='lat' dir='ltr'><strong>iure</strong></span> <span class='ocrx_word' id='word_1_188' title='bbox 527 3957 670 3998; x_wconf 90' lang='lat' dir='ltr'><strong>aureorum</strong></span> <span class='ocrx_word' id='word_1_189' title='bbox 689 3943 832 3998; x_wconf 78' lang='lat' dir='ltr'><strong>anulorum</strong></span> <span class='ocrx_word' id='word_1_190' title='bbox 857 3942 949 4013; x_wconf 94' lang='grc'><strong>40,10</strong></span> 
     </span>
    </p>

    <p class='ocr_par' dir='ltr' id='par_1_31' title="bbox 399 4029 809 4100">
     <span class='ocr_line' id='line_1_43' title="bbox 399 4029 809 4100; baseline 0.002 -15"><span class='ocrx_word' id='word_1_191' title='bbox 399 4029 434 4086; x_wconf 89' lang='grc'><strong>44</strong></span> <span class='ocrx_word' id='word_1_192' title='bbox 453 4041 507 4087; x_wconf 78' lang='lat' dir='ltr'><strong>iure</strong></span> <span class='ocrx_word' id='word_1_193' title='bbox 525 4031 709 4088; x_wconf 88' lang='lat' dir='ltr'><strong>codicillorum</strong></span> <span class='ocrx_word' id='word_1_194' title='bbox 737 4032 809 4100; x_wconf 88' lang='grc'><strong>88,7</strong></span> 
     </span>
    </p>

    <p class='ocr_par' dir='ltr' id='par_1_32' title="bbox 399 4117 794 4190">
     <span class='ocr_line' id='line_1_44' title="bbox 399 4117 794 4190; baseline 0.005 -16"><span class='ocrx_word' id='word_1_195' title='bbox 399 4117 434 4175; x_wconf 90' lang='grc'><strong>44</strong></span> <span class='ocrx_word' id='word_1_196' title='bbox 453 4128 508 4175; x_wconf 84' lang='lat' dir='ltr'><strong>iure</strong></span> <span class='ocrx_word' id='word_1_197' title='bbox 525 4119 693 4176; x_wconf 88' lang='lat' dir='ltr'><strong>deliberandi</strong></span> <span class='ocrx_word' id='word_1_198' title='bbox 719 4122 794 4190; x_wconf 91' lang='grc'><strong>88,8</strong></span> 
     </span>
    </p>

    <p class='ocr_par' dir='ltr' id='par_1_33' title="bbox 399 4207 730 4279">
     <span class='ocr_line' id='line_1_45' title="bbox 399 4207 730 4279; baseline 0.003 -16"><span class='ocrx_word' id='word_1_199' title='bbox 399 4207 435 4264; x_wconf 89' lang='grc'><strong>44</strong></span> <span class='ocrx_word' id='word_1_200' title='bbox 452 4217 508 4264; x_wconf 82' lang='lat' dir='ltr'><strong>iare</strong></span> <span class='ocrx_word' id='word_1_201' title='bbox 525 4208 630 4265; x_wconf 86' lang='lat' dir='ltr'><strong>dotium</strong></span> <span class='ocrx_word' id='word_1_202' title='bbox 656 4209 730 4279; x_wconf 89' lang='grc'><strong>83,3</strong></span> 
     </span>
    </p>

    <p class='ocr_par' dir='ltr' id='par_1_34' title="bbox 399 4295 703 4368">
     <span class='ocr_line' id='line_1_46' title="bbox 399 4295 703 4368; baseline 0.003 -17"><span class='ocrx_word' id='word_1_203' title='bbox 399 4295 434 4352; x_wconf 96' lang='grc'><strong>44</strong></span> <span class='ocrx_word' id='word_1_204' title='bbox 454 4307 508 4352; x_wconf 83' lang='lat' dir='ltr'><strong>iure</strong></span> <span class='ocrx_word' id='word_1_205' title='bbox 524 4297 584 4354; x_wconf 85' lang='lat' dir='ltr'><strong>fisci</strong></span> <span class='ocrx_word' id='word_1_206' title='bbox 609 4299 654 4368; x_wconf 87' lang='grc'><strong>49,</strong></span> <span class='ocrx_word' id='word_1_207' title='bbox 669 4299 703 4352; x_wconf 89' lang='grc'><strong>14</strong></span> 
     </span>
    </p>

    <p class='ocr_par' dir='ltr' id='par_1_35' title="bbox 399 4383 804 4456">
     <span class='ocr_line' id='line_1_47' title="bbox 399 4383 804 4456; baseline 0.007 -17"><span class='ocrx_word' id='word_1_208' title='bbox 399 4383 435 4440; x_wconf 87' lang='grc'><strong>44</strong></span> <span class='ocrx_word' id='word_1_209' title='bbox 453 4394 508 4442; x_wconf 82' lang='lat' dir='ltr'><strong>iure</strong></span> <span class='ocrx_word' id='word_1_210' title='bbox 525 4387 705 4444; x_wconf 76' lang='lat' dir='ltr'><strong>immunitatis</strong></span> <span class='ocrx_word' id='word_1_211' title='bbox 730 4386 804 4456; x_wconf 80' lang='grc'><strong>40,6</strong></span> 
     </span>
    </p>

    <p class='ocr_par' dir='ltr' id='par_1_36' title="bbox 399 4472 1086 4634">
     <span class='ocr_line' id='line_1_48' title="bbox 399 4472 1086 4532; baseline 0.003 -2"><span class='ocrx_word' id='word_1_212' title='bbox 399 4472 434 4531; x_wconf 92' lang='grc'><strong>44</strong></span> <span class='ocrx_word' id='word_1_213' title='bbox 447 4482 502 4530; x_wconf 80' lang='lat' dir='ltr'><strong>iuss</strong></span> <span class='ocrx_word' id='word_1_214' title='bbox 511 4477 619 4532; x_wconf 67' lang='lat' dir='ltr'><strong>inundo</strong></span> <span class='ocrx_word' id='word_1_215' title='bbox 631 4476 690 4531; x_wconf 93' lang='lat' dir='ltr'><strong>siue</strong></span> <span class='ocrx_word' id='word_1_216' title='bbox 700 4474 854 4532; x_wconf 85' lang='lat' dir='ltr'><strong>uoluntario</strong></span> <span class='ocrx_word' id='word_1_217' title='bbox 863 4475 923 4530; x_wconf 90' lang='lat' dir='ltr'><strong>siue</strong></span> <span class='ocrx_word' id='word_1_218' title='bbox 932 4474 1086 4532; x_wconf 79' lang='grc'><strong>4444444414</strong></span> 
     </span>
     <span class='ocr_line' id='line_1_49' title="bbox 434 4563 733 4634; baseline 0.003 -15"><span class='ocrx_word' id='word_1_219' title='bbox 434 4563 494 4619; x_wconf 87' lang='grc'><strong>4144</strong></span> <span class='ocrx_word' id='word_1_220' title='bbox 511 4564 631 4620; x_wconf 89' lang='lat' dir='ltr'><strong>iudiciali</strong></span> <span class='ocrx_word' id='word_1_221' title='bbox 660 4565 733 4634; x_wconf 86' lang='grc'><strong>18,8</strong></span> 
     </span>
    </p>

    <p class='ocr_par' dir='ltr' id='par_1_37' title="bbox 399 4651 805 4724">
     <span class='ocr_line' id='line_1_50' title="bbox 399 4651 805 4724; baseline 0.002 -16"><span class='ocrx_word' id='word_1_222' title='bbox 399 4651 434 4708; x_wconf 92' lang='grc'><strong>44</strong></span> <span class='ocrx_word' id='word_1_223' title='bbox 452 4661 508 4708; x_wconf 80' lang='lat' dir='ltr'><strong>iure</strong></span> <span class='ocrx_word' id='word_1_224' title='bbox 524 4657 686 4724; x_wconf 88' lang='lat' dir='ltr'><strong>patronatus</strong></span> <span class='ocrx_word' id='word_1_225' title='bbox 713 4653 805 4724; x_wconf 87' lang='grc'><strong>87,14</strong></span> 
     </span>
    </p>

    <p class='ocr_par' dir='ltr' id='par_1_38' title="bbox 399 4737 764 4812">
     <span class='ocr_line' id='line_1_51' title="bbox 399 4737 764 4812; baseline 0.005 -16"><span class='ocrx_word' id='word_1_226' title='bbox 399 4739 434 4797; x_wconf 90' lang='grc'><strong>44</strong></span> <span class='ocrx_word' id='word_1_227' title='bbox 452 4737 542 4798; x_wconf 85' lang='grc'><strong>414414</strong></span> <span class='ocrx_word' id='word_1_228' title='bbox 560 4744 665 4799; x_wconf 79' lang='lat' dir='ltr'><strong>iuridici</strong></span> <span class='ocrx_word' id='word_1_229' title='bbox 691 4744 716 4812; x_wconf 92' lang='lat'><strong>1,</strong></span> <span class='ocrx_word' id='word_1_230' title='bbox 729 4743 764 4798; x_wconf 90' lang='grc'><strong>80</strong></span> 
     </span>
    </p>

    <p class='ocr_par' dir='ltr' id='par_1_39' title="bbox 398 4829 753 4900">
     <span class='ocr_line' id='line_1_52' title="bbox 398 4829 753 4900; baseline -0.006 -15"><span class='ocrx_word' id='word_1_231' title='bbox 398 4829 434 4886; x_wconf 90' lang='grc'><strong>44</strong></span> <span class='ocrx_word' id='word_1_232' title='bbox 451 4840 519 4887; x_wconf 76' lang='lat' dir='ltr'><strong>iuria</strong></span> <span class='ocrx_word' id='word_1_233' title='bbox 535 4832 647 4887; x_wconf 80' lang='grc'><strong>41411444</strong></span> <span class='ocrx_word' id='word_1_234' title='bbox 671 4831 726 4900; x_wconf 82' lang='grc'><strong>8,1</strong></span> <span class='ocrx_word' id='word_1_235' title='bbox 751 4879 753 4882; x_wconf 94' lang='grc'>.</span> 
     </span>
    </p>

    <p class='ocr_par' dir='ltr' id='par_1_40' title="bbox 399 4918 914 4992">
     <span class='ocr_line' id='line_1_53' title="bbox 399 4918 914 4992; baseline 0.004 -16"><span class='ocrx_word' id='word_1_236' title='bbox 399 4918 434 4976; x_wconf 88' lang='grc'><strong>44</strong></span> <span class='ocrx_word' id='word_1_237' title='bbox 452 4929 518 4976; x_wconf 84' lang='lat' dir='ltr'><strong>iuris</strong></span> <span class='ocrx_word' id='word_1_238' title='bbox 535 4918 815 4990; x_wconf 66' lang='grc'><strong>41144111444444114</strong></span> <span class='ocrx_word' id='word_1_239' title='bbox 840 4920 914 4992; x_wconf 84' lang='grc'><strong>88,6</strong></span> 
     </span>
    </p>

    <p class='ocr_par' dir='ltr' id='par_1_41' title="bbox 398 5005 754 5080">
     <span class='ocr_line' id='line_1_54' title="bbox 398 5005 754 5080; baseline 0.003 -16"><span class='ocrx_word' id='word_1_240' title='bbox 398 5005 434 5064; x_wconf 89' lang='grc'><strong>44</strong></span> <span class='ocrx_word' id='word_1_241' title='bbox 452 5015 551 5066; x_wconf 79' lang='grc'><strong>44744</strong></span> <span class='ocrx_word' id='word_1_242' title='bbox 568 5013 598 5065; x_wconf 87' lang='grc'><strong>41</strong></span> <span class='ocrx_word' id='word_1_243' title='bbox 614 5010 673 5066; x_wconf 85' lang='lat' dir='ltr'><strong>ime</strong></span> <span class='ocrx_word' id='word_1_244' title='bbox 700 5011 754 5080; x_wconf 89' lang='lat'><strong>1,1</strong></span> 
     </span>
    </p>
   </div>
   <div class='ocr_carea' id='block_1_3' title="bbox 1139 390 1832 3571">
    <p class='ocr_par' dir='ltr' id='par_1_42' title="bbox 1144 390 1462 466">
     <span class='ocr_line' id='line_1_55' title="bbox 1144 390 1462 466; baseline 0.006 -20"><span class='ocrx_word' id='word_1_245' title='bbox 1144 390 1179 447; x_wconf 88' lang='grc'><strong>44</strong></span> <span class='ocrx_word' id='word_1_246' title='bbox 1196 396 1363 466; x_wconf 70' lang='grc' dir='ltr'><strong>7494114ὴί444</strong></span> <span class='ocrx_word' id='word_1_247' title='bbox 1389 395 1462 463; x_wconf 71' lang='lat' dir='ltr'><strong>eui</strong></span> 
     </span>
    </p>

    <p class='ocr_par' dir='ltr' id='par_1_43' title="bbox 1143 481 1744 556">
     <span class='ocr_line' id='line_1_56' title="bbox 1143 481 1744 556; baseline 0.005 -20"><span class='ocrx_word' id='word_1_248' title='bbox 1143 481 1178 537; x_wconf 89' lang='grc'><strong>44</strong></span> <span class='ocrx_word' id='word_1_249' title='bbox 1196 486 1287 556; x_wconf 76' lang='lat' dir='ltr'><strong>tepolis</strong></span> <span class='ocrx_word' id='word_1_250' title='bbox 1305 487 1334 538; x_wconf 90' lang='lat' dir='ltr'><strong>et</strong></span> <span class='ocrx_word' id='word_1_251' title='bbox 1351 481 1570 538; x_wconf 87' lang='lat' dir='ltr'><strong>fideicommissis</strong></span> <span class='ocrx_word' id='word_1_252' title='bbox 1595 483 1639 537; x_wconf 89' lang='lat'><strong>30.</strong></span> <span class='ocrx_word' id='word_1_253' title='bbox 1652 485 1695 538; x_wconf 89' lang='grc'><strong>81.</strong></span> <span class='ocrx_word' id='word_1_254' title='bbox 1709 485 1744 540; x_wconf 88' lang='grc'><strong>38</strong></span> 
     </span>
    </p>

    <p class='ocr_par' dir='ltr' id='par_1_44' title="bbox 1143 571 1832 731">
     <span class='ocr_line' id='line_1_57' title="bbox 1143 571 1832 645; baseline 0.001 -18"><span class='ocrx_word' id='word_1_255' title='bbox 1143 572 1178 627; x_wconf 90' lang='grc'><strong>44</strong></span> <span class='ocrx_word' id='word_1_256' title='bbox 1195 575 1286 645; x_wconf 80' lang='grc'><strong>7494114</strong></span> <span class='ocrx_word' id='word_1_257' title='bbox 1303 571 1475 642; x_wconf 78' lang='lat' dir='ltr'><strong>praestandis</strong></span> <span class='ocrx_word' id='word_1_258' title='bbox 1498 576 1594 626; x_wconf 89' lang='lat' dir='ltr'><strong>contra</strong></span> <span class='ocrx_word' id='word_1_259' title='bbox 1614 572 1724 628; x_wconf 91' lang='lat' dir='ltr'><strong>tabulas</strong></span> <span class='ocrx_word' id='word_1_260' title='bbox 1748 571 1832 628; x_wconf 91' lang='lat' dir='ltr'><strong>bono-</strong></span> 
     </span>
     <span class='ocr_line' id='line_1_58' title="bbox 1178 661 1636 731; baseline -0.002 -15"><span class='ocrx_word' id='word_1_261' title='bbox 1178 677 1237 716; x_wconf 88' lang='lat' dir='ltr'><strong>rum</strong></span> <span class='ocrx_word' id='word_1_262' title='bbox 1256 661 1431 731; x_wconf 88' lang='lat' dir='ltr'><strong>possessione</strong></span> <span class='ocrx_word' id='word_1_263' title='bbox 1449 661 1536 730; x_wconf 88' lang='lat' dir='ltr'><strong>petita</strong></span> <span class='ocrx_word' id='word_1_264' title='bbox 1562 661 1636 729; x_wconf 83' lang='grc'><strong>37,5</strong></span> 
     </span>
    </p>

    <p class='ocr_par' dir='ltr' id='par_1_45' title="bbox 1143 749 1552 823">
     <span class='ocr_line' id='line_1_59' title="bbox 1143 749 1552 823; baseline -0.005 -18"><span class='ocrx_word' id='word_1_265' title='bbox 1143 749 1178 805; x_wconf 89' lang='grc'><strong>44</strong></span> <span class='ocrx_word' id='word_1_266' title='bbox 1195 753 1249 823; x_wconf 89' lang='grc'><strong>7494</strong></span> <span class='ocrx_word' id='word_1_267' title='bbox 1266 750 1453 806; x_wconf 81' lang='lat' dir='ltr'><strong>commissoris</strong></span> <span class='ocrx_word' id='word_1_268' title='bbox 1481 750 1552 818; x_wconf 84' lang='lat'>18,3</span> 
     </span>
    </p>

    <p class='ocr_par' dir='ltr' id='par_1_46' title="bbox 1143 837 1831 996">
     <span class='ocr_line' id='line_1_60' title="bbox 1143 837 1831 912; baseline -0.004 -18"><span class='ocrx_word' id='word_1_269' title='bbox 1143 839 1177 894; x_wconf 87' lang='grc'><strong>44</strong></span> <span class='ocrx_word' id='word_1_270' title='bbox 1195 843 1248 912; x_wconf 82' lang='grc'><strong>7494</strong></span> <span class='ocrx_word' id='word_1_271' title='bbox 1261 840 1386 896; x_wconf 82' lang='lat' dir='ltr'><strong>Cornelia</strong></span> <span class='ocrx_word' id='word_1_272' title='bbox 1403 839 1438 894; x_wconf 91' lang='grc'><strong>44</strong></span> <span class='ocrx_word' id='word_1_273' title='bbox 1456 837 1533 894; x_wconf 87' lang='grc'><strong>141414</strong></span> <span class='ocrx_word' id='word_1_274' title='bbox 1550 842 1579 893; x_wconf 88' lang='grc'><strong>41</strong></span> <span class='ocrx_word' id='word_1_275' title='bbox 1595 837 1756 893; x_wconf 80' lang='lat' dir='ltr'><strong>decanatus</strong></span> <span class='ocrx_word' id='word_1_276' title='bbox 1769 851 1831 892; x_wconf 90' lang='lat' dir='ltr'><strong>cou-</strong></span> 
     </span>
     <span class='ocr_line' id='line_1_61' title="bbox 1179 913 1669 996; baseline -0.006 -13"><span class='ocrx_word' id='word_1_277' title='bbox 1179 929 1251 986; x_wconf 87' lang='grc'><strong>44114</strong></span> <span class='ocrx_word' id='word_1_278' title='bbox 1269 928 1420 984; x_wconf 87' lang='lat' dir='ltr'><strong>Liboniano</strong></span> <span class='ocrx_word' id='word_1_279' title='bbox 1446 928 1539 996; x_wconf 88' lang='grc'><strong>48,10</strong></span> <span class='ocrx_word' id='word_1_280' title='bbox 1668 913 1669 920; x_wconf 34' lang='lat'>¹</span> 
     </span>
    </p>

    <p class='ocr_par' dir='ltr' id='par_1_47' title="bbox 1143 1015 1682 1090">
     <span class='ocr_line' id='line_1_62' title="bbox 1143 1015 1682 1090; baseline -0.004 -18"><span class='ocrx_word' id='word_1_281' title='bbox 1143 1017 1178 1072; x_wconf 93' lang='lat' dir='ltr'><strong>de</strong></span> <span class='ocrx_word' id='word_1_282' title='bbox 1196 1021 1249 1090; x_wconf 84' lang='grc'><strong>7494</strong></span> <span class='ocrx_word' id='word_1_283' title='bbox 1266 1017 1353 1072; x_wconf 84' lang='lat' dir='ltr'><strong>Fabia</strong></span> <span class='ocrx_word' id='word_1_284' title='bbox 1371 1016 1405 1070; x_wconf 95' lang='lat' dir='ltr'><strong>de</strong></span> <span class='ocrx_word' id='word_1_285' title='bbox 1424 1015 1564 1086; x_wconf 81' lang='lat' dir='ltr'><strong>plagiariis</strong></span> <span class='ocrx_word' id='word_1_286' title='bbox 1589 1015 1635 1085; x_wconf 90' lang='grc'><strong>48,</strong></span> <span class='ocrx_word' id='word_1_287' title='bbox 1649 1015 1682 1070; x_wconf 81' lang='grc'><strong>14</strong></span> 
     </span>
    </p>

    <p class='ocr_par' dir='ltr' id='par_1_48' title="bbox 1143 1104 1591 1180">
     <span class='ocr_line' id='line_1_63' title="bbox 1143 1104 1591 1180; baseline -0.004 -20"><span class='ocrx_word' id='word_1_288' title='bbox 1143 1107 1178 1162; x_wconf 88' lang='grc'><strong>44</strong></span> <span class='ocrx_word' id='word_1_289' title='bbox 1196 1110 1249 1180; x_wconf 79' lang='grc'><strong>7494</strong></span> <span class='ocrx_word' id='word_1_290' title='bbox 1268 1107 1335 1161; x_wconf 90' lang='grc'><strong>14114</strong></span> <span class='ocrx_word' id='word_1_291' title='bbox 1353 1105 1472 1160; x_wconf 86' lang='lat' dir='ltr'><strong>ambitus</strong></span> <span class='ocrx_word' id='word_1_292' title='bbox 1498 1104 1591 1173; x_wconf 85' lang='lat'>48,14</span> 
     </span>
    </p>

    <p class='ocr_par' dir='ltr' id='par_1_49' title="bbox 1142 1193 1632 1266">
     <span class='ocr_line' id='line_1_64' title="bbox 1142 1193 1632 1266; baseline -0.002 -17"><span class='ocrx_word' id='word_1_293' title='bbox 1142 1195 1248 1266; x_wconf 92' lang='grc'><strong>447494</strong></span> <span class='ocrx_word' id='word_1_294' title='bbox 1267 1196 1336 1250; x_wconf 90' lang='grc'><strong>14114</strong></span> <span class='ocrx_word' id='word_1_295' title='bbox 1354 1194 1388 1248; x_wconf 89' lang='grc'><strong>44</strong></span> <span class='ocrx_word' id='word_1_296' title='bbox 1407 1209 1515 1250; x_wconf 89' lang='lat' dir='ltr'><strong>annona</strong></span> <span class='ocrx_word' id='word_1_297' title='bbox 1539 1193 1632 1262; x_wconf 74' lang='grc'><strong>4414</strong></span> 
     </span>
    </p>

    <p class='ocr_par' dir='ltr' id='par_1_50' title="bbox 1143 1283 1683 1357">
     <span class='ocr_line' id='line_1_65' title="bbox 1143 1283 1683 1357; baseline -0.004 -17"><span class='ocrx_word' id='word_1_298' title='bbox 1143 1284 1178 1340; x_wconf 87' lang='grc'><strong>44</strong></span> <span class='ocrx_word' id='word_1_299' title='bbox 1196 1288 1249 1357; x_wconf 85' lang='grc'><strong>7494</strong></span> <span class='ocrx_word' id='word_1_300' title='bbox 1267 1284 1336 1338; x_wconf 91' lang='grc'><strong>14114</strong></span> <span class='ocrx_word' id='word_1_301' title='bbox 1353 1283 1565 1354; x_wconf 88' lang='lat' dir='ltr'><strong>repetundarum</strong></span> <span class='ocrx_word' id='word_1_302' title='bbox 1592 1283 1683 1352; x_wconf 88' lang='grc'><strong>48,11</strong></span> 
     </span>
    </p>

    <p class='ocr_par' dir='ltr' id='par_1_51' title="bbox 1143 1371 1719 1446">
     <span class='ocr_line' id='line_1_66' title="bbox 1143 1371 1719 1446; baseline -0.005 -18"><span class='ocrx_word' id='word_1_303' title='bbox 1143 1373 1178 1428; x_wconf 91' lang='grc'><strong>44</strong></span> <span class='ocrx_word' id='word_1_304' title='bbox 1196 1376 1249 1446; x_wconf 93' lang='grc'><strong>7494</strong></span> <span class='ocrx_word' id='word_1_305' title='bbox 1266 1373 1397 1441; x_wconf 87' lang='lat' dir='ltr'><strong>Pompeia</strong></span> <span class='ocrx_word' id='word_1_306' title='bbox 1414 1372 1450 1426; x_wconf 92' lang='lat' dir='ltr'><strong>de</strong></span> <span class='ocrx_word' id='word_1_307' title='bbox 1468 1371 1620 1441; x_wconf 88' lang='lat' dir='ltr'><strong>parricidiis</strong></span> <span class='ocrx_word' id='word_1_308' title='bbox 1645 1371 1719 1440; x_wconf 82' lang='grc'><strong>48,8</strong></span> 
     </span>
    </p>

    <p class='ocr_par' dir='ltr' id='par_1_52' title="bbox 1143 1460 1619 1534">
     <span class='ocr_line' id='line_1_67' title="bbox 1143 1460 1619 1534; baseline -0.004 -18"><span class='ocrx_word' id='word_1_309' title='bbox 1143 1463 1178 1518; x_wconf 88' lang='grc'><strong>44</strong></span> <span class='ocrx_word' id='word_1_310' title='bbox 1195 1465 1249 1534; x_wconf 89' lang='grc'><strong>7494</strong></span> <span class='ocrx_word' id='word_1_311' title='bbox 1266 1462 1374 1517; x_wconf 88' lang='lat' dir='ltr'><strong>Rhodia</strong></span> <span class='ocrx_word' id='word_1_312' title='bbox 1391 1461 1425 1516; x_wconf 89' lang='lat' dir='ltr'><strong>de</strong></span> <span class='ocrx_word' id='word_1_313' title='bbox 1443 1461 1518 1516; x_wconf 88' lang='lat' dir='ltr'><strong>iactu</strong></span> <span class='ocrx_word' id='word_1_314' title='bbox 1546 1460 1588 1527; x_wconf 90' lang='grc'><strong>14,</strong></span> <span class='ocrx_word' id='word_1_315' title='bbox 1602 1460 1619 1514; x_wconf 91' lang='grc'><strong>8</strong></span> 
     </span>
    </p>

    <p class='ocr_par' dir='ltr' id='par_1_53' title="bbox 1142 1545 1831 1712">
     <span class='ocr_line' id='line_1_68' title="bbox 1142 1545 1831 1622; baseline -0.006 -16"><span class='ocrx_word' id='word_1_316' title='bbox 1142 1553 1189 1622; x_wconf 95' lang='lat' dir='ltr'><strong>qui</strong></span> <span class='ocrx_word' id='word_1_317' title='bbox 1207 1557 1269 1606; x_wconf 89' lang='grc'><strong>414</strong></span> <span class='ocrx_word' id='word_1_318' title='bbox 1287 1550 1387 1620; x_wconf 88' lang='lat' dir='ltr'><strong>quibus</strong></span> <span class='ocrx_word' id='word_1_319' title='bbox 1410 1549 1570 1604; x_wconf 78' lang='lat' dir='ltr'><strong>manumissi</strong></span> <span class='ocrx_word' id='word_1_320' title='bbox 1592 1547 1670 1603; x_wconf 87' lang='lat' dir='ltr'><strong>liberi</strong></span> <span class='ocrx_word' id='word_1_321' title='bbox 1688 1545 1831 1602; x_wconf 82' lang='grc'><strong>4444441</strong></span> 
     </span>
     <span class='ocr_line' id='line_1_69' title="bbox 1178 1636 1721 1712; baseline -0.009 -17"><span class='ocrx_word' id='word_1_322' title='bbox 1178 1639 1259 1695; x_wconf 89' lang='grc'><strong>4144</strong></span> <span class='ocrx_word' id='word_1_323' title='bbox 1278 1639 1480 1712; x_wconf 75' lang='grc'><strong>7494444144]</strong></span> <span class='ocrx_word' id='word_1_324' title='bbox 1499 1636 1621 1692; x_wconf 82' lang='grc'><strong>84411444</strong></span> <span class='ocrx_word' id='word_1_325' title='bbox 1647 1637 1721 1704; x_wconf 73' lang='lat' dir='ltr'><strong>loe</strong></span> 
     </span>
    </p>

    <p class='ocr_par' dir='ltr' id='par_1_54' title="bbox 1143 1727 1513 1800">
     <span class='ocr_line' id='line_1_70' title="bbox 1143 1727 1513 1800; baseline -0.005 -17"><span class='ocrx_word' id='word_1_326' title='bbox 1143 1728 1177 1783; x_wconf 88' lang='grc'><strong>44</strong></span> <span class='ocrx_word' id='word_1_327' title='bbox 1196 1732 1274 1800; x_wconf 77' lang='grc'><strong>749444</strong></span> <span class='ocrx_word' id='word_1_328' title='bbox 1292 1729 1429 1798; x_wconf 81' lang='lat' dir='ltr'><strong>Aquiliam</strong></span> <span class='ocrx_word' id='word_1_329' title='bbox 1457 1727 1513 1796; x_wconf 87' lang='grc'><strong>9,8</strong></span> 
     </span>
    </p>

    <p class='ocr_par' dir='ltr' id='par_1_55' title="bbox 1142 1811 1831 1974">
     <span class='ocr_line' id='line_1_71' title="bbox 1142 1811 1831 1890; baseline -0.006 -18"><span class='ocrx_word' id='word_1_330' title='bbox 1142 1817 1178 1872; x_wconf 91' lang='lat' dir='ltr'><strong>ad</strong></span> <span class='ocrx_word' id='word_1_331' title='bbox 1195 1821 1273 1890; x_wconf 75' lang='grc'><strong>749444</strong></span> <span class='ocrx_word' id='word_1_332' title='bbox 1291 1817 1444 1873; x_wconf 81' lang='lat' dir='ltr'><strong>Corneliam</strong></span> <span class='ocrx_word' id='word_1_333' title='bbox 1468 1815 1503 1870; x_wconf 93' lang='lat' dir='ltr'><strong>de</strong></span> <span class='ocrx_word' id='word_1_334' title='bbox 1527 1815 1632 1870; x_wconf 88' lang='lat' dir='ltr'><strong>sicariis</strong></span> <span class='ocrx_word' id='word_1_335' title='bbox 1654 1811 1831 1870; x_wconf 87' lang='grc'><strong>4144444414</strong></span> 
     </span>
     <span class='ocr_line' id='line_1_72' title="bbox 1176 1907 1250 1974; baseline 0 -14"><span class='ocrx_word' id='word_1_336' title='bbox 1176 1907 1250 1974; x_wconf 92' lang='grc'><strong>48,8</strong></span> 
     </span>
    </p>

    <p class='ocr_par' dir='ltr' id='par_1_56' title="bbox 1142 1993 1541 2066">
     <span class='ocr_line' id='line_1_73' title="bbox 1142 1993 1541 2066; baseline 0 -18"><span class='ocrx_word' id='word_1_337' title='bbox 1142 1993 1177 2048; x_wconf 88' lang='lat' dir='ltr'><strong>ud</strong></span> <span class='ocrx_word' id='word_1_338' title='bbox 1196 1997 1273 2066; x_wconf 76' lang='grc'><strong>749444</strong></span> <span class='ocrx_word' id='word_1_339' title='bbox 1291 1993 1440 2049; x_wconf 79' lang='lat' dir='ltr'><strong>Falcidiam</strong></span> <span class='ocrx_word' id='word_1_340' title='bbox 1467 1993 1541 2061; x_wconf 66' lang='lat' dir='ltr'><strong>eda</strong></span> 
     </span>
    </p>

    <p class='ocr_par' dir='ltr' id='par_1_57' title="bbox 1141 2081 1829 2241">
     <span class='ocr_line' id='line_1_74' title="bbox 1141 2081 1829 2155; baseline 0 -17"><span class='ocrx_word' id='word_1_341' title='bbox 1141 2082 1177 2138; x_wconf 92' lang='grc'><strong>44</strong></span> <span class='ocrx_word' id='word_1_342' title='bbox 1207 2085 1284 2155; x_wconf 80' lang='grc'><strong>74944</strong></span> <span class='ocrx_word' id='word_1_343' title='bbox 1309 2083 1405 2138; x_wconf 85' lang='lat' dir='ltr'><strong>lulium</strong></span> <span class='ocrx_word' id='word_1_344' title='bbox 1435 2081 1470 2138; x_wconf 90' lang='grc'><strong>44</strong></span> <span class='ocrx_word' id='word_1_345' title='bbox 1499 2081 1640 2136; x_wconf 87' lang='lat' dir='ltr'><strong>adulteriis</strong></span> <span class='ocrx_word' id='word_1_346' title='bbox 1669 2081 1829 2138; x_wconf 87' lang='lat' dir='ltr'><strong>coercendis</strong></span> 
     </span>
     <span class='ocr_line' id='line_1_75' title="bbox 1175 2169 1727 2241; baseline -0.004 -14"><span class='ocrx_word' id='word_1_347' title='bbox 1175 2172 1251 2241; x_wconf 86' lang='lat'>48,5</span> <span class='ocrx_word' id='word_1_348' title='bbox 1724 2169 1727 2175; x_wconf 86' lang='lat'>&#39;</span> 
     </span>
    </p>

    <p class='ocr_par' dir='ltr' id='par_1_58' title="bbox 1141 2258 1711 2334">
     <span class='ocr_line' id='line_1_76' title="bbox 1141 2258 1711 2334; baseline -0.005 -18"><span class='ocrx_word' id='word_1_349' title='bbox 1141 2261 1177 2316; x_wconf 90' lang='lat' dir='ltr'><strong>ad</strong></span> <span class='ocrx_word' id='word_1_350' title='bbox 1194 2264 1273 2334; x_wconf 77' lang='lat' dir='ltr'><strong>tepem</strong></span> <span class='ocrx_word' id='word_1_351' title='bbox 1291 2260 1387 2317; x_wconf 86' lang='lat' dir='ltr'><strong>Iuliam</strong></span> <span class='ocrx_word' id='word_1_352' title='bbox 1406 2259 1441 2316; x_wconf 91' lang='lat' dir='ltr'><strong>ds</strong></span> <span class='ocrx_word' id='word_1_353' title='bbox 1459 2259 1487 2314; x_wconf 92' lang='lat' dir='ltr'><strong>ui</strong></span> <span class='ocrx_word' id='word_1_354' title='bbox 1506 2259 1614 2328; x_wconf 89' lang='lat' dir='ltr'><strong>priuata</strong></span> <span class='ocrx_word' id='word_1_355' title='bbox 1639 2258 1711 2328; x_wconf 89' lang='lat' dir='ltr'><strong>48,&#39;l</strong></span> 
     </span>
    </p>

    <p class='ocr_par' dir='ltr' id='par_1_59' title="bbox 1141 2347 1713 2423">
     <span class='ocr_line' id='line_1_77' title="bbox 1141 2347 1713 2423; baseline -0.003 -19"><span class='ocrx_word' id='word_1_356' title='bbox 1141 2351 1175 2404; x_wconf 89' lang='grc'><strong>44</strong></span> <span class='ocrx_word' id='word_1_357' title='bbox 1195 2349 1386 2423; x_wconf 77' lang='grc'><strong>749441411444</strong></span> <span class='ocrx_word' id='word_1_358' title='bbox 1405 2349 1440 2404; x_wconf 92' lang='grc'><strong>44</strong></span> <span class='ocrx_word' id='word_1_359' title='bbox 1458 2349 1486 2403; x_wconf 91' lang='grc'><strong>41</strong></span> <span class='ocrx_word' id='word_1_360' title='bbox 1505 2347 1615 2417; x_wconf 89' lang='lat' dir='ltr'><strong>publica</strong></span> <span class='ocrx_word' id='word_1_361' title='bbox 1639 2347 1713 2418; x_wconf 90' lang='grc'><strong>48,6</strong></span> 
     </span>
    </p>

    <p class='ocr_par' dir='ltr' id='par_1_60' title="bbox 1141 2436 1659 2511">
     <span class='ocr_line' id='line_1_78' title="bbox 1141 2436 1659 2511; baseline -0.01 -17"><span class='ocrx_word' id='word_1_362' title='bbox 1141 2439 1272 2511; x_wconf 78' lang='grc'><strong>44149444</strong></span> <span class='ocrx_word' id='word_1_363' title='bbox 1293 2439 1387 2494; x_wconf 83' lang='lat' dir='ltr'><strong>lulium</strong></span> <span class='ocrx_word' id='word_1_364' title='bbox 1406 2437 1558 2492; x_wconf 84' lang='lat' dir='ltr'><strong>maiestatis</strong></span> <span class='ocrx_word' id='word_1_365' title='bbox 1584 2436 1659 2504; x_wconf 89' lang='grc'><strong>48,4</strong></span> 
     </span>
    </p>

    <p class='ocr_par' dir='ltr' id='par_1_61' title="bbox 1141 2525 1830 2688">
     <span class='ocr_line' id='line_1_79' title="bbox 1141 2525 1830 2599; baseline -0.001 -17"><span class='ocrx_word' id='word_1_366' title='bbox 1141 2527 1176 2583; x_wconf 91' lang='grc'><strong>44</strong></span> <span class='ocrx_word' id='word_1_367' title='bbox 1194 2532 1272 2599; x_wconf 74' lang='grc'><strong>749444</strong></span> <span class='ocrx_word' id='word_1_368' title='bbox 1291 2527 1386 2582; x_wconf 87' lang='lat' dir='ltr'><strong>Iuliam</strong></span> <span class='ocrx_word' id='word_1_369' title='bbox 1405 2527 1548 2597; x_wconf 89' lang='lat' dir='ltr'><strong>peculatus</strong></span> <span class='ocrx_word' id='word_1_370' title='bbox 1563 2525 1638 2580; x_wconf 88' lang='grc'><strong>4144</strong></span> <span class='ocrx_word' id='word_1_371' title='bbox 1650 2525 1790 2595; x_wconf 80' lang='lat' dir='ltr'><strong>sacrilegis</strong></span> <span class='ocrx_word' id='word_1_372' title='bbox 1802 2531 1830 2581; x_wconf 89' lang='lat' dir='ltr'><strong>el</strong></span> 
     </span>
     <span class='ocr_line' id='line_1_80' title="bbox 1176 2616 1791 2688; baseline -0.005 -17"><span class='ocrx_word' id='word_1_373' title='bbox 1176 2616 1211 2671; x_wconf 94' lang='lat' dir='ltr'><strong>de</strong></span> <span class='ocrx_word' id='word_1_374' title='bbox 1228 2616 1346 2671; x_wconf 89' lang='lat' dir='ltr'><strong>residuis</strong></span> <span class='ocrx_word' id='word_1_375' title='bbox 1372 2616 1463 2685; x_wconf 90' lang='grc'><strong>48,13</strong></span> <span class='ocrx_word' id='word_1_376' title='bbox 1790 2683 1791 2688; x_wconf 12' lang='lat'>¹</span> 
     </span>
    </p>

    <p class='ocr_par' dir='ltr' id='par_1_62' title="bbox 1140 2703 1829 2862">
     <span class='ocr_line' id='line_1_81' title="bbox 1140 2703 1829 2778; baseline -0.001 -17"><span class='ocrx_word' id='word_1_377' title='bbox 1140 2705 1175 2761; x_wconf 89' lang='grc'><strong>44</strong></span> <span class='ocrx_word' id='word_1_378' title='bbox 1192 2707 1290 2778; x_wconf 69' lang='lat' dir='ltr'><strong>lepidus</strong></span> <span class='ocrx_word' id='word_1_379' title='bbox 1308 2711 1474 2774; x_wconf 86' lang='lat' dir='ltr'><strong>senatusque</strong></span> <span class='ocrx_word' id='word_1_380' title='bbox 1489 2703 1620 2760; x_wconf 86' lang='lat' dir='ltr'><strong>consultis</strong></span> <span class='ocrx_word' id='word_1_381' title='bbox 1632 2707 1661 2758; x_wconf 89' lang='lat' dir='ltr'><strong>et</strong></span> <span class='ocrx_word' id='word_1_382' title='bbox 1672 2703 1755 2774; x_wconf 83' lang='lat' dir='ltr'><strong>longa</strong></span> <span class='ocrx_word' id='word_1_383' title='bbox 1766 2717 1829 2760; x_wconf 88' lang='lat' dir='ltr'><strong>uou-</strong></span> 
     </span>
     <span class='ocr_line' id='line_1_82' title="bbox 1175 2794 1402 2862; baseline -0.009 -12"><span class='ocrx_word' id='word_1_384' title='bbox 1175 2794 1320 2850; x_wconf 89' lang='lat' dir='ltr'><strong>suetudine</strong></span> <span class='ocrx_word' id='word_1_385' title='bbox 1347 2795 1402 2862; x_wconf 87' lang='lat'><strong>1,3</strong></span> 
     </span>
    </p>

    <p class='ocr_par' dir='ltr' id='par_1_63' title="bbox 1140 2883 1436 2956">
     <span class='ocr_line' id='line_1_83' title="bbox 1140 2883 1436 2956; baseline -0.003 -18"><span class='ocrx_word' id='word_1_386' title='bbox 1140 2883 1213 2938; x_wconf 84' lang='grc'><strong>11444</strong></span> <span class='ocrx_word' id='word_1_387' title='bbox 1231 2887 1338 2956; x_wconf 77' lang='grc'><strong>7491714111</strong></span> <span class='ocrx_word' id='word_1_388' title='bbox 1364 2883 1436 2951; x_wconf 80' lang='grc'><strong>38,7</strong></span> 
     </span>
    </p>

    <p class='ocr_par' dir='ltr' id='par_1_64' title="bbox 1140 2969 1568 3044">
     <span class='ocr_line' id='line_1_84' title="bbox 1140 2969 1568 3044; baseline 0 -18"><span class='ocrx_word' id='word_1_389' title='bbox 1140 2971 1175 3027; x_wconf 90' lang='grc'><strong>44</strong></span> <span class='ocrx_word' id='word_1_390' title='bbox 1193 2975 1313 3044; x_wconf 79' lang='grc'><strong>74944474</strong></span> <span class='ocrx_word' id='word_1_391' title='bbox 1330 2969 1466 3026; x_wconf 87' lang='lat' dir='ltr'><strong>tutoribus</strong></span> <span class='ocrx_word' id='word_1_392' title='bbox 1494 2971 1568 3040; x_wconf 88' lang='grc'><strong>86,4</strong></span> 
     </span>
    </p>

    <p class='ocr_par' dir='ltr' id='par_1_65' title="bbox 1140 3057 1829 3218">
     <span class='ocr_line' id='line_1_85' title="bbox 1140 3057 1829 3130; baseline -0.004 -14"><span class='ocrx_word' id='word_1_393' title='bbox 1140 3060 1284 3116; x_wconf 78' lang='grc'><strong>4471447714</strong></span> <span class='ocrx_word' id='word_1_394' title='bbox 1304 3059 1464 3115; x_wconf 88' lang='lat' dir='ltr'><strong>dimissoriis</strong></span> <span class='ocrx_word' id='word_1_395' title='bbox 1488 3060 1535 3130; x_wconf 91' lang='lat' dir='ltr'><strong>qui</strong></span> <span class='ocrx_word' id='word_1_396' title='bbox 1559 3057 1675 3130; x_wconf 85' lang='lat' dir='ltr'><strong>apostoli</strong></span> <span class='ocrx_word' id='word_1_397' title='bbox 1701 3057 1829 3114; x_wconf 87' lang='lat' dir='ltr'><strong>dicuutur</strong></span> 
     </span>
     <span class='ocr_line' id='line_1_86' title="bbox 1175 3151 1250 3218; baseline 0 -14"><span class='ocrx_word' id='word_1_398' title='bbox 1175 3151 1250 3218; x_wconf 87' lang='grc'><strong>48,6</strong></span> 
     </span>
    </p>

    <p class='ocr_par' dir='ltr' id='par_1_66' title="bbox 1140 3237 1513 3306">
     <span class='ocr_line' id='line_1_87' title="bbox 1140 3237 1513 3306; baseline -0.003 -13"><span class='ocrx_word' id='word_1_399' title='bbox 1140 3238 1175 3293; x_wconf 90' lang='grc'><strong>44</strong></span> <span class='ocrx_word' id='word_1_400' title='bbox 1193 3240 1293 3294; x_wconf 79' lang='lat' dir='ltr'><strong>liberali</strong></span> <span class='ocrx_word' id='word_1_401' title='bbox 1311 3252 1396 3292; x_wconf 90' lang='lat' dir='ltr'><strong>causa</strong></span> <span class='ocrx_word' id='word_1_402' title='bbox 1420 3237 1465 3306; x_wconf 92' lang='grc'><strong>40,</strong></span> <span class='ocrx_word' id='word_1_403' title='bbox 1479 3238 1513 3292; x_wconf 88' lang='grc'><strong>18</strong></span> 
     </span>
    </p>

    <p class='ocr_par' dir='ltr' id='par_1_67' title="bbox 1140 3325 1551 3394">
     <span class='ocr_line' id='line_1_88' title="bbox 1140 3325 1551 3394; baseline -0.002 -13"><span class='ocrx_word' id='word_1_404' title='bbox 1140 3325 1175 3381; x_wconf 88' lang='grc'><strong>44</strong></span> <span class='ocrx_word' id='word_1_405' title='bbox 1193 3327 1342 3381; x_wconf 76' lang='lat' dir='ltr'><strong>liberatione</strong></span> <span class='ocrx_word' id='word_1_406' title='bbox 1359 3327 1452 3394; x_wconf 77' lang='lat' dir='ltr'><strong>legata</strong></span> <span class='ocrx_word' id='word_1_407' title='bbox 1478 3326 1551 3394; x_wconf 67' lang='lat'><strong>343</strong></span> 
     </span>
    </p>

    <p class='ocr_par' dir='ltr' id='par_1_68' title="bbox 1139 3411 1828 3571">
     <span class='ocr_line' id='line_1_89' title="bbox 1139 3411 1828 3484; baseline -0.003 -14"><span class='ocrx_word' id='word_1_408' title='bbox 1139 3415 1162 3470; x_wconf 93' lang='lat' dir='ltr'><strong>si</strong></span> <span class='ocrx_word' id='word_1_409' title='bbox 1181 3413 1291 3470; x_wconf 89' lang='lat' dir='ltr'><strong>tabulae</strong></span> <span class='ocrx_word' id='word_1_410' title='bbox 1308 3415 1466 3470; x_wconf 83' lang='lat' dir='ltr'><strong>testamenti</strong></span> <span class='ocrx_word' id='word_1_411' title='bbox 1484 3415 1574 3470; x_wconf 92' lang='lat' dir='ltr'><strong>nullae</strong></span> <span class='ocrx_word' id='word_1_412' title='bbox 1592 3411 1734 3484; x_wconf 86' lang='lat' dir='ltr'><strong>extabunt,</strong></span> <span class='ocrx_word' id='word_1_413' title='bbox 1755 3413 1828 3469; x_wconf 91' lang='lat' dir='ltr'><strong>unde</strong></span> 
     </span>
     <span class='ocr_line' id='line_1_90' title="bbox 1175 3503 1348 3571; baseline 0 -13"><span class='ocrx_word' id='word_1_414' title='bbox 1175 3505 1249 3558; x_wconf 80' lang='lat' dir='ltr'><strong>liberi</strong></span> <span class='ocrx_word' id='word_1_415' title='bbox 1274 3503 1348 3571; x_wconf 84' lang='lat' dir='ltr'><strong>38‚ii</strong></span> 
     </span>
    </p>
   </div>
   <div class='ocr_carea' id='block_1_4' title="bbox 1140 3577 1828 4193">
    <p class='ocr_par' dir='ltr' id='par_1_69' title="bbox 1140 3577 1828 3749">
     <span class='ocr_line' id='line_1_91' title="bbox 1140 3577 1828 3662; baseline -0.001 -16"><span class='ocrx_word' id='word_1_416' title='bbox 1140 3591 1175 3647; x_wconf 91' lang='grc'><strong>44</strong></span> <span class='ocrx_word' id='word_1_417' title='bbox 1193 3593 1279 3647; x_wconf 81' lang='lat' dir='ltr'><strong>liberis</strong></span> <span class='ocrx_word' id='word_1_418' title='bbox 1296 3597 1325 3647; x_wconf 90' lang='grc'><strong>41</strong></span> <span class='ocrx_word' id='word_1_419' title='bbox 1341 3591 1475 3662; x_wconf 81' lang='lat' dir='ltr'><strong>postumia</strong></span> <span class='ocrx_word' id='word_1_420' title='bbox 1494 3589 1639 3646; x_wconf 87' lang='lat' dir='ltr'><strong>heredibus</strong></span> <span class='ocrx_word' id='word_1_421' title='bbox 1653 3577 1828 3646; x_wconf 81' lang='lat' dir='ltr'><strong>instituendis</strong></span> 
     </span>
     <span class='ocr_line' id='line_1_92' title="bbox 1176 3679 1534 3749; baseline -0.006 -13"><span class='ocrx_word' id='word_1_422' title='bbox 1176 3682 1220 3736; x_wconf 90' lang='lat' dir='ltr'><strong>uel</strong></span> <span class='ocrx_word' id='word_1_423' title='bbox 1238 3679 1435 3736; x_wconf 83' lang='lat' dir='ltr'><strong>exheredaudis</strong></span> <span class='ocrx_word' id='word_1_424' title='bbox 1461 3680 1534 3749; x_wconf 88' lang='grc'><strong>88,8</strong></span> 
     </span>
    </p>

    <p class='ocr_par' dir='ltr' id='par_1_70' title="bbox 1140 3765 1810 3836">
     <span class='ocr_line' id='line_1_93' title="bbox 1140 3765 1810 3836; baseline -0.003 -12"><span class='ocrx_word' id='word_1_425' title='bbox 1140 3769 1175 3824; x_wconf 92' lang='grc'><strong>44</strong></span> <span class='ocrx_word' id='word_1_426' title='bbox 1193 3771 1280 3824; x_wconf 81' lang='lat' dir='ltr'><strong>liberis</strong></span> <span class='ocrx_word' id='word_1_427' title='bbox 1297 3769 1457 3824; x_wconf 85' lang='lat' dir='ltr'><strong>exhibendis</strong></span> <span class='ocrx_word' id='word_1_428' title='bbox 1475 3769 1540 3823; x_wconf 87' lang='lat' dir='ltr'><strong>item</strong></span> <span class='ocrx_word' id='word_1_429' title='bbox 1559 3765 1692 3822; x_wconf 88' lang='lat' dir='ltr'><strong>ducendis</strong></span> <span class='ocrx_word' id='word_1_430' title='bbox 1718 3766 1762 3836; x_wconf 88' lang='grc'><strong>43,</strong></span> <span class='ocrx_word' id='word_1_431' title='bbox 1774 3766 1810 3822; x_wconf 88' lang='grc'><strong>30</strong></span> 
     </span>
    </p>

    <p class='ocr_par' dir='ltr' id='par_1_71' title="bbox 1140 3855 1828 4016">
     <span class='ocr_line' id='line_1_94' title="bbox 1140 3855 1828 3928; baseline -0.003 -14"><span class='ocrx_word' id='word_1_432' title='bbox 1140 3857 1175 3914; x_wconf 89' lang='grc'><strong>44</strong></span> <span class='ocrx_word' id='word_1_433' title='bbox 1195 3858 1377 3928; x_wconf 78' lang='lat' dir='ltr'><strong>agnoscendis</strong></span> <span class='ocrx_word' id='word_1_434' title='bbox 1395 3863 1425 3912; x_wconf 91' lang='grc'><strong>41</strong></span> <span class='ocrx_word' id='word_1_435' title='bbox 1443 3856 1547 3912; x_wconf 83' lang='lat' dir='ltr'><strong>alendis</strong></span> <span class='ocrx_word' id='word_1_436' title='bbox 1565 3855 1652 3910; x_wconf 78' lang='lat' dir='ltr'><strong>literis</strong></span> <span class='ocrx_word' id='word_1_437' title='bbox 1669 3855 1714 3910; x_wconf 91' lang='lat' dir='ltr'><strong>uel</strong></span> <span class='ocrx_word' id='word_1_438' title='bbox 1731 3871 1828 3925; x_wconf 90' lang='lat' dir='ltr'><strong>paren·</strong></span> 
     </span>
     <span class='ocr_line' id='line_1_95' title="bbox 1174 3943 1737 4016; baseline -0.005 -13"><span class='ocrx_word' id='word_1_439' title='bbox 1174 3946 1249 4003; x_wconf 89' lang='lat' dir='ltr'><strong>tibus</strong></span> <span class='ocrx_word' id='word_1_440' title='bbox 1266 3947 1312 4003; x_wconf 91' lang='lat' dir='ltr'><strong>uel</strong></span> <span class='ocrx_word' id='word_1_441' title='bbox 1329 3946 1451 4016; x_wconf 88' lang='lat' dir='ltr'><strong>patronis</strong></span> <span class='ocrx_word' id='word_1_442' title='bbox 1469 3945 1514 4002; x_wconf 93' lang='lat' dir='ltr'><strong>uel</strong></span> <span class='ocrx_word' id='word_1_443' title='bbox 1531 3943 1636 4000; x_wconf 85' lang='lat' dir='ltr'><strong>libertis</strong></span> <span class='ocrx_word' id='word_1_444' title='bbox 1664 3944 1737 4014; x_wconf 80' lang='lat'><strong>25,3</strong></span> 
     </span>
    </p>

    <p class='ocr_par' dir='ltr' id='par_1_72' title="bbox 1140 4033 1625 4103">
     <span class='ocr_line' id='line_1_96' title="bbox 1140 4033 1625 4103; baseline -0.008 -11"><span class='ocrx_word' id='word_1_445' title='bbox 1140 4036 1175 4092; x_wconf 91' lang='grc'><strong>44</strong></span> <span class='ocrx_word' id='word_1_446' title='bbox 1193 4037 1289 4091; x_wconf 74' lang='grc'><strong>71444774</strong></span> <span class='ocrx_word' id='word_1_447' title='bbox 1306 4035 1524 4090; x_wconf 87' lang='lat' dir='ltr'><strong>uniuersitatium</strong></span> <span class='ocrx_word' id='word_1_448' title='bbox 1551 4033 1625 4103; x_wconf 81' lang='lat'>38‚3</span> 
     </span>
    </p>

    <p class='ocr_par' dir='ltr' id='par_1_73' title="bbox 1140 4121 1828 4193">
     <span class='ocr_line' id='line_1_97' title="bbox 1140 4121 1828 4193; baseline -0.003 -13"><span class='ocrx_word' id='word_1_449' title='bbox 1140 4124 1176 4180; x_wconf 92' lang='lat' dir='ltr'><strong>de</strong></span> <span class='ocrx_word' id='word_1_450' title='bbox 1192 4125 1254 4193; x_wconf 86' lang='lat' dir='ltr'><strong>lege</strong></span> <span class='ocrx_word' id='word_1_451' title='bbox 1267 4123 1392 4179; x_wconf 82' lang='lat' dir='ltr'><strong>Cornelia</strong></span> <span class='ocrx_word' id='word_1_452' title='bbox 1410 4121 1533 4179; x_wconf 85' lang='grc'><strong>44141414</strong></span> <span class='ocrx_word' id='word_1_453' title='bbox 1546 4121 1622 4178; x_wconf 90' lang='grc'><strong>4144</strong></span> <span class='ocrx_word' id='word_1_454' title='bbox 1634 4125 1747 4178; x_wconf 87' lang='grc'><strong>4444144</strong></span> <span class='ocrx_word' id='word_1_455' title='bbox 1764 4136 1828 4178; x_wconf 90' lang='lat' dir='ltr'><strong>oon·</strong></span> 
     </span>
    </p>
   </div>
   <div class='ocr_carea' id='block_1_5' title="bbox 1138 4213 1828 4815">
    <p class='ocr_par' dir='ltr' id='par_1_74' title="bbox 1176 4213 1530 4282">
     <span class='ocr_line' id='line_1_98' title="bbox 1176 4213 1530 4282; baseline -0.003 -14"><span class='ocrx_word' id='word_1_456' title='bbox 1176 4213 1248 4268; x_wconf 87' lang='lat' dir='ltr'><strong>sulto</strong></span> <span class='ocrx_word' id='word_1_457' title='bbox 1267 4213 1411 4267; x_wconf 83' lang='lat' dir='ltr'><strong>Liboniano</strong></span> <span class='ocrx_word' id='word_1_458' title='bbox 1437 4213 1530 4282; x_wconf 91' lang='grc'><strong>48,10</strong></span> 
     </span>
    </p>

    <p class='ocr_par' dir='ltr' id='par_1_75' title="bbox 1140 4301 1412 4373">
     <span class='ocr_line' id='line_1_99' title="bbox 1140 4301 1412 4373; baseline 0 -17"><span class='ocrx_word' id='word_1_459' title='bbox 1140 4301 1175 4356; x_wconf 88' lang='grc'><strong>44</strong></span> <span class='ocrx_word' id='word_1_460' title='bbox 1193 4305 1313 4373; x_wconf 83' lang='grc'><strong>7777914414</strong></span> <span class='ocrx_word' id='word_1_461' title='bbox 1338 4301 1412 4371; x_wconf 86' lang='grc'><strong>44,6</strong></span> 
     </span>
    </p>

    <p class='ocr_par' dir='ltr' id='par_1_76' title="bbox 1139 4388 1461 4457">
     <span class='ocr_line' id='line_1_100' title="bbox 1139 4388 1461 4457; baseline 0 -13"><span class='ocrx_word' id='word_1_462' title='bbox 1139 4392 1216 4446; x_wconf 73' lang='lat' dir='ltr'><strong>beuti</strong></span> <span class='ocrx_word' id='word_1_463' title='bbox 1233 4388 1361 4444; x_wconf 89' lang='lat' dir='ltr'><strong>conducti</strong></span> <span class='ocrx_word' id='word_1_464' title='bbox 1388 4389 1461 4457; x_wconf 87' lang='grc'><strong>19,8</strong></span> 
     </span>
    </p>

    <p class='ocr_par' dir='ltr' id='par_1_77' title="bbox 1139 4477 1693 4548">
     <span class='ocr_line' id='line_1_101' title="bbox 1139 4477 1693 4548; baseline -0.002 -15"><span class='ocrx_word' id='word_1_465' title='bbox 1139 4477 1174 4533; x_wconf 87' lang='grc'><strong>44</strong></span> <span class='ocrx_word' id='word_1_466' title='bbox 1192 4481 1254 4533; x_wconf 82' lang='lat' dir='ltr'><strong>locis</strong></span> <span class='ocrx_word' id='word_1_467' title='bbox 1272 4483 1301 4532; x_wconf 89' lang='grc'><strong>41</strong></span> <span class='ocrx_word' id='word_1_468' title='bbox 1317 4477 1460 4534; x_wconf 90' lang='lat' dir='ltr'><strong>itineribus</strong></span> <span class='ocrx_word' id='word_1_469' title='bbox 1477 4477 1594 4548; x_wconf 86' lang='lat' dir='ltr'><strong>publicis</strong></span> <span class='ocrx_word' id='word_1_470' title='bbox 1620 4477 1693 4548; x_wconf 87' lang='grc'><strong>43,7</strong></span> 
     </span>
    </p>

    <p class='ocr_par' dir='ltr' id='par_1_78' title="bbox 1139 4564 1608 4636">
     <span class='ocr_line' id='line_1_102' title="bbox 1139 4564 1608 4636; baseline -0.004 -14"><span class='ocrx_word' id='word_1_471' title='bbox 1139 4566 1174 4622; x_wconf 88' lang='grc'><strong>44</strong></span> <span class='ocrx_word' id='word_1_472' title='bbox 1192 4569 1247 4622; x_wconf 82' lang='grc'><strong>7444</strong></span> <span class='ocrx_word' id='word_1_473' title='bbox 1265 4565 1375 4636; x_wconf 89' lang='lat' dir='ltr'><strong>publico</strong></span> <span class='ocrx_word' id='word_1_474' title='bbox 1392 4564 1508 4622; x_wconf 78' lang='grc'><strong>1444444</strong></span> <span class='ocrx_word' id='word_1_475' title='bbox 1535 4566 1608 4635; x_wconf 86' lang='grc'><strong>43,9</strong></span> 
     </span>
    </p>

    <p class='ocr_par' dir='ltr' id='par_1_79' title="bbox 1138 4654 1828 4815">
     <span class='ocr_line' id='line_1_103' title="bbox 1138 4654 1828 4727; baseline 0.001 -17"><span class='ocrx_word' id='word_1_476' title='bbox 1138 4655 1174 4711; x_wconf 89' lang='grc'><strong>44</strong></span> <span class='ocrx_word' id='word_1_477' title='bbox 1191 4654 1298 4724; x_wconf 86' lang='lat' dir='ltr'><strong>legibus</strong></span> <span class='ocrx_word' id='word_1_478' title='bbox 1311 4660 1477 4726; x_wconf 89' lang='lat' dir='ltr'><strong>senatusque</strong></span> <span class='ocrx_word' id='word_1_479' title='bbox 1489 4655 1621 4711; x_wconf 89' lang='lat' dir='ltr'><strong>consultis</strong></span> <span class='ocrx_word' id='word_1_480' title='bbox 1637 4657 1754 4727; x_wconf 84' lang='grc'><strong>4174494</strong></span> <span class='ocrx_word' id='word_1_481' title='bbox 1765 4669 1828 4712; x_wconf 90' lang='lat' dir='ltr'><strong>oon-</strong></span> 
     </span>
     <span class='ocr_line' id='line_1_104' title="bbox 1173 4744 1404 4815; baseline 0 -15"><span class='ocrx_word' id='word_1_482' title='bbox 1173 4744 1320 4800; x_wconf 86' lang='lat' dir='ltr'><strong>suetudine</strong></span> <span class='ocrx_word' id='word_1_483' title='bbox 1347 4745 1371 4815; x_wconf 92' lang='grc'><strong>1,</strong></span> <span class='ocrx_word' id='word_1_484' title='bbox 1386 4745 1404 4799; x_wconf 90' lang='grc'><strong>3</strong></span> 
     </span>
    </p>
   </div>
   <div class='ocr_carea' id='block_1_6' title="bbox 1138 4917 1757 5084">
    <p class='ocr_par' dir='ltr' id='par_1_80' title="bbox 1138 4917 1757 5084">
     <span class='ocr_line' id='line_1_105' title="bbox 1138 4917 1757 4992; baseline -0.003 -14"><span class='ocrx_word' id='word_1_485' title='bbox 1138 4921 1174 4978; x_wconf 87' lang='grc'><strong>44</strong></span> <span class='ocrx_word' id='word_1_486' title='bbox 1192 4926 1305 4979; x_wconf 84' lang='grc'><strong>44441114</strong></span> <span class='ocrx_word' id='word_1_487' title='bbox 1323 4922 1448 4979; x_wconf 81' lang='lat' dir='ltr'><strong>consulto</strong></span> <span class='ocrx_word' id='word_1_488' title='bbox 1465 4917 1656 4978; x_wconf 81' lang='lat' dir='ltr'><strong>Macedonicae</strong></span> <span class='ocrx_word' id='word_1_489' title='bbox 1684 4920 1757 4992; x_wconf 71' lang='lat'><strong>146</strong></span> 
     </span>
     <span class='ocr_line' id='line_1_106' title="bbox 1138 5009 1698 5084; baseline -0.004 -18"><span class='ocrx_word' id='word_1_490' title='bbox 1138 5010 1174 5066; x_wconf 92' lang='grc'><strong>44</strong></span> <span class='ocrx_word' id='word_1_491' title='bbox 1192 5013 1385 5084; x_wconf 71' lang='grc'><strong>4494144444</strong></span> <span class='ocrx_word' id='word_1_492' title='bbox 1403 5009 1598 5067; x_wconf 90' lang='lat' dir='ltr'><strong>conueniendis</strong></span> <span class='ocrx_word' id='word_1_493' title='bbox 1625 5009 1698 5078; x_wconf 87' lang='grc'><strong>87,8</strong></span> 
     </span>
    </p>
   </div>
   <div class='ocr_carea' id='block_1_7' title="bbox 0 0 2284 5416">
    <p class='ocr_par' dir='ltr' id='par_1_81' title="bbox 0 0 2284 5416">
     <span class='ocr_line' id='line_1_107' title="bbox 0 0 2284 5416; baseline 0 1"><span class='ocrx_word' id='word_1_494' title='bbox 0 0 2284 5416; x_wconf 95' lang='lat' dir='ltr'><strong> </strong></span> 
     </span>
    </p>
   </div>
  </div>
 </body>
</html>
