3614 5460
83 265 132 312 ιτ
153 263 449 313 ussonrrmonmus
760 242 847 322 799
1061 305 1062 310 η
1151 249 1345 318 XXXXVIII
1366 251 1387 316 2
1409 258 1525 312 ls-to

47 409 66 454 3
84 401 246 456 iniuriarum
265 417 358 457 causa.
389 399 418 456 Si
437 416 535 456 seruus
552 416 616 456 reus
634 401 826 472 postulabitur,
846 402 940 458 eadem
960 401 1134 460 obscuranda
1152 411 1225 474 sunt,
1242 421 1313 476 quae
1326 406 1350 461 si
1361 405 1430 462 liber
1441 410 1524 475 esset,

46 498 121 546 tex
140 496 252 545 senatus
270 491 396 547 consulto
415 489 497 545 Cotta
515 493 544 545 et
561 489 679 545 Messala
697 490 883 546 consulibusl.
919 491 1051 548 Omnibus
1070 497 1162 548 autem
1180 494 1289 564 legibus
1307 495 1379 550 serui
1398 495 1437 549 rei
1455 493 1525 550 fiunt

84 585 203 648 excepta
219 580 281 649 lege
300 579 369 634 lulis
387 578 422 634 de
440 579 470 633 ni
487 579 605 647 priuata,
623 579 689 649 quis
706 595 740 634 ea
757 580 819 649 lege
838 580 960 636 damnati
977 582 1064 650 partis
1082 583 1180 652 tertiae
1195 582 1327 638 bonorum
1340 582 1524 652 publicatione

83 668 249 737 puniuntur,
271 683 343 737 quae
365 683 455 737 poena
477 668 505 722 in
528 683 638 722 seruum
663 683 718 724 uon
743 668 825 724 cadit.
858 669 986 740 idemque
1009 669 1156 726 dicendum
1180 677 1224 726 est
1244 673 1271 728 in
1291 672 1389 728 ceteris
1407 670 1523 740 legibus,

82 755 185 825 quibus
202 757 361 827 pecuniaria
379 771 469 826 poena
486 756 622 826 irrogatur
640 757 685 812 uel
704 757 785 812 etism
805 758 913 828 capitis,
931 774 1003 827 quae
1021 774 1162 814 seruorum
1181 760 1295 830 poenis²
1312 775 1366 815 non
1386 761 1523 829 conuenit,
1542 771 1556 814 s

83 845 166 899 sicud
183 845 324 914 relegatio.
350 845 416 901 item
434 859 486 900 nec
502 845 566 900 lex⁸
581 845 714 914 Pompeia
724 846 871 917 parricidii,
889 848 1018 916 quoniam
1032 854 1115 917 eaput
1126 849 1242 916 primum
1256 864 1305 904 eos
1317 848 1523 919 adpraehendit,

83 933 131 1002 qui
148 939 278 1002 parentes
296 939 465 1003 cognatosne
484 937 534 988 aut
550 939 680 1002 patronos
698 933 862 990 occiderint:
886 951 956 1006 quae
975 937 1003 992 in
1021 952 1130 1006 seruos,
1154 943 1286 1006 quantum
1307 937 1342 994 sd
1360 937 1446 994 uerba
1463 951 1523 1008 per·

82 1022 162 1093 tinet,
181 1037 236 1078 uon
254 1023 370 1078 cadunt:
389 1021 439 1077 sed
457 1037 520 1077 cum
538 1027 638 1078 natura
655 1024 807 1078 eommunis
826 1029 877 1092 est,
896 1025 1021 1080 similiter
1039 1030 1067 1080 et
1084 1025 1112 1079 in
1127 1041 1175 1081 eos
1188 1026 1429 1082 animaduertetur.
1456 1029 1522 1082 item

83 1109 211 1166 Cornelia
228 1111 387 1166 iniuriarum
405 1126 516 1166 seruum
535 1125 590 1166 non
609 1110 709 1166 debere
727 1113 812 1182 recipi
830 1127 907 1168 reum
920 1111 1061 1168 Cornelius
1075 1112 1150 1169 Sulla
1168 1121 1264 1169 auctor
1281 1113 1346 1169 suit:
1365 1115 1415 1172 sed
1429 1115 1523 1171 durior

83 1199 110 1254 ei
127 1213 217 1269 poena
233 1203 314 1254 extra
331 1199 454 1254 ordinem
473 1198 635 1256 imminebit.
1541 1215 1570 1254 ιι

33 1287 64 1345 l3
137 1288 313 1344 uisuntur
336 1287 405 1343 libro
428 1289 516 1358 primo
539 1287 574 1343 de
598 1287 714 1358 publicis
738 1287 855 1343 iudiciis.
891 1289 1032 1348 Mulierem
1057 1289 1328 1360 propterpubliesm
1347 1287 1522 1373 [ffel-“cm
1540 1297 1561 1351 S
1643 1285 1644 1288 '

81 1377 230 1432 utilitatem
248 1376 283 1432 ad
302 1391 437 1432 annonem
456 1377 638 1447 pertinentem
658 1376 745 1432 audiri
763 1392 781 1432 a
797 1375 939 1446 praefecto
957 1394 1083 1434 annonae
1101 1377 1269 1436 deferentem
1289 1379 1387 1434 dinus·
1402 1380 1521 1435 Seuerus

82 1469 113 1520 et
130 1464 286 1520 Antoninus
309 1464 516 1536 rescripserunt.
550 1463 648 1521 famosi
671 1479 780 1535 quoque
804 1471 968 1522 accusantes
991 1468 1051 1523 sine
1069 1469 1124 1524 ulls
1141 1467 1313 1523 dubitatione
1331 1467 1520 1524 admittuntur.

82 1554 184 1609 milites
201 1569 320 1624 quoque,
337 1555 385 1624 qui
403 1570 503 1610 cuum
520 1555 625 1610 elienor
643 1552 750 1610 deferre
767 1569 822 1610 non
840 1561 964 1625 possunt,
983 1557 1047 1626 qui⁶
1066 1571 1116 1626 pro
1128 1571 1196 1625 paee
1209 1555 1355 1625 excubant,
1374 1555 1418 1612 uel
1431 1557 1519 1625 magis

81 1642 119 1698 ad
137 1641 208 1698 bane
225 1643 428 1702 meumuonem
446 1642 610 1698 admittendi
628 1646 701 1698 sunt.
730 1643 804 1698 serni
821 1657 931 1712 quoque
949 1643 1104 1702 deserentes
1122 1645 1278 1702 audiuntur.
1540 1659 1568 1698 rs

33 1730 62 1788 lt
136 1731 256 1787 Patruus
274 1731 343 1788 libre
361 1731 483 1788 seeundo
501 1732 537 1786 de
555 1729 646 1788 elfieio
664 1731 844 1800 proconsulis.
880 1733 999 1790 Senatus
1018 1735 1137 1803 censuit,
1157 1733 1272 1803 nequis
1290 1731 1327 1788 ob
1345 1728 1521 1816 [Q
1539 1741 1578 1811 Ss

81 1819 155 1875 idem
173 1820 277 1876 crimen
295 1819 418 1891 pluribus
437 1821 447 1891 Ι
466 1820 574 1890 legibus
592 1835 655 1876 reus
672 1818 759 1876 tieret.
1536 1830 1554 1878 t.
1565 1831 1618 1876 est·

33 1899 61 1958 ,ὁ
135 1908 287 1966 Uurranus
304 1907 373 1964 libro
390 1909 638 1979 quinquagensimo
655 1914 734 1964 serto
747 1908 782 1963 ad
795 1909 924 1964 edictum.
951 1911 984 1966 In
996 1925 1068 1980 enm,
1087 1911 1164 1966 ouius
1177 1909 1240 1966 delo
1254 1911 1324 1966 malo
1343 1906 1518 1992 [Qu—rgo
1536 1917 1565 1971 Ε

79 1995 238 2053 bominibus
258 1999 362 2053 coactis
384 1997 478 2053 damni
500 1998 567 2068 quid
591 1997 686 2052 datum
710 2012 772 2052 esse
795 1997 915 2068 dicatur,
939 2013 994 2054 nou
1014 1998 1099 2054 debet
1116 1999 1179 2068 cogi
1196 2005 1273 2054 actor
1291 1997 1394 2054 omissa
1411 1999 1518 2054 actone

79 2087 154 2141 ciuili
172 2087 275 2142 crimen
292 2086 444 2142 intendere.
1538 2099 1567 2140 2⁰

33 2165 59 2224 d
114 2175 212 2234 ¹leurs
228 2175 298 2230 libro
315 2175 437 2231 secundo
455 2175 490 2230 de
508 2173 599 2230 officio
618 2175 747 2230 consulis.
775 2174 805 2230 Si
823 2175 915 2245 plnres
934 2175 1062 2245 existant,
1081 2175 1210 2244 quicum
1229 2175 1257 2230 in
1275 2190 1324 2244 pu·
1344 2170 1519 2256 [Qssffl
1537 2181 1566 2236 Ε

78 2263 159 2318 blicis
176 2263 301 2319 iudiciis⁶
320 2279 451 2319 aecusmc
468 2264 572 2333 nolunt,
591 2262 674 2318 index
692 2264 793 2332 eligere
811 2263 896 2320 debet
913 2278 976 2318 eum
995 2264 1042 2333 qui
1055 2269 1175 2332 accuset,
1195 2279 1280 2319 causa
1292 2263 1396 2318 scilieet
1409 2262 1520 2330 cognita

37 2425 39 2428 Ι
78 2353 234 2408 saumatis
251 2360 442 2408 acematorum
461 2354 586 2422 personis
604 2353 648 2408 uel
666 2352 702 2407 de
720 2352 867 2422 dignitate,
886 2353 938 2412 ⁴uel
956 2367 991 2408 ex
1009 2368 1043 2408 eo
1061 2353 1135 2423 quod
1154 2353 1280 2422 interest,
1292 2352 1347 2414 „uel
1366 2356 1457 2406 aetate
1475 2350 1519 2405 nel

76 2441 202 2498 moribus
219 2442 265 2498 uel
283 2443 337 2497 alia
353 2442 429 2497 iusta
445 2441 481 2496 de
499 2457 592 2498 causa.
1538 2454 1568 2494 ιι
1602 2441 1605 2446 ’

33 2521 59 2578 ,7
133 2530 328 2586 uonnsrmns
345 2530 415 2586 libro
432 2535 513 2586 sexto
532 2529 755 2586 differentiarum.
782 2527 812 2584 Si
830 2544 941 2585 seruum
959 2530 1086 2586 dominus
1104 2530 1133 2585 in
1151 2529 1262 2586 crimine
1280 2543 1324 2584 ea·
1343 2525 1518 2613 Q
1536 2535 1565 2590 Ε

77 2619 158 2689 pitali
175 2616 315 2689 defendat,
333 2619 487 2674 sistendum
505 2619 639 2675 sadsdato
657 2619 817 2690 promittere
835 2618 953 2674 iubetur.

33 2697 59 2757 ,8
132 2707 211 2762 lunis
228 2706 297 2763 libro
314 2709 432 2778 septimo
451 2708 559 2764 decimo
576 2723 778 2778 responsorum.
806 2706 876 2762 Cum
891 2707 965 2762 Titia
982 2710 1177 2764 testamentum
1191 2706 1253 2763 Gaii
1269 2705 1322 2762 ira-
1342 2699 1519 2790 [fili—ff
1537 2713 1564 2768 E

76 2796 129 2851 tris
153 2797 197 2851 sui
219 2794 319 2851 falsum
342 2811 458 2866 arguere
480 2797 630 2868 minaretur
648 2801 677 2850 et
694 2796 837 2852 sollemnia
854 2796 1037 2852 accusetionis
1055 2810 1109 2852 non
1128 2797 1266 2866 impleuiti
1285 2797 1357 2851 intra
1374 2802 1519 2863 tempusa

77 2883 206 2954 praeside
228 2883 416 2954 praefinitum,
440 2901 552 2955 praeses
575 2886 734 2956 prouinciae
757 2885 856 2940 iterum
877 2885 1065 2955 pronuntiauit
1083 2900 1137 2940 non
1155 2873 1238 2955 posse
1255 2881 1328 2940 illam
1348 2884 1464 2953 amplius
1483 2881 1518 2936 de

77 2971 149 3028 salso
167 2979 334 3029 testamento
352 2973 457 3030 dicere:
482 2973 615 3030 aduersus
633 2989 702 3043 quas
721 2974 871 3028 sententias
889 2973 964 3029 Titia
981 2989 1036 3028 nou
1054 2975 1229 3043 prouocauit,
1251 2973 1300 3028 sed
1319 2973 1389 3028 dixit
1407 2987 1437 3026 se
1455 2975 1519 3042 post
1537 2983 1565 3022 so

77 3059 186 3118 linitum
204 3067 314 3132 tempus
332 3062 367 3118 de
385 3063 461 3118 irrito
479 3067 645 3118 testamento
663 3062 764 3118 dicere.
792 3077 902 3132 quaero,
921 3079 956 3117 sn
969 3063 1050 3130 Titia,
1070 3077 1141 3130 quae
1156 3077 1210 3116 non
1222 3062 1372 3132 appellauit
1383 3060 1529 3136 aduersus,

77 3151 243 3206 senentiam
266 3150 415 3222 praesidis,
438 3151 527 3222 possit
548 3151 584 3206 ad
606 3149 669 3206 falsi
692 3151 894 3206 accusationem
918 3157 1017 3222 postea
1038 3151 1148 3206 reuerti.
1180 3151 1321 3220 respondit
1338 3149 1404 3206 nibil
1423 3153 1517 3220 aperte

76 3240 203 3310 proponi,
221 3245 335 3310 propter
352 3239 427 3310 qnod
444 3239 578 3295 aduersus
597 3240 750 3294 sententiae
767 3241 959 3296 auctoritatem
979 3239 1014 3295 de
1032 3238 1102 3294 falso
1120 3253 1206 3308 agens
1225 3239 1362 3295 audienda
1380 3239 1424 3292 sit.

33 3320 57 3378 9
132 3328 357 3384 cammerinos
374 3327 444 3384 libre
462 3329 558 3398 quinto
576 3327 611 3383 de
628 3327 839 3397 cognitionibus.
867 3331 933 3384 Diui
947 3327 1046 3384 iratres
1057 3328 1257 3397 rescripserunt
1268 3343 1322 3382 non
1341 3322 1516 3410 [Q
1533 3331 1562 3384 E

42 3421 55 3465 l
76 3415 180 3472 debere
197 3418 261 3486 cogi
278 3417 393 3474 heredes
412 3421 602 3473 aoeumtorum
621 3418 719 3487 exequi
737 3418 860 3472 crimina.
890 3419 959 3473 Item
977 3432 1033 3473 non
1051 3422 1177 3487 oportere
1189 3416 1315 3488 compelli
1327 3420 1515 3472 accusatorem
1535 3424 1564 3466 ro

76 3506 170 3576 plnres
188 3520 250 3562 reos
268 3503 359 3561 faeere
377 3505 458 3562 diuus
476 3506 633 3562 Hadrianus
650 3507 799 3576 rescripsit.

33 3587 58 3646 0
131 3594 325 3650 Monusrmus
338 3593 411 3650 libro
428 3593 551 3651 secunde
569 3595 604 3650 de
621 3596 726 3664 poenis.
763 3595 807 3650 Er
824 3594 986 3650 iudiciorum
1004 3593 1175 3664 publicorum
1195 3592 1322 3648 admissis
1341 3587 1516 3676 [ffiffl
1533 3599 1578 3670 Es

76 3697 133 3738 uon
151 3681 220 3738 alias
237 3687 382 3738 transeunt
399 3683 533 3739 aduersus
551 3683 666 3739 heredes
684 3699 789 3754 poenae
808 3684 941 3740 bonorum
962 3683 1155 3754 ademptionis,
1173 3698 1256 3753 quam
1274 3683 1298 3738 si
1315 3683 1349 3738 lis
1361 3686 1516 3738 contestata
1689 3673 1695 3680 ’

75 3775 107 3826 et
123 3770 316 3827 condemnatio
334 3770 418 3827 inerit
434 3777 538 3842 secuta,
557 3776 673 3842 excepto
690 3773 904 3843 repetundarum
922 3779 952 3828 et
969 3772 1120 3828 maiestatis
1135 3771 1245 3842 iudicio,
1264 3787 1336 3840 quae
1348 3771 1429 3826 etiam
1444 3785 1515 3825 mor·

75 3859 134 3915 tuis
151 3859 220 3930 reis,
238 3875 301 3916 curu
319 3860 420 3931 quibus
437 3859 503 3916 nibil
521 3864 613 3915 actum
632 3864 683 3929 est,
702 3861 791 3917 adbuc
810 3862 931 3918 exerceri
949 3861 1065 3932 placuit,
1089 3865 1121 3916 ut
1138 3860 1211 3916 bons
1229 3875 1322 3916 eorum
1341 3857 1409 3914 fiseo
1428 3857 1515 3914 uindi·
1532 3871 1563 3912 so

75 3953 187 4003 centur:
211 3947 280 4004 sdeo
304 3955 336 4004 ut
359 3949 457 4004 diuue⁸
475 3947 595 4004 Seuerus
619 3954 648 4004 et
665 3949 822 4006 Antoninus
846 3952 1050 4020 rescripserint,
1075 3965 1109 4006 ex
1131 3964 1186 4019 quo
1211 3949 1272 4020 quis
1291 3947 1401 4018 aliquod
1419 3963 1454 4002 ex
1472 3947 1515 4002 bis

74 4037 169 4092 causis
188 4037 291 4093 crimen
308 4039 452 4108 contraxit,
471 4038 536 4094 nibil
555 4054 590 4094 ex
607 4037 687 4094 bonis
704 4039 762 4094 suis
780 4039 899 4096 alienare
914 4044 963 4095 aut
975 4039 1165 4095 manumittere
1178 4053 1240 4094 eum
1253 4052 1341 4109 posse.
1368 4051 1403 4092 ex
1415 4036 1514 4092 ceteris

73 4161 271 4230 mxrrroo)

74 4341 174 4393 1ιιιιιιο
190 4359 218 4410 p.
233 4339 344 4394 Otr.20
414 4340 524 4396 'seruo
547 4339 656 4410 poena?
726 4340 836 4410 'legul
906 4340 1016 4396 ⁴diui?
1092 4340 1187 4411 lquia
1205 4339 1303 4408 (o.r'.)?
1374 4343 1466 4396 ‘eum
1484 4341 1514 4396 in

73 4407 194 4480 publicis
211 4409 319 4465 indiciis
337 4413 384 4466 del
456 4413 466 4447 ²
485 4411 676 4498 impleuisset?
746 4412 834 4466 ⁸diui
853 4411 951 4478 (edulii

72 4587 273 4656 didemqu'a'e
294 4589 330 4641 Ρ
375 4587 571 4659 tipomp‘o'eia
588 4588 626 4642 ps
672 4591 706 4644 10
723 4589 768 4644 ei*
820 4595 903 4644 torum
922 4590 986 4642 ordo
1009 4589 1014 4654 Ι
1034 4587 1058 4642 si
1080 4587 1173 4658 plures
1198 4589 1319 4644 existent
1338 4589 1386 4658 qui
1404 4604 1467 4644 eum
1485 4589 1513 4644 in

71 4674 166 4729 poena
178 4659 215 4710 Ρ*
260 4659 294 4716 14
308 4659 355 4728 qui
367 4675 467 4715 causas
479 4661 582 4716 alienas
594 4658 700 4715 deferre
712 4675 767 4716 uon
819 4658 936 4730 publicis
948 4659 1056 4714 iudiciis
1067 4675 1197 4715 accusare
1210 4661 1314 4730 uolunt]
1330 4662 1437 4715 neruda
1450 4671 1512 4724 eor-

72 4734 193 4816 poosuut
216 4731 263 4799 qui
285 4745 336 4799 pro
359 4745 428 4800 pecc
452 4732 599 4801 excubant]
620 4732 643 4786 ei
662 4730 708 4802 sdp
728 4733 766 4785 sai
820 4731 942 4786 bostrom
965 4730 997 4784 τὸ
1018 4729 1083 4792 ιῨτό
1100 4731 1212 4793 irrisus
1238 4731 1335 4786 rustica·
1357 4733 1384 4785 B
1403 4733 1513 4798 (Aaou.)

71 4801 213 4888 euterpius
231 4802 305 4854 tisun
325 4803 404 4856 streis
424 4801 440 4856 ὁ
458 4803 619 4874 crparubrso
636 4801 668 4864 oi
686 4802 767 4864 tire·
820 4803 858 4856 38
878 4817 961 4870 quam
986 4802 1010 4856 si
1033 4802 1066 4856 lis
1089 4807 1243 4858 contestata
1266 4807 1295 4857 et
1321 4803 1513 4858 condemnatio

72 4889 127 4936 rar,
151 4870 216 4925 subd
239 4871 339 4926 miltes
362 4871 393 4937 ts
410 4875 500 4936 russis
523 4873 587 4944 Ῡιιὲρ
605 4873 654 4928 rire
677 4874 768 4928 seruire
820 4871 903 4930 fuerit
925 4872 1030 4942 seeum]
1053 4873 1077 4926 εἰ
1097 4873 1131 4927 uis
1152 4875 1190 4928 sai
1209 4873 1389 4944 προκιτὴρχθιι
1408 4892 1447 4927 rrc
1465 4893 1512 4927 ue-

73 4891 419 5014 cerupiacxpeecreifld:
437 4945 625 5028 rfip.803,26
683 4946 717 5000 21
736 4965 767 4999 ur
821 4943 886 5015 ριὼκ
906 4943 920 4996 ιί
940 4943 1108 4998 saretratcee
1127 4945 1176 4999 Bu
1228 4947 1262 4999 41
1282 4943 1519 5014 rescripseruntF

71 5014 157 5070 serite
175 5012 211 5068 de
224 5011 315 5069 officio
332 5015 516 5084 proconsulis:
535 5015 619 5070 obstat
627 5018 766 5088 frequen·
820 5016 856 5070 ta
873 5019 969 5084 posset
987 5015 1032 5080 F¹,
1050 5015 1139 5085 possit
1156 5017 1194 5068 Ε)
1212 5019 1253 5070 uel
1260 5019 1288 5087 s
