4560 5416
1422 256 1527 339 962'
1792 279 1838 326 on
1861 275 2023 326 omnnsre
2045 275 2182 324 neoonrs

698 425 738 485 80
808 424 885 480 1ιιιιιι
901 422 971 480 libro
988 421 1147 492 trigensimo
1168 421 1250 476 tertio
1268 420 1469 492 quaestionum.
1504 419 1536 474 1ιι
1559 421 1619 473 tote
1641 417 1700 472 inre
1723 425 1820 486 generi
1837 431 1887 486 per
1906 411 2058 499 [timeto.
2080 417 2221 486 opnor?

755 514 875 584 speciem
893 511 1042 580 derogetur
1058 514 1087 564 et
1104 509 1170 564 iliud
1188 509 1360 579 potissimum
1378 507 1503 576 hebetur,
1522 505 1596 576 quod
1615 505 1650 561 ed
1670 507 1789 576 speeiem
1808 505 1951 561 derectum
1972 511 2024 560 ost.

698 601 735 662 81
807 601 884 656 Ioem
901 599 970 654 libro
988 599 1069 653 tertio
1087 613 1288 668 responsorum.
1320 597 1395 664 Quae
1407 596 1587 654 dubitationis
1600 595 1737 650 tollendae
1750 611 1834 650 oouso
1852 591 2050 679 [mutem.
2067 603 2182 662 B.t,t,st
2200 594 2222 648 P

756 688 941 746 contuentibus
959 688 1122 758 inseruntur,
1141 687 1185 742 ius
1203 703 1347 743 oommune
1365 703 1419 742 oon
1436 685 1558 742 laedunt.
2201 690 2214 729 t

699 779 738 839 82
808 779 885 832 inem
901 777 971 833 libro
989 780 1077 834 nonol
1095 791 1297 848 responsorum.
1334 775 1437 832 Donsri
1455 775 1574 845 uidetur,
1592 773 1666 844 quod
1684 773 1758 832 nulio
1776 773 1835 828 iure
1853 769 2049 858 [bononem.
2066 771 2224 834 iustos?

756 872 872 937 nogento
890 866 1057 923 oonoeditnr.
1741 923 1743 932 ,

699 955 738 1017 83
808 956 886 1011 tono
907 954 976 1011 libro
999 955 1120 1012 seeundo
1143 951 1340 1010 definitionum.
1377 952 1438 1008 Non
1461 952 1590 1008 uidentur
1608 967 1665 1008 rem
1689 952 1829 1020 emittere,
1851 949 1953 1020 quibus
1972 963 2034 1018 pro·
2068 941 2225 1014 ιῐῑὶῖιΤιιΡ

755 1044 816 1114 prio
833 1057 889 1100 non
907 1041 967 1099 tuit.

699 1133 739 1194 84
808 1134 928 1189 Pronus
944 1130 1014 1187 libro
1031 1132 1112 1187 tertio
1130 1130 1330 1200 quaestionum.
1360 1127 1428 1186 Cum
1443 1130 1559 1202 amplios
1573 1131 1690 1186 solutum
1708 1135 1751 1184 est
1767 1143 1849 1198 quom
1868 1125 2032 1196 debebatur,
2052 1118 2224 1210 [ΜΡ

756 1221 834 1278 ouius
852 1237 916 1292 pots
934 1236 988 1276 non
1005 1221 1144 1276 inuenitur
1167 1233 1237 1289 quoe
1260 1219 1347 1289 repeti
1370 1219 1472 1289 possit,
1495 1226 1583 1274 totum
1607 1233 1670 1274 esso
1693 1217 1844 1273 indebitum
1869 1217 2041 1286 intellegitur
2066 1219 2188 1269 manente
2203 1225 2225 1263 ιι

726 1325 734 1368 ι
756 1309 871 1381 pristine
888 1308 1064 1378 obligatione.
1095 1309 1122 1364 ls
1141 1313 1239 1364 nature
1257 1306 1348 1378 debet,
1367 1322 1448 1377 quem
1467 1309 1525 1363 iure
1543 1309 1665 1377 gentium
1685 1307 1750 1363 dere
1769 1311 1885 1377 oportet,
1905 1306 1985 1360 ouius
2003 1302 2088 1359 fidem
2106 1302 2188 1357 seonti

700 1484 739 1544 85
757 1415 887 1542 ΒιὶῐιῚΙῑιιιειιιι
904 1485 973 1542 libro
992 1491 1071 1542 sexto
1089 1484 1290 1556 quaestionum.
1327 1485 1359 1540 ln
1378 1483 1515 1556 ambiguis
1537 1501 1586 1556 pro
1613 1481 1724 1540 dotibus
1743 1499 1853 1554 respon·
1873 1481 2043 1566 [noento.
2065 1485 2222 1546 tunsos?

724 1584 737 1628 1
757 1575 822 1631 dere
846 1575 943 1630 melius
966 1579 1017 1630 est.
1053 1573 1114 1630 Non
1137 1579 1181 1630 ost
1202 1589 1319 1644 nouum,
1342 1579 1373 1630 ut
1395 1591 1466 1645 quse
1489 1575 1573 1631 semei
1598 1575 1700 1630 utiliter
1723 1573 1872 1630 constitute
1896 1577 1977 1640 eunt,
2001 1570 2111 1636 durent,
2153 1577 2186 1637 (ot

725 1665 821 1720 tlioet
838 1663 883 1720 iile
901 1679 983 1719 oenus
1001 1663 1150 1732 exstiterit,
1172 1677 1262 1734 equo
1279 1663 1387 1720 initium
1407 1679 1506 1734 sopore
1525 1679 1580 1718 non
1598 1667 1754 1733 potuerunt.
1791 1661 1923 1728 Quotiens
1942 1659 2038 1730 oequi-
2071 1669 2116 1730 Ep.
2127 1673 2148 1723 1.
2162 1670 2186 1715 18
2202 1667 2223 1708 tt

756 1757 840 1808 tutem
862 1751 991 1808 desiderii
1013 1751 1145 1806 nstnroiis
1173 1751 1243 1810 tutio
1269 1757 1318 1808 snt
1343 1750 1480 1808 dubitetio
1507 1752 1573 1808 iuris
1602 1757 1735 1822 moratos,
1761 1751 1842 1806 iuntis
1869 1749 1991 1805 dometis
2018 1763 2063 1803 res
2091 1755 2186 1816 tempo

757 1839 844 1896 tunde
861 1845 912 1896 est.

701 1928 739 1987 86
810 1927 888 1984 Ιιιιιιι
910 1925 980 1983 libro
1004 1927 1121 1998 septimo
1144 1927 1344 1999 qurestiooum.
1381 1928 1442 1985 Non
1466 1929 1537 1985 solet
1560 1930 1678 1985 deterior
1701 1929 1825 1984 eondioio
1848 1926 1908 1983 fieri
1929 1941 2036 1995 eorum,
2056 1919 2220 2010 [ΜἙΡ

758 2017 805 2088 qui
822 2018 897 2074 litem
916 2017 1062 2073 contestati
1081 2021 1153 2086 sunt,
1172 2033 1253 2088 quom
1274 2019 1297 2073 si
1315 2035 1370 2074 uon
1389 2022 1491 2088 essent,
1510 2019 1559 2075 sed
1576 2019 1736 2089 piorumque
1755 2018 1862 2073 melior:
2200 2023 2221 2063 ιι

701 2105 739 2165 87
810 2107 888 2162 Inuus
911 2105 980 2162 libro
1003 2105 1085 2162 tertio
1109 2105 1216 2163 deoimo
1234 2107 1434 2177 quaestionum.
1471 2123 1552 2164 nemo
1570 2107 1641 2163 enim
1660 2108 1688 2162 iu
1706 2105 1897 2178 persequendo
1915 2105 2035 2161 deterio-
2055 2097 2184 2190 [oh—eset
2200 2107 2228 2160 P·

758 2211 815 2252 rem
834 2211 955 2264 oensem,
973 2193 1023 2250 sed
1042 2195 1180 2252 meliorem
1198 2193 1274 2251 iooit.
1302 2196 1419 2268 denique
1438 2202 1502 2266 post
1519 2197 1593 2252 litem
1613 2200 1793 2252 contestatam
1812 2195 1906 2250 heredi
1925 2209 2038 2265 quoque
2056 2181 2184 2266 prespite-

758 2291 834 2341 retur
851 2290 880 2340 et
897 2283 977 2340 heres
995 2287 1104 2340 tenetur
1121 2300 1156 2340 ex
1174 2285 1301 2342 omnibus
1320 2287 1420 2342 crusis.

701 2374 740 2434 88
811 2373 970 2430 Sosnoons
996 2371 1065 2431 libro
1091 2375 1187 2443 quinto
1211 2375 1412 2446 quaestionum.
1454 2375 1550 2431 Nullo*
1573 2375 1740 2445 intellegitur
1762 2389 1839 2430 more
1857 2371 2043 2458 [D.to,t,1ot.
2065 2377 2218 2438 nunu?

758 2462 796 2520 ibi
814 2462 881 2530 fieri,
900 2461 947 2518 ubi
965 2461 1039 2518 nuile
1056 2463 1152 2532 petitio
1170 2468 1221 2518 est.
1665 2457 1668 2462 ’
2198 2473 2220 2512 ιι

701 2553 739 2612 89
810 2553 930 2608 Pronus
947 2549 1017 2608 libro
1035 2550 1142 2608 decimo
1154 2553 1355 2621 quoestionum.
1383 2551 1519 2620 Quamdiu
1532 2553 1620 2624 possit
1632 2553 1724 2608 uslere
1740 2555 1947 2621 testamentum,
1968 2557 2039 2606 tom·
2058 2543 2184 2636 [Q
2198 2554 2217 2609 Ρ

759 2641 805 2697 diu
823 2641 963 2712 legitimus
980 2655 1035 2696 nou
1054 2641 1216 2697 admittitur.
1444 2691 1446 2696 .
1834 2671 1835 2674 =

701 2731 741 2790 90
810 2729 888 2786 lours
904 2729 973 2784 libro
991 2730 1087 2799 quinto
1106 2729 1213 2786 dooimo
1232 2731 1431 2802 quaestionum.
1464 2730 1638 2787 [nomnibus
1657 2729 1781 2801 quidem,
1804 2731 1922 2786 menime
1941 2735 2038 2786 umen
2072 2731 2216 2798 ussto?

757 2819 786 2874 in
804 2819 862 2874 iure
880 2819 1005 2888 nequiter
1025 2819 1177 2888 spectando
1194 2823 1241 2874 est.

701 2909 737 2968 91
811 2908 888 2962 Ionos
905 2907 973 2964 libro
992 2910 1109 2978 septimo
1129 2909 1235 2965 deoimo
1254 2909 1455 2979 quaestionum.
1492 2908 1625 2976 Quotiens
1642 2907 1743 2980 dupiioi
1767 2908 1826 2963 iore
1844 2906 1971 2964 defertur
1988 2909 2036 2963 sli-
2056 2900 2214 2991 [ΜΡ

758 2997 803 3052 oui
820 2997 967 3066 suooeesio,
986 2998 1130 3068 repudiato
1149 3013 1221 3054 nouo
1239 2997 1298 3054 iure
1316 2997 1390 3068 quod
1408 3001 1472 3053 onte
1491 2997 1620 3068 defertur,
1639 2999 1773 3068 supererit
1790 3003 1880 3052 uetus.
2195 3004 2215 3044 ³⁰

701 3088 739 3146 99
811 3084 969 3142 Soenooos
986 3085 1055 3142 libro
1074 3088 1170 3157 quinto
1188 3101 1390 3157 responsorum.
1427 3085 1456 3142 81
1473 3085 1600 3142 librarius
1624 3089 1651 3142 in
1672 3086 1901 3142 transscribendis
1920 3086 2037 3156 stipule-
2072 3078 2213 3151 W?

757 3175 839 3231 tionis
857 3173 949 3231 uerbis
967 3181 1093 3246 errasset,
1112 3175 1178 3232 nibil
1196 3191 1305 3246 nooere,
1323 3190 1378 3245 quo
1397 3175 1486 3230 minus
1504 3181 1533 3230 et
1550 3191 1613 3231 rens
1631 3182 1660 3231 et
1677 3175 1822 3232 fideiussor
1838 3179 1987 3230 teneretur.

701 3265 739 3324 93
810 3265 985 3320 bituorsnos
1010 3264 1079 3320 libro
1106 3264 1194 3335 primo
1220 3263 1501 3321 fideicommissorum.
1543 3265 1628 3320 Filius
1655 3263 1772 3320 domitios
1798 3279 1887 3334 nequo
1916 3265 2037 3320 retinere
2056 3257 2212 3350 [fflp

758 3367 846 3423 neque
864 3355 1016 3424 reoipernre
1034 3367 1123 3423 noque
1141 3354 1228 3423 spisoi
1249 3351 1259 3424 ΙΙ
1277 3355 1480 3425 possessionem
1500 3355 1539 3410 rei
1557 3355 1701 3424 pecoliaris
1720 3353 1837 3409 uidetur.
2192 3345 2245 3401 tttt

701 3443 738 3502 94
810 3441 961 3498 {iteremus
977 3441 1047 3498 libro
1064 3441 1186 3498 seoundo
1204 3441 1485 3500 fideioommissorum.
1516 3443 1577 3500 Non
1590 3445 1761 3513 soioutqouo
1777 3441 1919 3498 abundent
1938 3443 2038 3499 uitione
2058 3433 2211 3528 [anJKtP

757 3531 915 3602 scripturos.
2193 3535 2212 3576 st

701 3622 739 3680 95
809 3621 886 3676 loom
903 3618 972 3677 libro
990 3623 1069 3676 sexto
1087 3617 1369 3676 fideicommissorum.
1406 3622 1491 3678 Nemo
1510 3619 1619 3678 dubitet
1636 3621 1769 3678 soluendo
1793 3619 1881 3677 uideri
1904 3637 1969 3678 eum
1990 3623 2038 3693 qui
2056 3612 2211 3707 Q?

701 3739 703 3744 ·
756 3707 921 3764 defenditur.

699 3799 738 3858 96
808 3797 983 3854 ermonem
1000 3795 1069 3853 iibro
1086 3795 1250 3854 duodeoimo
1267 3795 1547 3856 ddeioonrmissorum.
1584 3799 1615 3856 Iu
1634 3797 1770 3870 ambiguis
1788 3795 1961 3855 orationibus
1980 3815 2037 3855 ms·
2057 3790 2210 3884 Q?

756 3885 829 3942 ximo
847 3887 984 3942 sententio
1002 3887 1153 3956 speotsnds
1171 3892 1214 3942 est
1232 3887 1300 3957 eius,
1319 3887 1366 3958 qui
1384 3901 1432 3942 eos
1450 3889 1616 3958 protulisset.
2191 3889 2213 3930 ⁴⁸

699 3976 737 4035 97
808 3975 1066 4032 Hnnuoootusnoe
1083 3975 1152 4032 tibro
1165 3975 1246 4032 tertio
1259 3975 1325 4032 iuris
1337 3975 1525 4046 epitomerum.
1557 3977 1599 4032 En
1610 3977 1670 4034 sois
1681 3977 1879 4048 deportationis
1895 3979 2037 4034 sententis
2054 3967 2211 4063 [ffli'

756 4062 852 4133 euiert,
872 4079 943 4134 quse
961 4063 997 4119 nd
1014 4063 1111 4120 fisoum
1130 4066 1302 4136 perueniunt.

699 4154 738 4214 98
808 4153 886 4208 lours
902 4151 972 4209 libro
989 4159 1087 4223 questo
1105 4155 1172 4210 iuris
1190 4155 1379 4225 epitomemm.
1411 4153 1542 4220 Quotiens
1559 4155 1702 4225 utriusque
1719 4171 1805 4212 oense
1822 4155 1891 4212 iuori
1910 4147 2211 4240 Wfflp

756 4241 826 4297 ratio
844 4243 967 4312 uertitur,
986 4242 1010 4298 is
1027 4241 1223 4314 praeferendus
1241 4249 1292 4314 est,
1310 4244 1389 4300 ouius
1407 4243 1436 4300 in
1454 4243 1559 4300 luorum
1578 4259 1663 4300 osuse
1679 4250 1803 4316 tempore
1821 4247 1975 4316 praeeedit.

757 4357 923 4426 offirmo)

757 4517 766 4550 ¹
785 4513 892 4572 decimo
909 4519 947 4572 D.
959 4521 976 4573 t
985 4538 1051 4592 pom.
1121 4520 1133 4555 ²
1151 4521 1223 4578 euim
1243 4529 1290 4577 ins.
1305 4521 1342 4577 D.
1355 4523 1370 4576 t
1381 4541 1448 4595 pem.

758 4683 891 4770 lgpnere
909 4685 946 4770 F.
981 4683 1149 4744 odireotum
1163 4689 1200 4743 Ρ
1253 4691 1287 4747 15
1306 4690 1445 4760 nequitate
1498 4691 1573 4747 dioto
1598 4693 1634 4746 Ρ
1705 4693 1739 4748 31
1762 4691 1786 4747 si
1809 4711 1859 4745 om.
1880 4694 1915 4746 Π
1990 4695 2026 4751 99
2049 4689 2183 4750 boemii

757 4755 789 4807 F:
809 4773 883 4809 estse
900 4773 949 4817 τογ
966 4757 1122 4823 Αἰτογιιὲκογ
1140 4759 1173 4814 τὸ
1191 4762 1290 4816 nistros
1307 4761 1444 4826 ὸΦγεικὸο
1497 4763 1533 4818 34
1545 4779 1634 4833 neque
1646 4763 1817 4833 reciperato(
1826 4766 1926 4827 [rectum
1937 4763 2179 4834 esrecirureissppi·

755 4826 1094 4912 torrendo....ineprideror
1109 4832 1142 4896 B,
1159 4830 1442 4903 &intinquit-usne...
1499 4835 1544 4900 Ρ,
1562 4836 1702 4890 oertonili
1755 4835 1789 4888 37
1809 4823 1968 4891 dubits'm't
1986 4839 2023 4892 Ρ*
2073 4839 2106 4893 41
2123 4833 2180 4890 iuris

755 4896 864 4958 Φγεικὸκ
882 4907 1022 4966 contexero
1041 4901 1162 4966 torrendo
1180 4904 1232 4974 Ep.
1287 4907 1320 4960 16
1338 4911 1443 4974 tempo·
1497 4907 1595 4959 om.F¹
1648 4907 1684 4961 44
1702 4905 1817 4974 luorum]
1838 4905 1886 4970 F,
1904 4907 2047 4964 tosroot:
2065 4901 2180 4976 inepti

755 4967 887 5050 mutatu
946 4971 980 5054 19
992 4979 1086 5028 essent
1097 4993 1145 5028 om.
1156 4975 1191 5026 F¹
1245 4975 1444 5045 turpeomnia
1498 4977 1593 5048 stptoe
1610 4979 1649 5045 τῷ
1668 4977 1756 5048 χρὸιψ
1774 4978 1926 5048 opertione
1948 4981 1975 5036 B

754 5043 791 5092 stt
814 5041 848 5094 F:
870 5057 997 5096 ικοιτειτιι
1024 5045 1050 5098 Β
1102 5045 1138 5100 90
1161 5047 1300 5103 suooessio
1319 5047 1442 5116 'intepu-
