3638 5460
121 271 332 321 mucosus
347 271 414 320 usu
428 271 633 320 rmmconn.
790 247 876 327 273
1263 252 1398 322 XXXVI
1417 254 1440 319 4
1458 259 1555 316 6-15

94 418 104 464 1
121 423 182 465 cum
199 408 301 466 hoedo
318 425 372 465 uon
389 409 497 480 poterit
524 409 577 476 Qui
593 407 799 464 fideicommissi
816 407 946 464 seruandi
962 423 1048 464 ceusu
1064 408 1093 464 in
1104 409 1308 479 possessionem
1320 410 1421 466 missus
1432 413 1483 480 est,
1501 424 1555 466 uon

119 498 194 568 prius
211 498 248 553 de
266 498 440 568 possessione
457 497 592 554 decedere
609 496 701 568 debet,
719 511 802 568 quem
819 497 846 551 ei
862 494 1105 552 fideicommissum
1117 498 1236 554 solutum
1249 503 1298 554 sut
1308 513 1342 555 eo
1353 498 1463 554 nomine
1475 498 1555 554 sutis

119 584 213 640 dutum
232 583 328 642 fuerit:
351 603 415 642 nem
433 585 508 656 quod
525 586 550 641 si
567 586 722 656 integrare
739 584 831 656 deret,
854 585 883 641 in
900 585 1103 656 possessionem
1121 600 1177 642 non
1194 586 1361 657 mitteretur,
1385 586 1415 642 id
1432 601 1495 642 cum
1514 584 1554 642 oi·

118 670 222 729 feretur
228 677 247 744 ¹,
265 674 408 730 discedere
425 689 443 729 s
460 673 635 744 possessione
653 671 745 729 debet
1574 689 1588 728 s

84 758 101 820 'i
171 762 348 818 Humerus
364 761 434 818 libro
452 762 534 818 tertio
551 761 715 832 regularum.
745 762 820 818 Dum
837 763 935 817 uenmr
951 759 981 816 in
997 760 1201 830 possessionem
1219 766 1271 833 est,
1289 761 1380 818 nudos
1398 756 1555 847 Q
1585 771 1625 843 ss

116 849 272 920 isgetorum
290 850 488 906 serundomm
506 865 592 906 censs
608 850 637 906 in
654 851 858 922 possessionem
876 863 938 906 esse
956 853 1058 920 potest

80 936 100 996 8
171 939 354 996 Psrmrsnus
370 938 440 995 libre
458 943 537 994 sento
554 939 755 1008 quaestionum.
782 937 813 994 Si
829 939 983 1008 legatorum
995 938 1064 993 setis
1076 951 1131 992 non
1143 935 1232 1007 detur,
1251 938 1380 994 restitute
1397 934 1555 1023 Q
1585 947 1612 1002 P

117 1024 270 1084 husditste
287 1028 316 1084 iu
333 1043 429 1084 esrum
447 1041 556 1098 quoque
573 1025 664 1082 rerum
682 1026 885 1098 possessionem
902 1026 1053 1096 legeterius
1071 1026 1222 1082 mittendus
1239 1027 1299 1098 erit,
1317 1042 1389 1098 quse
1407 1027 1470 1084 delo
1482 1029 1555 1085 meio

117 1116 187 1184 eius,
205 1117 251 1172 cui
267 1117 396 1172 restitute
413 1119 457 1172 est
473 1114 621 1184 heredites,
638 1115 667 1170 in
685 1114 851 1170 hereditarie
869 1115 972 1170 ccusc¹
989 1114 1138 1170 desierunt
1573 1129 1587 1171 s

80 1198 99 1258 9
171 1204 249 1260 Iesu
269 1204 339 1261 libro
357 1221 430 1261 none
448 1205 555 1260 decimo
572 1203 773 1273 quaestionum.
809 1203 902 1258 Etism
925 1203 950 1259 si
973 1202 1171 1258 condemnatus
1194 1201 1274 1259 ireres
1297 1201 1379 1260 inerit
1397 1199 1556 1288 Q
1584 1212 1611 1267 Ρ

84 1298 170 1348 inse
186 1293 332 1362 pecuniam
350 1295 453 1364 solust,
476 1292 626 1362 legatarius
649 1296 742 1362 potest
765 1291 921 1348 desiderare
944 1291 1016 1346 mitti
1039 1291 1067 1346 in
1084 1292 1297 1361 possessionem.
1333 1291 1403 1349 (ium
1421 1293 1473 1350 sub
1491 1308 1556 1350 oon·

116 1379 272 1438 dicionibus
293 1383 437 1438 concertis
455 1380 552 1438 ecdem
570 1395 616 1436 res
633 1378 742 1436 duobus
759 1380 880 1450 legetur,
900 1380 926 1436 si
942 1394 998 1436 non
1015 1385 1160 1450 caueatur,
1179 1385 1294 1452 uterque
1312 1381 1429 1438 mittitur
1446 1381 1475 1437 in
1492 1396 1556 1452 pos

115 1468 278 1524 udonem

62 1552 101 1613 10
170 1557 291 1613 Pronus
309 1556 378 1612 libro
397 1557 479 1613 tertio
496 1556 702 1613 sententiarum.
734 1555 743 1620 ΙΙ
762 1553 792 1620 Si
810 1555 900 1610 nuilse
917 1555 973 1611 sint
986 1569 1031 1611 res
1042 1554 1232 1627 hereditarise,
1250 1556 1361 1628 inques
1380 1549 1555 1640 [Qu-‘e
1584 1561 1612 1616 P
1630 1557 1712 1612 tltt'

116 1641 243 1714 iegstsrii
261 1643 306 1699 uel
323 1642 569 1700 fideicommissarii
586 1645 739 1714 mittuntur,
756 1643 786 1698 in
803 1658 861 1699 rem
879 1641 991 1714 quidem
1009 1643 1118 1700 heredis
1136 1644 1208 1700 mitti
1226 1659 1281 1701 non
1298 1649 1423 1716 possunt,
1442 1643 1493 1700 sed
1503 1659 1555 1716 por
1574 1655 1603 1697 ss
1779 1657 1782 1662 ’

116 1737 271 1803 pastorem
289 1732 441 1802 denegatus
458 1731 554 1788 heredi
571 1733 694 1788 actiones
711 1731 764 1802 ipsi
780 1735 990 1802 persequuntur.
1525 1725 1530 1736 '

51 1819 99 1876 11
169 1821 431 1878 Hruoonsrssus
454 1820 524 1876 iibro
546 1826 645 1891 quarto
667 1819 734 1876 iuris
752 1819 942 1890 epitomsmm.
977 1819 1008 1876 Si
1025 1819 1297 1878 fideicommissorum
1315 1821 1360 1877 uei
1378 1813 1554 1903 [mxii
1584 1825 1613 1880 P
1678 1848 1682 1862 ·

115 1909 269 1978 tegetem
287 1908 485 1964 serosudorum
502 1923 591 1982 cause
605 1908 706 1963 missus
724 1907 752 1962 in
769 1909 972 1978 possessionem
990 1923 1052 1964 eum
1070 1923 1125 1964 rem
1138 1917 1237 1978 enses,
1256 1925 1327 1980 quse
1338 1893 1554 1980 mihffrffi‘ei‘·

116 1997 294 2053 commissum
311 1997 407 2052 relicto
424 2001 506 2068 esset,
525 1996 640 2067 sequius
658 1999 702 2051 est
719 1995 764 2051 me
781 2011 842 2052 scm
860 1995 971 2066 hebere,
989 1997 1034 2052 cui
1051 2011 1086 2053 es
1102 1997 1164 2068 ipss
1180 1998 1277 2054 relicte
1288 2003 1340 2066 ost,
1357 2012 1438 2066 quem
1450 2001 1487 2067 te,
1506 1996 1554 2066 qui

116 2085 230 2141 citerius
247 2083 453 2141 fideicommissi
470 2085 580 2142 nomine
597 2085 738 2154 ingressus
755 2083 784 2139 in
802 2099 863 2140 esm
881 2099 967 2141 esses.
996 2101 1060 2140 num
1078 2089 1108 2140 et
1125 2086 1149 2141 si
1166 2085 1232 2141 mihi
1243 2085 1296 2142 sub
1308 2085 1469 2142 condicione
1480 2085 1554 2154 legs-
1573 2094 1603 2136 ro

116 2177 175 2229 tum
197 2179 243 2229 est
266 2178 295 2228 et
315 2179 346 2228 tu
371 2173 462 2230 medio
485 2179 609 2243 tempere
631 2173 660 2228 in
677 2172 880 2241 possessionem
899 2174 958 2230 eius
976 2171 1065 2229 iectus
1083 2171 1168 2228 fueris
1184 2173 1338 2244 legstorum
1356 2172 1554 2229 serusndorum

117 2277 209 2333 censs,
228 2261 329 2317 deinde
347 2261 471 2317 condicio
488 2262 603 2332 implete
619 2263 703 2330 esset,
721 2275 777 2316 uon
789 2259 971 2330 denegabitur
982 2261 1049 2317 mihi
1060 2263 1120 2318 eius
1134 2263 1174 2317 rei
1186 2262 1310 2332 integro⁸
1322 2262 1486 2333 persecutio.
1513 2262 1555 2318 sie

117 2351 188 2407 enim
212 2359 240 2406 et
263 2351 288 2406 si
309 2349 501 2406 stetuliberum
524 2365 559 2404 ox
580 2348 677 2405 eodem
695 2363 781 2404 csuss
798 2347 940 2418 possidere
957 2350 1121 2421 coepisset
1144 2351 1258 2420 impletu
1274 2350 1434 2406 condicione
1452 2350 1554 2405 inustam

92 2439 270 2496 lidrertstem
289 2439 349 2494 eius
367 2437 499 2508 impedire
516 2451 571 2493 non
588 2437 706 2507 potest⁴.
737 2435 767 2492 Si
778 2437 818 2492 rei
830 2437 983 2494 serusndee
994 2454 1080 2494 ceusu
1090 2439 1119 2494 in
1130 2439 1333 2509 possessionem
1348 2438 1448 2493 missus
1461 2439 1553 2494 ssset‘

117 2529 242 2600 proprius
264 2526 384 2583 creditor
400 2525 509 2582 heredis
526 2530 556 2582 et
573 2525 613 2580 rei
630 2539 680 2595 per
697 2523 938 2582 fideicommissum
956 2527 1023 2582 mihi
1040 2528 1151 2583 reliotse
1169 2527 1287 2598 udeptus
1304 2525 1401 2596 fuerit,
1424 2525 1490 2580 nihil
1508 2540 1553 2582 me
1571 2535 1601 2577 ss

116 2629 163 2686 per
180 2631 244 2672 essm
261 2615 336 2671 isedi
352 2621 479 2685 oportere
497 2613 635 2684 conuenit,
653 2628 709 2670 non
727 2614 816 2684 msgis
833 2629 917 2684 quum
935 2615 960 2670 si
977 2614 1013 2704 st)
1030 2615 1092 2687 ipso
1109 2615 1211 2672 hmede
1228 2631 1290 2672 esus
1307 2629 1366 2671 rem
1383 2614 1492 2685 pignori
1508 2628 1553 2670 uo·

26 2779 104 2840 ὲ--ἵὶ
165 2793 345 2848 liumus
362 2789 432 2847 liure
449 2789 614 2846 duodecimo
631 2787 914 2846 fideicommissorum.
946 2790 1102 2862 Municipiis
1118 2789 1359 2846 fideicommissum
1377 2786 1553 2874 [Q
1581 2794 1638 2868 Ps·

117 2881 231 2952 relinqui
249 2878 462 2951 possedonium
482 2893 538 2934 non
555 2883 607 2934 est
638 2878 689 2934 sed
706 2879 730 2934 si
748 2892 803 2932 non
821 2881 962 2949 eruemur,
980 2879 1114 2936 aduersus
1132 2879 1283 2948 municipes
1301 2879 1412 2949 quidem
1430 2895 1484 2936 non
1503 2879 1553 2935 du·

117 2966 265 3025 Mtsuimus
287 2983 323 3023 ex
347 2967 399 3022 hoc
419 2967 510 3024 edicto
527 2967 562 3022 iri
580 2967 609 3022 in
625 2966 828 3038 possessiouem
846 2981 943 3036 posse:
965 2967 1042 3038 ipsos
1059 2982 1126 3024 uero
1144 2967 1310 3038 municipes,
1333 2967 1357 3022 si
1374 2966 1418 3022 his
1435 2981 1491 3024 non
1508 2982 1553 3023 cs·
1571 2976 1600 3018 eo

118 3063 225 3128 uester,
249 3071 306 3112 non
324 3055 397 3112 tdem
416 3055 612 3111 adsecuturos:
635 3054 685 3110 sed
702 3053 919 3110 extraordinario
935 3053 1058 3112 remedio
1075 3071 1146 3126 opus
1163 3056 1229 3127 erit,
1247 3055 1376 3112 uidelicet
1393 3059 1425 3111 ut
1441 3054 1553 3112 decreto

118 3145 250 3215 prseteris
267 3147 345 3200 ector
362 3159 457 3200 eorum
475 3143 503 3199 iu
520 3143 723 3213 possessionem
741 3142 874 3198 mittetur.

37 3221 106 3281 ἒ
165 3234 394 3290 csnnrsrssnos
411 3231 480 3287 libro
498 3231 580 3287 tertio
597 3230 681 3286 edicti
699 3229 845 3286 monitorii.
872 3229 1003 3296 Quamuis
1021 3231 1134 3287 minimo
1149 3246 1196 3287 res
1212 3231 1306 3300 iegsts
1322 3231 1360 3286 sit
1377 3225 1552 3315 Q
1570 3233 1612 3290 'E

119 3323 157 3378 uei
174 3337 226 3393 per
242 3319 485 3376 fideicommissum
502 3320 606 3389 reiicts,
623 3324 726 3388 umen,
744 3319 769 3373 si
786 3332 842 3373 nou
860 3318 984 3374 soluetur
1001 3317 1037 3374 sb
1054 3318 1156 3402 herede
1173 3321 1219 3376 usi
1236 3335 1270 3375 eo
1288 3319 1398 3375 nemine
1412 3324 1560 3394 censetur,-

119 3423 176 3466 eum
194 3409 289 3464 caueri
306 3412 441 3478 oportent,
459 3407 489 3462 in
505 3407 707 3477 possessiouem
724 3406 846 3462 omnium
865 3403 1007 3477 bonerum,
1026 3423 1098 3478 quse
1115 3423 1152 3464 ex
1168 3422 1203 3463 es
1220 3407 1372 3463 hereditate
1387 3412 1460 3478 sunt,
1477 3407 1552 3476 legs·
1570 3415 1599 3458 ιε

119 3499 213 3554 mum
232 3497 294 3552 sius
311 3494 596 3551 fideicommisssrium
613 3499 724 3565 praetor
741 3494 895 3564 legatorum
913 3495 1112 3552 sumendorum
1130 3511 1215 3552 ceusu
1231 3495 1324 3552 mittit

26 3575 108 3634 Ε
165 3586 272 3640 Lsrsse
294 3582 363 3639 libro
381 3583 503 3639 secunde
520 3583 703 3654 posteriorum
721 3603 739 3638 o
755 3583 886 3639 lsuoiene
904 3584 1123 3654 epitomstorum.
1161 3584 1237 3650 Quae
1254 3585 1357 3654 legete-
1376 3575 1553 3667 Q
1579 3583 1608 3640 A

120 3687 173 3729 rum
192 3671 391 3728 scrusudorum
410 3687 495 3727 ceusu
511 3671 541 3727 in
558 3671 637 3728 bonis
655 3675 707 3742 est,
725 3671 754 3726 in
771 3686 857 3727 ceusu
873 3671 1004 3727 uesoendi
1022 3671 1170 3743 deminuet,
1188 3672 1213 3728 si
1229 3669 1286 3728 fiiis
1303 3671 1394 3741 neptis
1410 3671 1552 3741 proneptis

121 3773 219 3818 uxorne
237 3765 382 3816 essetnec
400 3765 487 3830 nuptu
505 3760 542 3814 sit
559 3774 611 3815 nec
629 3775 710 3815 suum
728 3759 873 3830 quicquum
891 3758 1001 3815 hebeat.
1570 3763 1599 3806 ⁸⁰

26 3827 109 3898 Ε
166 3847 307 3906 dumus·
326 3847 396 3904 libro
419 3848 538 3918 septime
561 3848 709 3903 sctionum.
743 3846 884 3902 Interdum
902 3845 968 3902 licet
985 3846 1049 3903 dolo
1066 3847 1138 3903 melo
1156 3845 1253 3902 iecerit
1268 3845 1357 3916 heres,
1376 3839 1551 3930 Q
1579 3847 1607 3902 Δ

121 3951 169 4008 quo
186 3938 279 3993 minus
296 3951 341 3993 res
359 3937 388 3992 in
405 3951 491 3993 esuss
507 3935 672 3992 hereditarie
689 3939 826 4005 menesnt,
844 3949 900 3992 non
917 3935 1018 4006 poterit
1034 3935 1064 3991 in
1080 3936 1283 4006 possessionem
1296 3949 1391 3991 esrum
1402 3934 1552 4005 legatorios

121 4042 358 4113 emissuros)

121 4202 207 4258 ¹nsm
225 4200 255 4256 id
272 4215 335 4256 eum
347 4201 485 4270 offeretur,
503 4199 577 4270 quod
589 4199 613 4255 si
624 4199 733 4284 integre
744 4215 774 4255 re
786 4198 873 4270 deret,
890 4198 920 4254 in
934 4199 1138 4286 possessionem
1150 4214 1205 4254 non
1217 4198 1389 4254 mitteretur?
1459 4197 1472 4233 ¹
1489 4211 1552 4254 esse

121 4271 533 4344 tn.(c.t:es.t5§5lct)
609 4271 764 4327 ⁸mterest
838 4269 1296 4342 ‘eoepnses...petes(s.t)'t
1372 4270 1551 4326 ‘essetdst

120 4343 130 4377 ⁸
143 4343 294 4400 Uenuleius
311 4341 472 4415 (Empedi

119 4499 133 4554 1
148 4499 214 4584 non]
232 4513 270 4554 no
288 4500 329 4566 Fi
345 4498 397 4568 est]
415 4503 445 4553 et
461 4498 500 4584 F·
529 4499 547 4554 5
564 4497 730 4584 murotenus]
748 4513 806 4554 mo·
858 4497 891 4554 τὸ
908 4497 1066 4584 inferesses
1081 4517 1123 4553 scr
1137 4498 1165 4553 B
1176 4497 1257 4584 (Ttp.)
1304 4497 1340 4552 25
1358 4511 1470 4582 menper
1487 4511 1551 4582 eum

118 4569 239 4626 deunce
257 4571 296 4624 F·
346 4569 435 4638 deuii
454 4583 501 4638 qur
519 4570 560 4636 Fi
575 4569 723 4638 desierunt]
744 4584 806 4625 esse
858 4569 940 4639 isedr]
960 4584 1005 4624 me
1021 4583 1072 4638 per
1089 4584 1133 4624 sm
1150 4568 1269 4633 isedrdl
1292 4582 1337 4622 me
1359 4567 1473 4638 perinde
1495 4567 1552 4624 ledr

117 4639 255 4697 desierunt
269 4639 458 4704 WDEQIGK
515 4641 549 4694 16
568 4645 768 4710 persequuntur
786 4641 812 4693 F
859 4640 924 4710 (legi
943 4640 1003 4706 EO)
1021 4639 1128 4704 sion,
1150 4639 1263 4709 perinde
1281 4653 1326 4694 me
1344 4639 1416 4694 ieedi
1430 4638 1472 4702 W,
1490 4653 1551 4708 per·

118 4713 149 4766 18
173 4727 233 4767 rem
259 4711 365 4781 teneus]
396 4710 572 4766 remitteneus
597 4712 622 4764 F
690 4711 724 4766 19
751 4710 796 4766 cui
858 4710 1084 4766 iudeiedimsD
1120 4708 1388 4766 30dubitcbimusi'
1419 4710 1454 4764 31
1467 4708 1550 4778 idem]

116 4783 159 4852 qui
178 4785 225 4850 Fi
245 4797 329 4852 quem
348 4781 388 4852 te]
412 4785 515 4850 qusnte
533 4781 559 4834 F
606 4781 641 4836 23
658 4781 696 4850 et]
714 4781 741 4836 ei
758 4783 785 4835 F
859 4779 894 4846 1⁸,
917 4779 1044 4836 uide'o'm
1063 4779 1107 4846 Ρ,
1130 4779 1225 4836 uidere
1239 4779 1397 4844 WDEPK,
1420 4779 1508 4835 uideri
1528 4780 1554 4835 0

115 4854 393 4979 mammet
406 4851 525 4975 DEQetK’
542 4851 664 4975 9⁰th
677 4856 805 4934 ...Apotes
857 4851 1116 4979 Ξῗροεῶοςιείῗοῖ
1146 4851 1311 4907 diecesi*
1341 4851 1377 4908 39
1389 4850 1557 4921 quiqucmF

115 4921 805 5065 mnttt‘ttiuttttttittttr
911 4937 949 4992 ¹³⁸
977 4938 1000 4977 ‘¹
1321 5077 1339 5134 s

273 5084 303 5131 11.
1303 5079 1320 5135 1
