3316 5454
87 297 223 367 XXXXI
246 301 262 364 1
285 303 401 360 44—51
759 290 848 372 498
1228 313 1276 362 oa
1299 312 1598 391 anonman

87 455 143 510 tius
161 459 284 510 nostrum
303 468 414 509 manere
432 453 545 522 tamdiu,
564 451 695 522 quamdiu
712 452 859 522 reciperari
877 452 978 526 possit:
996 451 1062 506 licet
1079 451 1107 506 in
1125 449 1224 506 auibus
1241 455 1271 505 et
1287 449 1407 520 piscibus
1418 449 1600 542 οιιειῇ,

87 558 183 600 uerum
201 543 238 598 sit
254 542 328 612 quod
347 542 450 598 scribit.
478 542 551 596 idem
570 543 617 610 ait,
636 540 688 596 etsi
706 539 851 610 naufragio
869 540 935 611 quid
948 539 1080 596 amissum
1093 541 1137 610 sit,
1155 554 1211 594 uon
1223 541 1316 594 statim
1329 545 1443 594 nostrum

87 632 227 687 desinere:
251 631 369 702 deniqne
392 630 545 701 quadruplo
569 630 657 685 teneri
675 644 737 684 eum
756 629 803 698 qui
820 629 919 699 rapuit.
953 631 983 684 et
999 644 1067 684 sane
1084 629 1182 684 meiius
1199 632 1244 682 est
1261 628 1352 682 dicere
1370 633 1397 682 et
1413 628 1477 698 quod

87 720 152 789 tnpo
170 719 291 790 eripitur,
310 725 433 775 nostrum
452 733 571 788 manere,
590 717 721 788 quamdiu
739 717 823 788 recipi
841 717 930 787 possit
946 716 975 772 id
989 716 1063 786 quod
1076 721 1201 788 ereptum
1213 721 1264 772 est
1292 717 1409 786 eiigitur
1419 733 1460 770 ma

87 823 140 878 ego
162 808 279 864 arbitror
296 809 378 863 etiam
397 807 462 863 inrti
481 813 636 878 competere
654 807 806 862 actionem:
829 807 895 861 iicet
912 807 985 861 enim
1003 821 1058 862 nou
1076 807 1167 862 animo
1186 805 1294 861 iurandi
1311 803 1395 860 inerit
1409 807 1612 900 eoioraq,⁸⁵

86 901 262 967 persecutus,
284 897 412 966 quemuis
430 901 459 952 et
476 895 529 952 boc
547 895 638 951 animo
656 895 776 965 potuerit
793 909 870 964 ease,
894 894 944 950 sed
962 895 1031 950 etsi
1050 910 1104 950 non
1123 894 1175 950 boe
1193 895 1285 950 auimo
1302 899 1455 964 persecutus
1543 920 1553 934 =

86 991 180 1041 tumen
197 1001 259 1041 cum
278 985 433 1056 reposcenti
452 1000 507 1040 non
525 983 628 1054 reddit,
646 983 815 1054 supprimere
834 989 862 1038 et
879 983 1041 1054 intercipere
1059 983 1177 1039 uidetur.
1210 997 1295 1053 quare
1313 988 1343 1038 et
1359 980 1422 1037 furti
1436 987 1462 1037 et
1514 1014 1576 1070 „d

87 1073 271 1130 exhibendum
290 1073 378 1129 teneri
395 1089 457 1128 enm
478 1071 593 1128 arbitror
611 1077 640 1128 et
657 1071 791 1127 uindicari
808 1070 945 1128 exhibitos
963 1071 999 1128 ab
1017 1087 1050 1128 eo
1068 1087 1167 1142 porcos
1185 1085 1277 1143 posse.

28 1160 68 1218 45
140 1163 234 1219 (imus
251 1161 320 1218 libro
339 1161 457 1232 septimo
476 1161 511 1216 ad
529 1161 650 1217 edictum
667 1160 844 1232 prouinciaie.
874 1160 1033 1216 communis
1051 1175 1150 1216 seruus
1168 1161 1192 1216 si
1210 1175 1245 1216 ex
1263 1175 1293 1215 re
1311 1159 1349 1214 ei-
1367 1153 1564 1247 [etsnss¹⁴
1571 1202 1595 1255 Ε

86 1251 172 1307 terius
189 1251 360 1307 dominorum
380 1249 548 1320 adquisierit,
565 1249 649 1306 nihiic
667 1250 758 1305 miuus
776 1263 921 1306 commune
938 1249 967 1304 id
984 1251 1044 1320 erit,
1062 1249 1112 1304 sed
1126 1250 1158 1319 is,
1176 1265 1212 1305 ex
1224 1250 1303 1305 cuius
1315 1264 1345 1304 rc
1357 1237 1557 1330 adquisitififfi
1567 1294 1586 1334 ,a

86 1337 182 1410 inerit,
206 1339 344 1394 communi
362 1337 513 1396 diuidundo
531 1337 632 1394 indicio
650 1353 711 1394 eam
730 1353 865 1394 summam
883 1339 1043 1408 praecipere
1059 1343 1165 1408 potest:
1189 1353 1252 1392 nam
1271 1337 1335 1393 iidei
1352 1337 1437 1393 bonae
1452 1353 1547 1413 Qun.

86 1429 171 1498 uenit,
189 1431 221 1483 ut
232 1429 419 1498 uuumuisque
431 1427 609 1497 praecipuum
621 1425 730 1498 babeat,
747 1427 821 1497 qnod
834 1442 910 1483 exre
922 1427 981 1482 eius
993 1442 1091 1482 seruus
1109 1426 1278 1497 adquisierit
1305 1426 1355 1481 sed
1372 1427 1394 1482 si
1411 1427 1540 1502 fliflmde

87 1531 184 1571 seruus
201 1517 354 1572 communis
373 1515 542 1586 adquisierit,
560 1513 686 1572 omnibus
704 1517 786 1571 sociis
804 1530 854 1586 pro
872 1519 951 1586 parte
968 1515 1081 1570 dominii
1100 1515 1153 1571 boc
1170 1515 1332 1585 adquiritur.

28 1601 69 1661 46
140 1603 291 1660 {inmane
307 1603 377 1660 libro
395 1605 587 1674 sexagensimo
605 1604 702 1674 quinto
720 1604 756 1658 ad
774 1603 903 1659 edictum.
930 1604 992 1659 Non
1010 1607 1054 1659 eat
1067 1619 1179 1673 nouum,
1198 1605 1289 1674 utqui
1302 1603 1349 1659 do·
1367 1597 1556 1686 WB
1657 1616 1658 1619 ’

22 1737 28 1744 ,
87 1692 199 1748 minium
222 1707 277 1748 non
300 1692 414 1763 babeat,
438 1693 484 1748 alii
507 1692 657 1748 dominium
680 1691 825 1762 praebeat:
849 1707 913 1748 nam
937 1697 967 1748 et
991 1692 1110 1748 creditor
1128 1693 1230 1763 pignus
1249 1691 1392 1748 uendendo
1408 1677 1523 1758 οἶΓιωῐ
1534 1715 1552 1753 ιι
1641 1686 1650 1767 s

86 1779 199 1836 dominii
216 1785 347 1851 praestat,
368 1795 451 1852 quam
469 1782 528 1852 ipse
547 1796 602 1837 uon
621 1779 724 1836 babuit.
1644 1770 1648 1773 Δ

27 1865 68 1924 tt
139 1869 258 1924 Peuma
275 1867 344 1924 libro
361 1869 607 1939 quinquagensimo
626 1869 662 1924 ad
679 1869 809 1924 edictum.
837 1869 998 1926 Fructuario
1016 1869 1153 1926 hereditas
1171 1869 1280 1940 adquiri
1292 1885 1347 1925 uon
1378 1880 1511 1939 ticenae
1528 1878 1553 1930 Β

85 1960 186 2028 potest,
204 1955 278 2027 quod
295 1957 324 2012 in
342 1955 432 2027 operis
450 1957 522 2012 serni
540 1956 679 2014 hereditas
697 1973 752 2014 uon
770 1962 821 2013 est
1648 1996 1652 2019 ,

27 2043 68 2102 te
139 2045 217 2100 inam
234 2043 302 2100 libro
320 2045 437 2115 septimo
456 2045 492 2100 ad
509 2045 655 2102 Plautium.
682 2047 777 2102 Bonae
794 2044 859 2101 fidei
877 2051 985 2117 emptor
1002 2061 1057 2103 non
1076 2047 1158 2104 dubie
1170 2046 1348 2118 percipiendo
1365 2041 1513 2130 [Nep-,fi
1540 2045 1564 2100 Ε
1650 2090 1658 2099 .

85 2130 191 2189 irnctna
209 2134 291 2188 etiam
311 2148 346 2188 ex
364 2134 453 2188 aliena
470 2147 500 2188 re
517 2149 584 2214 suos
602 2135 709 2190 interim
728 2133 796 2190 iacit
814 2133 825 2203 Ι
844 2152 899 2193 non
916 2141 1023 2194 tantum
1038 2151 1095 2206 eos,
1113 2137 1160 2207 qni
1172 2136 1317 2206 diligentia
1328 2121 1515 2206 etop‘efa‘eifi‘a
1539 2126 1593 2180 ¹²⁴¹

85 2227 278 2292 peruenerunt,
297 2221 348 2277 sed
365 2237 469 2292 omnes,
488 2221 554 2292 qnia
566 2221 639 2293 qnod
652 2224 688 2278 ad
699 2221 806 2280 innotus
817 2227 924 2296 nminat,
942 2227 1003 2282 ioco
1014 2225 1117 2281 domini
1129 2239 1218 2294 paene
1230 2230 1283 2280 est.
1309 2224 1516 2294 deniqueetism
1553 2221 1578 2262 ¹¹
1618 2215 1619 2218 ’
1651 2256 1655 2271 .

85 2311 243 2380 priusquam
260 2310 401 2380 percipiat,
420 2311 512 2366 statim
532 2311 579 2366 ubi
598 2329 615 2366 a
633 2313 691 2368 soto
709 2315 829 2383 separati
847 2319 920 2384 suut,
938 2313 1027 2370 bonae
1044 2311 1109 2367 fidei
1127 2314 1260 2382 emptoris
1273 2311 1352 2369 fiunt.
1376 2313 1524 2368 ueciutet·
1627 2368 1628 2371 ,
1656 2348 1658 2351 ψ

85 2402 137 2468 est,
155 2413 191 2454 ea
206 2413 260 2469 res,
278 2412 360 2467 qnam
379 2397 453 2454 bona
470 2397 525 2454 tide
542 2401 605 2471 emi,
623 2402 706 2472 iougo
723 2407 847 2472 tempore
865 2404 927 2474 capt
945 2403 1034 2473 possit
1050 2417 1102 2458 uec
1119 2415 1163 2472 nc,
1181 2402 1269 2456 ueluti
1282 2402 1307 2456 si
1318 2401 1409 2472 popili
1419 2399 1533 2455 aaut

85 2487 114 2540 ni
130 2501 261 2558 possessu
278 2491 327 2541 aut
343 2486 464 2556 praesidi
482 2492 578 2543 contra
595 2488 684 2559 legem
703 2491 915 2562 repetundarum
933 2492 1037 2547 donata
1054 2489 1090 2545 ab
1108 2505 1196 2560 eoque
1214 2488 1369 2546 abalienata
1383 2488 1537 2544 sitbonne
1629 2475 1631 2482 ’

53 2584 66 2628 1
85 2573 149 2630 fidei
168 2576 292 2646 emptori.
329 2575 361 2630 in
379 2576 545 2631 cambarium
562 2578 716 2650 quaeritur,
735 2580 758 2636 si
777 2595 810 2635 eo
828 2583 960 2650 tempore,
980 2595 1034 2650 quo
1053 2578 1118 2635 mihi
1137 2593 1182 2634 res
1199 2578 1326 2647 truditur,
1343 2582 1428 2649 putem
1441 2589 1541 2632 ιω·
1579 2563 1597 2607 ¹⁵
1657 2588 1658 2613 ³

85 2661 177 2718 dentis
194 2679 264 2734 esse,
282 2663 382 2719 deinde
401 2679 557 2735 cognouere
575 2665 690 2721 alienam
710 2683 781 2738 esse,
800 2669 865 2739 quia
881 2672 1041 2739 perseuerat
1057 2667 1235 2740 perlongum
1254 2673 1363 2738 tempus
1377 2667 1451 2736 capio,
1464 2671 1550 2718 m

84 2749 190 2808 fructus
207 2766 284 2807 mess
301 2749 410 2808 iaciens.
440 2753 607 2824 Pomponius
624 2755 788 2825 uerendum,
807 2771 842 2811 ne
860 2771 915 2812 nou
934 2757 970 2812 sit
987 2755 1077 2812 bonae
1093 2753 1159 2811 fidei
1176 2770 1240 2826 poa·
1259 2745 1483 2830 ins.se,1,ttat.
1507 2745 1557 2814 ⁷.

85 2853 185 2910 sesam,
203 2841 330 2910 quamuis
348 2841 454 2911 capiat:
472 2840 526 2897 boc
543 2841 614 2898 enim
633 2843 669 2898 ad
687 2845 738 2914 ius,
756 2845 786 2900 id
803 2849 847 2900 est
864 2847 1015 2916 cepionem,
1033 2845 1100 2900 iilud
1119 2844 1154 2899 ad
1171 2843 1275 2900 factum
1288 2845 1426 2915 pertinere,
1440 2825 1559 2928 [tf-§j

85 2933 116 2982 ut
133 2929 195 2998 quia
212 2927 285 2984 bone
304 2934 352 2984 snt
370 2929 442 2984 mata
459 2927 514 2985 fide
531 2929 686 3001 possideat:
705 2945 756 2986 nec
767 2935 932 2990 contradam
945 2939 996 3003 est,
1014 2933 1088 3003 quod
1100 2934 1212 3004 tongum
1224 2937 1334 3004 tempus
1346 2933 1429 3002 currit
1444 2935 1561 2988 narn

51 3025 67 3071 u
85 3029 101 3070 e
119 3017 255 3072 contrario
272 3017 305 3087 is,
323 3018 442 3088 quinon
460 3021 553 3088 potest
570 3033 668 3090 capere
686 3025 798 3090 proptor
815 3023 855 3078 rei
872 3023 978 3092 uitium,
996 3021 1103 3078 fructus
1114 3019 1267 3078 ruossacit.
1294 3022 1331 3076 Et
1342 3018 1569 3077 onumen*
1592 3004 1608 3044 ³⁰

84 3103 220 3160 infructu
239 3111 303 3161 sunt
321 3109 350 3161 et
367 3105 430 3162 ideo
448 3106 484 3162 ad
502 3105 592 3163 bonae
609 3105 674 3163 fidei
692 3113 842 3179 emptorem
860 3113 1006 3181 pertinent,
1025 3109 1134 3166 etiamsi
1151 3117 1318 3180 praegnates
1331 3093 1569 3194 nonomine}

84 3190 231 3263 subreptae
249 3194 312 3248 siut.
346 3199 375 3250 et
392 3210 459 3250 sanc
477 3195 544 3266 quin
561 3197 605 3251 iac
622 3211 702 3252 suum
721 3195 817 3269 iaciat,
836 3201 962 3269 quemuis
980 3200 1068 3271 plenis
1085 3199 1217 3256 uberibus
1233 3197 1569 3268 uenierint,dubit=1¹

83 3295 139 3336 uon
156 3285 263 3351 potest:
282 3282 409 3353 idemque
427 3283 455 3338 in
473 3283 537 3338 iana
553 3285 620 3340 imis
637 3289 689 3340 est

25 3369 65 3428 49
135 3369 214 3424 mna
231 3369 300 3426 libro
318 3387 390 3427 nono
409 3371 445 3426 sd
463 3371 608 3428 Plautium.
636 3372 731 3439 ιιιιοιιι
745 3371 910 3432 fructuarius
922 3391 957 3432 ex
968 3391 998 3432 re
1016 3391 1068 3433 sua
1084 3377 1177 3448 donat,
1195 3391 1231 3432 cx
1243 3391 1274 3432 re
1285 3377 1345 3432 eius
1362 3373 1400 3460 a.
1407 3389 1439 3446 to,
1447 3374 1566 3442 1518
1591 3352 1607 3408 Β

83 3462 139 3512 est:
162 3457 213 3513 sed
238 3459 262 3513 si
285 3473 319 3515 eo
340 3461 432 3516 animo
449 3460 478 3515 id
495 3459 604 3532 iecerit,
627 3465 660 3516 nt
677 3461 713 3516 ad
731 3465 907 3534 proprietatis
924 3465 1064 3522 domiuum
1082 3467 1233 3537 pertineat,
1256 3465 1400 3522 dicendum
1417 3471 1453 3520 est
1465 3448 1569 3518 illi
1591 3447 1607 3489 ⁸⁵

82 3545 198 3616 adquiri.
222 3547 246 3602 si
264 3553 356 3603 autem
375 3553 522 3604 cananeus
539 3549 565 3604 ei
583 3549 668 3606 donet
685 3551 857 3624 indistincte,
876 3555 927 3610 soti
944 3555 1124 3626 proprietario
1141 3553 1303 3625 adquiritur.
1331 3555 1422 3611 eadem
1437 3553 1569 3609 tice-
1642 3575 1643 3578 ¹

83 3649 145 3690 mus
162 3636 190 3690 in
208 3634 317 3692 bomine
334 3635 429 3707 iibere,
447 3638 494 3707 qui
511 3636 584 3694 bona
601 3637 656 3694 fide
675 3638 741 3695 mibi
758 3641 852 3712 seruit,
870 3648 910 3710 ut,
928 3645 951 3698 si
970 3644 995 3698 ei
1012 3643 1115 3714 aliquid
1127 3643 1297 3714 donauerim,
1315 3659 1403 3699 meum
1414 3644 1452 3699 sit
1482 3633 1572 3690 θ*

81 3723 145 3780 ideo
161 3725 329 3795 Pomponius
346 3724 449 3796 scribit,
467 3727 594 3796 quemuis
612 3727 772 3784 donauerim
791 3730 817 3784 ei
834 3745 933 3800 operas
951 3747 1024 3803 suas,
1043 3738 1135 3788 umen
1153 3732 1288 3803 quidquid
1305 3747 1340 3789 ex
1356 3733 1439 3804 operia
1450 3723 1572 3786 ³15³

82 3811 216 3882 adquiret,
235 3811 302 3868 mibi
319 3811 434 3882 sdquiri.
1589 3801 1606 3843 ⁸⁹

25 3900 65 3960 50
135 3899 401 3957 Pourourueiibro
425 3907 505 3986 sextq
529 3917 564 3959 ex
586 3905 702 3962 Plautio.
740 3905 871 3974 Quamuis
889 3907 963 3979 quod
981 3909 1105 3964 inlitora
1123 3908 1233 3979 publico
1251 3909 1298 3964 uei
1315 3909 1343 3965 in
1361 3885 1604 3994 WB

82 3988 151 4044 mari
167 3989 396 4060 exstruxerimus,
415 3997 538 4046 nostrum
557 3991 620 4062 fiat,
638 3999 730 4050 umen
748 3995 888 4052 decretum
905 3998 1041 4068 praetoris
1059 3995 1244 4054 adhibendum
1263 4003 1313 4068 est,
1333 4005 1364 4054 nt
1380 3998 1406 4054 id
1421 3997 1577 4052 boare

80 4076 175 4132 liceat:
200 4077 284 4132 immo
306 4078 389 4133 etiam
412 4095 495 4135 manu
516 4079 703 4150 probibendus
721 4089 778 4153 est,
802 4085 826 4139 si
844 4099 907 4140 cum
925 4085 1099 4142 incommodo
1116 4090 1269 4142 ceterorum
1288 4087 1317 4142 id
1335 4085 1424 4142 iaciat:
1443 4085 1577 4140 nau-¹¹¹

81 4165 189 4220 ciuilem
207 4179 270 4220 eum
289 4167 425 4223 actionem
443 4167 478 4223 de
496 4167 622 4225 iaciendo
640 4172 741 4226 nubam
759 4170 860 4229 habere
878 4188 934 4230 non
952 4173 1057 4230 dubito.

0 4255 61 4313 ‚11
134 4251 249 4310 (ιιιυιυι
275 4253 344 4312 libro
370 4256 492 4312 secundo
515 4257 693 4327 digestorum.
729 4259 914 4332 Transiugom
937 4262 996 4318 iure
1019 4262 1084 4318 belii
1107 4264 1264 4335 recipimus.
1300 4265 1338 4320 Iit
1372 4275 1480 4332 motu,
1512 4240 1602 4314 ⁵⁰⁸

80 4354 152 4411 quae
169 4355 214 4396 res
231 4339 344 4399 hostiles
361 4344 436 4415 apud
453 4359 504 4401 nos
522 4350 596 4417 sunt,
614 4363 670 4404 non
687 4347 822 4419 publicae,
840 4349 892 4406 sed
909 4353 1102 4420 occupantium
1120 4351 1199 4410 fiunt.

79 4463 272 4535 marnoa)

80 4649 90 4685 ¹
107 4645 258 4706 fructuario
276 4665 358 4708 seruo
376 4661 424 4710 tm.
442 4654 583 4726 (Kmeper)

79 4832 243 4890 l'mtmere
260 4833 309 4920 Ρ.
331 4837 365 4920 ¹2
382 4836 553 4908 nanphragio
573 4840 607 4894 Ρ
623 4841 629 4907 i
644 4839 768 4897 um'm'ia-
822 4843 857 4898 29
880 4847 912 4898 ut
933 4843 1004 4914 quis]
1030 4843 1143 4911 F‘X‘O,
1165 4852 1198 4902 ut
1219 4849 1245 4904 ai
1267 4849 1329 4918 quis
1351 4829 1551 4904 Mamm
1618 4801 1619 4804 Ἴ
1643 4846 1649 4851 “

78 4903 185 4958 sumF¹
220 4904 465 4964 Sexbrbrtobabeo
473 4911 617 4979 peroosF·
651 4913 768 4968 10com-
821 4915 856 4969 31
875 4911 995 4970 irnetn's'
1008 4921 1072 4972 snut
1089 4917 1147 4984 Μ
1167 4921 1358 4989 pregnatesi'
1399 4919 1430 4973 39
1454 4907 1542 4966 ⁸5⁰³
1651 4920 1656 4923 ’

78 4975 202 5030 muster
245 4977 281 5032 ee
298 4977 403 5048 pnpmq
423 4988 499 5051 quor
512 4983 690 5107 „reteget
707 5003 767 5038 ...r-
820 4985 910 5039 ter·
951 4987 987 5041 ee
1003 4986 1213 5058 properemus
1231 4992 1270 5044 nt
1308 4989 1431 5046 mnne
1444 4971 1535 5040 Pl

75 5051 161 5101 tenori
179 5045 289 5103 Graeci:
308 5049 347 5104 ὼε
364 5049 412 5112 τοῦ
430 5049 517 5114 trinos
535 5051 599 5106 bars
657 5053 767 5123 (moe)
819 5054 1032 5126 propri'a'etario
1049 5059 1088 5112 1²⁸
1140 5061 1177 5115 ta
1195 5057 1279 5118 faciet
1296 5061 1332 5116 ΓΙ
