3584 5454
92 295 390 346 summoue
764 274 849 356 723
1181 275 1344 345 XXXXVI
1363 279 1386 344 4
1406 281 1522 339 13-1e

52 442 72 488 4
92 435 184 505 possit
201 451 267 490 usne
286 436 344 492 sine
361 434 467 492 fructul
480 434 618 504 constitui,
636 433 782 490 dicendum
801 440 844 492 est
861 437 1094 507 acceptilationem
1106 435 1207 490 ualere.
1235 433 1263 490 Si
1276 435 1308 504 is,
1326 436 1373 505 qui
1385 434 1520 490 hominem

92 524 242 594 stipulatus
260 529 316 596 est,
339 523 461 580 Stichum
481 528 594 594 accepto
611 523 716 596 tulerit,
741 525 862 581 lulianus
885 525 954 583 libro
976 525 1219 597 quinquagensimo
1238 527 1335 594 quarto
1353 524 1520 594 digestorum

93 613 206 682 scripsit
229 613 464 685 acceptilationem
487 613 589 684 aliquid
613 613 702 683 egisse
725 614 882 684 tollisseque
905 621 991 672 totam
1015 614 1220 685 obligationem:
1243 613 1318 683 quod
1340 614 1411 668 enim
1435 614 1521 669 inuito

56 709 73 756 ⁵
93 701 252 772 stipulatori
268 703 418 773 promissor
435 703 542 760 soluere
559 706 663 774 potest,
680 702 709 758 id
727 707 756 758 et
773 707 915 775 acceptum
934 706 1018 760 latum
1036 704 1223 760 liberationem
1240 704 1336 774 pariet.
1372 703 1456 772 Eum,
1475 703 1522 772 qui

93 788 210 846 mudum
229 791 374 862 stipulatus
397 797 452 862 est,
476 807 531 848 non
548 807 629 862 posse
652 791 687 847 de
710 790 773 848 dolo
796 793 867 849 malo
890 794 1038 849 clausulam
1062 797 1205 864 acceptum
1228 791 1304 878 ferrex
1323 797 1443 848 constat:
1467 803 1553 847 none

93 881 169 935 euim
187 881 215 936 in
232 887 338 952 partem
355 881 441 938 debiti
458 881 487 938 id
504 881 639 952 constitit,
662 886 691 936 et
708 879 783 936 aliud
805 886 849 938 est
872 883 945 952 quod
963 882 1092 952 debetur,
1115 881 1189 938 aliud
1207 881 1280 952 quod
1298 886 1410 951 accepto
1428 879 1521 936 fertur.
1591 935 1595 948 ,

57 977 74 1025 o
94 968 127 1025 Si
144 967 268 1026 Stichum
290 977 339 1026 aut
360 969 455 1026 decern
479 969 530 1026 sub
553 969 712 1026 condicione
735 967 881 1041 stipulatus
905 969 1028 1026 Stichum
1051 976 1193 1042 acceptum
1218 969 1313 1028 iecerit
1335 975 1364 1026 et
1385 971 1521 1042 pendente
1633 1001 1636 1008 .

94 1057 256 1115 condicione
273 1058 384 1115 Stichus
401 1059 564 1130 decesserit,
588 1058 683 1115 decem
702 1059 730 1114 in
747 1057 912 1130 obligatione
936 1059 1099 1132 manebunt,
1122 1059 1235 1130 perinde
1257 1075 1290 1116 ac
1308 1059 1331 1114 si
1349 1061 1521 1130 acceptilatio

58 1157 74 1202 't
93 1147 257 1218 interposita
273 1163 329 1204 non
345 1147 451 1204 luisset
479 1147 509 1204 Si
526 1146 680 1204 fideiussori
697 1153 811 1219 accepto
829 1147 912 1204 tuerit
928 1150 1022 1221 latum,
1041 1165 1103 1206 cum
1121 1165 1185 1204 reue
1197 1163 1235 1218 re,
1253 1163 1307 1204 nou
1320 1148 1411 1204 uerbis
1423 1148 1522 1206 luisset

93 1235 242 1308 obligatus,
261 1253 296 1292 an
314 1252 377 1294 reus
395 1253 504 1308 quoqne
521 1237 670 1294 liberetur?
696 1241 724 1294 et
741 1237 795 1293 hoc
812 1237 870 1294 iure
887 1239 997 1310 utimur,
1015 1243 1055 1309 ut,
1072 1237 1137 1294 licet
1153 1253 1217 1294 reus
1234 1252 1288 1294 non
1304 1238 1340 1294 sit
1351 1237 1443 1294 uerbis
1455 1237 1521 1294 obli·
1541 1247 1569 1288 ro

57 1333 75 1380 a
92 1331 191 1396 gatus,
214 1331 306 1382 umen
329 1327 538 1398 acceptilatione
561 1343 611 1398 per
632 1326 821 1384 fideiussorem
844 1327 982 1384 liberetur.
1018 1325 1047 1382 Si
1064 1328 1216 1398 legatorum
1236 1325 1287 1382 sub
1305 1326 1464 1384 condicione
1480 1342 1521 1382 re·

93 1415 220 1472 lictomrn
243 1415 396 1472 fideiussori
419 1416 484 1472 date
502 1420 615 1486 accepto
637 1417 723 1471 latum
746 1416 794 1486 sit,
817 1417 910 1488 legata
932 1414 1104 1476 debebantur
1125 1421 1223 1488 postea
1246 1414 1405 1472 condicione
1428 1431 1522 1472 eorum

57 1504 240 1560 assistente.
276 1505 328 1572 Qui
346 1505 386 1560 ita
402 1506 548 1576 stipulatur
570 1522 588 1561 a
609 1503 784 1561 fideiussore:
803 1501 884 1574 'quod
902 1506 977 1562 Titio.
997 1505 1151 1576 credidero,
1175 1504 1230 1560 lide
1252 1509 1301 1560 tua
1324 1519 1386 1560 esse
1408 1503 1521 1575 iubesl’,

94 1593 220 1664 'deinde
239 1599 385 1664 antequam
403 1594 535 1664 crederet,
553 1599 698 1664 acceptum
714 1592 779 1656 tecit
790 1591 952 1665 fideiussori,
970 1611 1033 1651 reus
1046 1611 1101 1651 non
1112 1593 1279 1664 liberabitur,
1298 1593 1347 1650 sed
1358 1594 1522 1665 quandoque

94 1681 121 1738 ei
144 1683 278 1739 creditum
301 1681 396 1754 fuerit,
420 1689 541 1739 tenetur:
565 1700 629 1740 nam
652 1687 681 1739 et
703 1683 727 1739 si
749 1681 938 1740 fideiussorem
961 1699 1016 1740 uon
1040 1690 1104 1741 ants
1126 1682 1269 1740 liberatum
1292 1697 1354 1738 esse
1377 1683 1521 1753 credimus,
1542 1693 1569 1734 re

93 1785 179 1842 quarn
197 1787 259 1828 cum
277 1770 360 1828 luerit
376 1772 509 1828 creditum
527 1787 587 1844 reo,
611 1787 665 1828 nou
684 1778 776 1828 umen
793 1787 857 1828 reus
875 1772 1028 1844 antiquiore
1045 1773 1267 1843 acceptilatione,
1289 1786 1372 1842 quam
1390 1772 1521 1842 obligatio

42 1869 75 1915 10
93 1861 155 1916 eius
173 1866 224 1932 est,
241 1860 351 1918 liberari
368 1862 467 1932 potuit.
497 1862 592 1932 Tutor,
611 1867 720 1918 curator
731 1860 826 1918 furiosi
844 1865 986 1932 acceptum
999 1860 1069 1920 terre
1087 1878 1143 1919 non
1159 1863 1274 1933 potuits,
1292 1877 1343 1918 nec
1361 1867 1521 1932 procurator
1595 1929 1603 1944 ἱ

93 1949 204 2020 quidem
223 1955 316 2022 potest
334 1949 425 2007 facere
443 1955 597 2022 acceptum:
616 1950 666 2007 sed
683 1950 712 2006 bi
729 1965 824 2007 omnes
842 1950 944 2008 debent
961 1966 1063 2008 nouare
1079 1952 1301 2022 (possuntenim)
1314 1952 1394 2008 etsie
1406 1956 1520 2021 accepto

93 2037 193 2094 facere.
220 2055 255 2095 ne
273 2039 316 2096 bie
333 2039 443 2111 quidem
462 2045 576 2110 accepto
593 2039 652 2096 lieri
669 2044 773 2111 potest,
799 2039 849 2096 sed
872 2041 1019 2096 uenatione
1040 2039 1115 2096 iacta
1136 2045 1266 2112 poterunt
1283 2039 1391 2096 liberari
1408 2055 1458 2109 per
1475 2054 1520 2094 ac-

92 2127 306 2199 ceptilationem.
332 2145 396 2186 nem
414 2133 443 2186 et
460 2130 489 2186 in
506 2129 660 2186 absentium
678 2143 796 2199 persona
812 2128 865 2184 hoc
882 2129 1002 2186 remedio
1024 2131 1065 2186 uti
1083 2131 1216 2188 solemus:
1239 2129 1400 2202 stipulamur
1419 2127 1454 2183 ab
1473 2128 1568 2183 ali-ee

93 2232 149 2288 quo
167 2217 196 2272 id
214 2217 334 2274 nouandi
352 2235 443 2288 causa,
463 2217 536 2289 quod
554 2218 633 2275 nobie
652 2218 751 2275 absens
769 2217 865 2289 debet,
883 2223 912 2274 et
929 2220 968 2274 ita
986 2223 1099 2290 accepto
1116 2219 1272 2290 liberamus,
1291 2235 1309 2274 a
1325 2233 1380 2289 quo
1398 2217 1520 2288 stipulati

44 2317 73 2362 ιι
94 2322 204 2362 sumus:
227 2307 267 2363 ita
283 2305 345 2378 liet,
368 2311 400 2363 ut
417 2307 517 2364 absens
534 2309 694 2379 nouatione,
713 2323 844 2379 praeseus
862 2308 1069 2378 acceptilatione
1087 2308 1224 2366 liberetur.
1259 2309 1347 2364 Heres
1364 2321 1473 2377 quoque
1492 2311 1520 2361 et

45 2405 76 2450 la
93 2394 209 2452 hberare
227 2400 257 2452 et
273 2395 381 2453 liberari
399 2401 513 2468 accepto
530 2401 624 2467 potest
640 2402 669 2453 et
686 2396 822 2454 honorarii
839 2411 1021 2454 successores.
1056 2398 1100 2454 Ex
1116 2397 1239 2469 pluribus
1256 2397 1310 2454 reis
1328 2395 1477 2468 stipulante·
1495 2395 1520 2450 si

93 2499 166 2542 unns
183 2491 327 2557 acceptum
345 2484 449 2556 iecerit,
466 2485 591 2542 liberatio
609 2487 788 2557 contingitis
806 2485 931 2542 solidum.
1539 2496 1569 2536 ει

37 2571 76 2628 14
150 2575 159 2640 Ιξ
178 2575 297 2632 Psunue
319 2573 388 2630 libro
411 2574 574 2632 duodecimo
597 2575 633 2631 ad
653 2574 793 2632 Sabinum.
829 2575 888 2632 Nisi
910 2575 1064 2632 consentiat
1086 2575 1258 2646 acceptilatio
1282 2590 1344 2632 curn
1363 2569 1560 2658 [ᾗῇ-ξε
1589 2580 1660 2628 teca

95 2661 262 2734 obligatione
280 2668 309 2719 et
325 2664 378 2719 nisi
395 2679 491 2720 uerum
509 2669 560 2734 est,
579 2664 653 2734 quod
670 2665 698 2720 in
712 2664 918 2734 acceptilatione
930 2663 1140 2736 demonstratur,
1159 2663 1318 2736 imperfecta
1329 2669 1372 2720 est
1386 2665 1518 2736 liberatio,

95 2753 160 2822 quia
177 2751 270 2808 uerbis
287 2751 373 2808 uerba
390 2768 424 2809 ea
441 2753 551 2809 demum
568 2754 669 2809 resolui
686 2758 810 2824 possunt,
828 2768 899 2824 quae
917 2753 987 2809 inter
1005 2769 1035 2810 se
1053 2758 1215 2824 congruunt.

38 2839 76 2898 15
147 2843 320 2898 Poueoruus
340 2841 409 2898 libro
433 2843 582 2898 uicensimo
606 2842 723 2914 septimo
747 2841 783 2897 ad
801 2841 940 2898 Sabinum.
976 2840 1006 2898 Si
1028 2841 1053 2898 is
1074 2844 1121 2912 qui
1139 2842 1260 2900 Stichum
1283 2859 1344 2914 pro·
1363 2838 1559 2926 [fflsres
1629 2869 1631 2872 ·
1659 2897 1660 2900 ,

95 2931 170 2987 misit
192 2931 232 2986 ita
253 2931 416 3002 interroget:
434 2931 516 3002 'quod
534 2929 656 2988 Stichum
679 2931 805 3003 promisi,
828 2929 950 2988 Stichum
973 2936 1002 2987 et
1018 2929 1188 3002 Pamphilum
1211 2931 1331 2988 habesne
1355 2933 1518 3004 acceptosi',

94 3025 162 3091 puto
179 3023 255 3076 recte
272 3026 386 3092 accepte
403 3021 489 3076 latum
513 3025 542 3076 et
564 3036 614 3091 pro
632 3035 803 3091 superuacuo
820 3021 953 3091 Pamphili
970 3021 1134 3077 mentionem
1153 3020 1266 3092 iactans,
1290 3021 1518 3092 quemadmodum
1538 3029 1567 3072 ao

94 3109 119 3165 ei
136 3109 160 3165 is
178 3109 226 3179 qui
244 3109 339 3165 decem
357 3111 483 3181 promisit
492 3110 532 3166 ita
549 3109 710 3181 interroget:
730 3110 810 3182 ‘quod
822 3111 872 3168 tibi
883 3109 978 3167 decem
990 3110 1111 3182 promisi,
1128 3111 1226 3182 uiginti
1238 3109 1358 3167 habesne
1370 3110 1519 3182 aceeptai',

94 3199 178 3254 mam
196 3197 293 3254 liccem
310 3200 420 3254 nomine
438 3199 491 3255 erit
506 3197 647 3256 liberatus.

37 3284 76 3343 16
148 3285 300 3344 emulus
315 3287 385 3345 libro
403 3290 520 3360 septimo
537 3289 761 3359 disputationum.
788 3287 818 3344 Si
829 3303 864 3344 ex
881 3285 1004 3359 pluribus
1021 3287 1149 3358 obligatis
1166 3289 1215 3344 uni
1232 3293 1346 3359 accepto
1364 3283 1519 3372 [e—'affiffe
1537 3290 1559 3346 S

94 3375 212 3447 feratur,
236 3392 291 3433 non
308 3377 369 3448 ipsc
386 3379 461 3434 solua
478 3377 622 3450 liberatur,
646 3378 695 3434 sed
713 3376 799 3448 ethi,
823 3377 870 3447 qui
887 3393 980 3434 secum
998 3376 1166 3447 obligantur:
1190 3393 1253 3434 nam
1277 3391 1340 3433 cum
1358 3391 1393 3434 ex
1411 3378 1519 3434 duobus

94 3464 272 3536 pluribusque
290 3466 412 3522 eusdem
430 3465 604 3538 obligationis
620 3465 798 3538 participibus
816 3466 864 3522 uni
881 3471 996 3537 accepto
1013 3464 1113 3538 iertm,
1135 3467 1219 3524 ceteri
1236 3481 1345 3537 quoque
1362 3466 1518 3538 liberantur,
1538 3475 1566 3516 ³⁵

94 3569 149 3611 non
167 3556 296 3625 quoniam
313 3555 380 3626 ipsis
399 3561 513 3626 accepto
530 3557 620 3614 latum
634 3561 691 3628 est,
710 3555 905 3625 sedquoniam
924 3555 1001 3612 uelut
1017 3555 1133 3612 soluisse
1151 3555 1259 3612 uidetur
1277 3555 1314 3626 is,
1337 3556 1384 3625 qui
1402 3556 1525 3627 accepti·¹

62 3653 74 3697 s
93 3644 196 3700 latione
214 3644 320 3701 solutus
338 3649 389 3700 est
419 3643 450 3701 Si
466 3645 579 3702 iudicati
596 3644 741 3702 fideiussor
755 3644 791 3700 sit
809 3644 907 3701 (letus⁴
925 3649 1054 3716 acceptus
1072 3646 1151 3716 eique
1168 3649 1281 3716 accepto
1293 3645 1379 3700 latum
1391 3645 1435 3716 sit,
1453 3644 1518 3701 libe·

94 3731 199 3790 rabitur
216 3737 246 3789 et
263 3733 409 3790 iudicatus.

44 3818 76 3877 17
146 3823 290 3880 iuuenes
305 3821 374 3878 libro
392 3822 636 3894 quinquagensimo
654 3827 753 3894 quarto
770 3822 948 3893 digestorum.
974 3823 1026 3890 Qui
1038 3823 1174 3880 hominem
1186 3827 1235 3880 aut
1246 3822 1341 3878 decem
1361 3817 1518 3906 [ᾖε-Ε
1536 3826 1558 3880 S

93 3911 240 3981 stipulatas
257 3915 313 3982 est,
336 3911 361 3968 si
377 3912 498 3983 quinque
520 3917 634 3984 accepto
651 3911 759 3983 fecerit,
783 3918 889 3984 partem
907 3912 1091 3984 stipulationis
1109 3913 1224 3984 peremit
1244 3917 1273 3968 et
1288 3917 1381 3984 petere
1399 3913 1518 3984 quinque
1536 3921 1564 3962 4⁰

93 4006 144 4056 ant
160 4005 266 4070 partem
284 3999 401 4056 bominis
418 4006 517 4072 potest.

43 4087 77 4149 18
110 4073 113 4080 ’
147 4089 357 4146 Fuounsumus
378 4087 447 4146 libro
470 4095 569 4147 octauo
592 4090 802 4148 institutionum.
837 4091 875 4146 Et
895 4105 950 4146 uno
974 4089 1143 4162 expluribus
1161 4089 1345 4148 contactibus
1363 4085 1557 4174 [Qui

93 4177 139 4234 uel
157 4178 240 4234 certis
258 4178 302 4234 uel
319 4179 430 4234 incertis
447 4179 501 4251 uel,
519 4179 683 4250 quibusdam
701 4180 833 4250 exeeptis,
851 4180 965 4236 ceteris⁵
978 4185 1008 4235 et
1024 4179 1150 4236 omnibus
1167 4195 1202 4235 ex
1220 4181 1310 4236 causis
1328 4196 1383 4235 una
1400 4180 1519 4250 accepti·

62 4279 75 4324 1
93 4267 161 4323 latio
179 4271 209 4322 et
224 4266 349 4325 liberatio
367 4267 426 4324 lieri
442 4273 542 4340 potest
572 4269 639 4326 Eius
657 4268 697 4325 rei
715 4268 863 4340 stipulatio,
881 4284 963 4340 quam
981 4268 1121 4340 accepti0⁸
1133 4273 1271 4342 sequatur,
1289 4267 1396 4325 aGallo
1408 4268 1518 4339 Aquilio

93 4505 230 4562 ¹huctus
247 4507 307 4563 sine
317 4523 371 4564 usu
382 4509 624 4583 (OummrefiD.
635 4511 661 4575 7,
672 4511 698 4574 9,
710 4511 735 4574 5,
748 4508 796 4577 2)?
852 4510 906 4565 ¹si
924 4519 987 4566 tm..
1029 4509 1281 4580 'possuntbddli
1341 4509 1453 4566 ⁴datus
1471 4511 1518 4565 del.

92 4580 106 4616 ⁸
123 4579 170 4640 uel
187 4580 269 4635 certis
285 4581 340 4652 nel,
358 4580 439 4636 certis
457 4579 621 4650 quibusdam
639 4580 770 4651 exceptis,
788 4581 906 4637 ceteris?
975 4584 987 4619 ⁸
1004 4581 1175 4652 acceptilatio
1192 4583 1227 4650 (a.
1239 4581 1288 4648 tl?

92 4711 281 4798 'latipulatus
303 4711 420 4768 stichum
438 4712 494 4768 'aut
516 4711 619 4770 deoem'
636 4717 779 4784 acceptum
832 4727 1030 4784 superuacuam
1048 4715 1086 4768 F'
1155 4714 1192 4770 42
1209 4727 1244 4769 ex
1261 4713 1392 4784 pluribus]
1415 4713 1521 4770 Y’M‘t'

94 4783 122 4836 F
123 4781 147 4836 *ι
170 4783 219 4837 sis
236 4783 288 4846 ’γπὸ
306 4785 400 4858 eipecm
423 4783 582 4854 husporrr'scur
606 4784 670 4840 heae
691 4786 779 4840 sonic-
832 4806 889 4842 eum
901 4787 928 4840 B
939 4787 1062 4854 (Ausult
1079 4785 1118 4852 τῷ
1137 4782 1415 4841 introeuntibus
1435 4804 1517 4855 χρεω-

91 4871 162 4908 rura
184 4854 200 4907 ir
219 4853 323 4926 Hirpos
347 4857 384 4910 sei
408 4856 508 4911 norico)
531 4855 654 4912 testeus
676 4855 716 4912 ἐπὶ
740 4857 779 4925 τῷ
833 4855 935 4919 crciari
954 4856 1068 4920 brueriis
1088 4857 1126 4912 eei
1145 4855 1186 4921 'so'
1204 4857 1241 4912 ‘esi
1260 4857 1327 4929 xpier
1347 4859 1385 4912 eei
1400 4855 1440 4912 tm·
1453 4875 1517 4912 rrcrs

89 4925 190 4997 Πέτρῳ
203 4927 350 4994 limaces.)
393 4926 621 4998 Sobhgaiionem
639 4929 666 4982 F
675 4929 680 4996 Ι
696 4943 729 4983 ec
746 4928 780 4998 ei]
834 4929 872 4984 rut
891 4927 931 4983 'sui
949 4929 1023 4984 triers
1042 4927 1165 4984 iedrmcrs
1183 4929 1272 4993 uersis,
1291 4928 1413 4998 pluribus
1427 4929 1472 4992 Ρ,
1490 4932 1519 4982 et

89 5012 128 5053 ac
145 4997 170 5052 si
187 5011 222 5053 ea
239 4997 276 5051 Ρ)
320 4999 355 5053 10
371 4993 424 5054 hoc
441 5018 490 5054 om.
503 5000 540 5053 Ρ
589 5001 622 5056 13
640 4999 731 5069 quod*
744 4999 781 5052 F’
832 4999 955 5070 pluribus
973 4999 1158 5055 museto
1217 5001 1253 5056 44
1271 5000 1451 5070 acceptioli',
1474 5013 1518 5054 ao·

88 5070 129 5127 23
151 5067 315 5141 stipuleudis
337 5069 362 5125 si
379 5071 405 5124 F
469 5071 505 5126 30
527 5085 577 5142 pro
599 5069 780 5142 superuacuo]
833 5071 971 5142 ceptilatio
988 5070 1130 5128 XYMOO
1251 5157 1312 5218 ῳ

1311 5247 1330 5282 δ
