<?xml version="1.0" encoding="UTF-8"?>
<!DOCTYPE html PUBLIC "-//W3C//DTD XHTML 1.0 Transitional//EN"
    "http://www.w3.org/TR/xhtml1/DTD/xhtml1-transitional.dtd">
<html xmlns="http://www.w3.org/1999/xhtml" xml:lang="en" lang="en">
 <head>
  <title>
</title>
<meta http-equiv="Content-Type" content="text/html;charset=utf-8" />
  <meta name='ocr-system' content='tesseract 3.04.00' />
  <meta name='ocr-capabilities' content='ocr_page ocr_carea ocr_par ocr_line ocrx_word'/>
</head>
<body>
  <div class='ocr_page' id='page_1' title='image "./digestaiustinia00kruegoog_0492.png"; bbox 0 0 3600 5460; ppageno 0'>
   <div class='ocr_carea' id='block_1_1' title="bbox 129 263 1413 342">
    <p class='ocr_par' dir='ltr' id='par_1_1' title="bbox 129 263 1413 342">
     <span class='ocr_line' id='line_1_1' title="bbox 129 263 1413 342; baseline -0.001 -9"><span class='ocrx_word' id='word_1_1' title='bbox 129 267 206 334; x_wconf 75' lang='lat' dir='ltr'>arur</span> <span class='ocrx_word' id='word_1_2' title='bbox 229 285 339 334; x_wconf 75' lang='lat' dir='ltr'>causa</span> <span class='ocrx_word' id='word_1_3' title='bbox 653 263 740 342; x_wconf 78' lang='grc'>477</span> <span class='ocrx_word' id='word_1_4' title='bbox 1126 268 1248 336; x_wconf 84' lang='lat' dir='ltr'>XXXX</span> <span class='ocrx_word' id='word_1_5' title='bbox 1272 271 1312 338; x_wconf 88' lang='grc'>12</span> <span class='ocrx_word' id='word_1_6' title='bbox 1333 278 1413 332; x_wconf 76' lang='grc'>7-9</span> 
     </span>
    </p>
   </div>
   <div class='ocr_carea' id='block_1_2' title="bbox 129 421 1539 4224">
    <p class='ocr_par' dir='ltr' id='par_1_2' title="bbox 129 421 1539 4224">
     <span class='ocr_line' id='line_1_2' title="bbox 134 421 1412 510; baseline 0.002 -31"><span class='ocrx_word' id='word_1_7' title='bbox 134 425 196 494; x_wconf 89' lang='lat' dir='ltr'>quis</span> <span class='ocrx_word' id='word_1_8' title='bbox 218 424 308 480; x_wconf 88' lang='lat' dir='ltr'>scions</span> <span class='ocrx_word' id='word_1_9' title='bbox 330 423 445 480; x_wconf 90' lang='lat' dir='ltr'>liberum</span> <span class='ocrx_word' id='word_1_10' title='bbox 468 424 577 494; x_wconf 83' lang='lat' dir='ltr'>emerit,</span> <span class='ocrx_word' id='word_1_11' title='bbox 600 439 655 480; x_wconf 93' lang='lat' dir='ltr'>non</span> <span class='ocrx_word' id='word_1_12' title='bbox 672 424 827 494; x_wconf 84' lang='lat' dir='ltr'>denegatur</span> <span class='ocrx_word' id='word_1_13' title='bbox 844 425 957 480; x_wconf 86' lang='lat' dir='ltr'>uendite</span> <span class='ocrx_word' id='word_1_14' title='bbox 975 425 1004 480; x_wconf 91' lang='lat' dir='ltr'>iu</span> <span class='ocrx_word' id='word_1_15' title='bbox 1022 425 1175 481; x_wconf 86' lang='lat' dir='ltr'>libertatem</span> <span class='ocrx_word' id='word_1_16' title='bbox 1194 443 1255 496; x_wconf 91' lang='lat' dir='ltr'>pro·</span> <span class='ocrx_word' id='word_1_17' title='bbox 1274 421 1412 510; x_wconf 56' lang='lat' dir='ltr'><em>Q</em></span> 
     </span>
     <span class='ocr_line' id='line_1_3' title="bbox 129 513 1413 585; baseline 0.002 -17"><span class='ocrx_word' id='word_1_18' title='bbox 129 513 262 569; x_wconf 74' lang='lat' dir='ltr'>aduersru</span> <span class='ocrx_word' id='word_1_19' title='bbox 280 528 342 569; x_wconf 90' lang='lat' dir='ltr'>eum</span> <span class='ocrx_word' id='word_1_20' title='bbox 361 514 407 583; x_wconf 92' lang='lat' dir='ltr'>qui</span> <span class='ocrx_word' id='word_1_21' title='bbox 426 528 489 568; x_wconf 91' lang='lat' dir='ltr'>eum</span> <span class='ocrx_word' id='word_1_22' title='bbox 508 514 692 583; x_wconf 87' lang='lat' dir='ltr'>comparauit,</span> <span class='ocrx_word' id='word_1_23' title='bbox 717 514 849 584; x_wconf 88' lang='lat' dir='ltr'>cuiusque</span> <span class='ocrx_word' id='word_1_24' title='bbox 868 515 904 568; x_wconf 91' lang='lat' dir='ltr'>sit</span> <span class='ocrx_word' id='word_1_25' title='bbox 922 515 1021 570; x_wconf 88' lang='lat' dir='ltr'>astatis</span> <span class='ocrx_word' id='word_1_26' title='bbox 1039 515 1086 584; x_wconf 93' lang='lat' dir='ltr'>qui</span> <span class='ocrx_word' id='word_1_27' title='bbox 1104 518 1214 585; x_wconf 88' lang='lat' dir='ltr'>emptus</span> <span class='ocrx_word' id='word_1_28' title='bbox 1232 518 1288 585; x_wconf 88' lang='lat' dir='ltr'>est,</span> <span class='ocrx_word' id='word_1_29' title='bbox 1311 515 1413 570; x_wconf 87' lang='lat' dir='ltr'>idcirco</span> 
     </span>
     <span class='ocr_line' id='line_1_4' title="bbox 142 602 1413 674; baseline 0 -16"><span class='ocrx_word' id='word_1_30' title='bbox 142 607 185 658; x_wconf 88' lang='lat' dir='ltr'>est</span> <span class='ocrx_word' id='word_1_31' title='bbox 207 602 289 658; x_wconf 88' lang='lat' dir='ltr'>nenia</span> <span class='ocrx_word' id='word_1_32' title='bbox 311 602 411 672; x_wconf 88' lang='lat' dir='ltr'>dignus</span> <span class='ocrx_word' id='word_1_33' title='bbox 435 602 482 672; x_wconf 88' lang='lat' dir='ltr'>qui</span> <span class='ocrx_word' id='word_1_34' title='bbox 505 602 584 671; x_wconf 89' lang='lat' dir='ltr'>emit,</span> <span class='ocrx_word' id='word_1_35' title='bbox 609 602 716 656; x_wconf 86' lang='lat' dir='ltr'>etiamsi</span> <span class='ocrx_word' id='word_1_36' title='bbox 739 603 870 658; x_wconf 73' lang='lat' dir='ltr'>scientem</span> <span class='ocrx_word' id='word_1_37' title='bbox 890 603 1107 674; x_wconf 82' lang='lat' dir='ltr'>prudentemque</span> <span class='ocrx_word' id='word_1_38' title='bbox 1125 618 1156 658; x_wconf 92' lang='lat' dir='ltr'>se</span> <span class='ocrx_word' id='word_1_39' title='bbox 1174 602 1289 658; x_wconf 89' lang='lat' dir='ltr'>liberum</span> <span class='ocrx_word' id='word_1_40' title='bbox 1308 605 1413 658; x_wconf 88' lang='lat' dir='ltr'>emerit.</span> 
     </span>
     <span class='ocr_line' id='line_1_5' title="bbox 135 689 1446 762; baseline 0.002 -17"><span class='ocrx_word' id='word_1_41' title='bbox 135 691 159 745; x_wconf 95' lang='lat' dir='ltr'>si</span> <span class='ocrx_word' id='word_1_42' title='bbox 177 697 275 761; x_wconf 88' lang='lat' dir='ltr'>postea</span> <span class='ocrx_word' id='word_1_43' title='bbox 293 691 362 746; x_wconf 90' lang='lat' dir='ltr'>alius</span> <span class='ocrx_word' id='word_1_44' title='bbox 380 706 442 746; x_wconf 89' lang='lat' dir='ltr'>sum</span> <span class='ocrx_word' id='word_1_45' title='bbox 461 691 558 745; x_wconf 84' lang='lat' dir='ltr'>emerit</span> <span class='ocrx_word' id='word_1_46' title='bbox 572 689 607 746; x_wconf 85' lang='lat' dir='ltr'>ab</span> <span class='ocrx_word' id='word_1_47' title='bbox 620 691 680 761; x_wconf 91' lang='lat' dir='ltr'>hoo,</span> <span class='ocrx_word' id='word_1_48' title='bbox 699 692 747 761; x_wconf 90' lang='lat' dir='ltr'>qni</span> <span class='ocrx_word' id='word_1_49' title='bbox 759 693 849 762; x_wconf 89' lang='lat' dir='ltr'>sciuit,</span> <span class='ocrx_word' id='word_1_50' title='bbox 867 692 1005 761; x_wconf 86' lang='lat' dir='ltr'>ignorans,</span> <span class='ocrx_word' id='word_1_51' title='bbox 1024 691 1187 761; x_wconf 86' lang='lat' dir='ltr'>deneganda</span> <span class='ocrx_word' id='word_1_52' title='bbox 1199 697 1242 747; x_wconf 91' lang='lat' dir='ltr'>est</span> <span class='ocrx_word' id='word_1_53' title='bbox 1254 693 1279 746; x_wconf 89' lang='lat' dir='ltr'>ei</span> <span class='ocrx_word' id='word_1_54' title='bbox 1291 691 1411 747; x_wconf 88' lang='lat' dir='ltr'>libertas.</span> <span class='ocrx_word' id='word_1_55' title='bbox 1432 702 1446 741; x_wconf 78' lang='grc'><strong>4</strong></span> 
     </span>
     <span class='ocr_line' id='line_1_6' title="bbox 129 779 1517 850; baseline 0 -16"><span class='ocrx_word' id='word_1_56' title='bbox 129 781 177 834; x_wconf 83' lang='lat' dir='ltr'>nul</span> <span class='ocrx_word' id='word_1_57' title='bbox 195 779 325 850; x_wconf 76' lang='lat' dir='ltr'>emelrint</span> <span class='ocrx_word' id='word_1_58' title='bbox 342 783 448 850; x_wconf 89' lang='lat' dir='ltr'>partes,</span> <span class='ocrx_word' id='word_1_59' title='bbox 467 781 537 834; x_wconf 85' lang='lat' dir='ltr'>alter</span> <span class='ocrx_word' id='word_1_60' title='bbox 555 780 658 849; x_wconf 88' lang='lat' dir='ltr'>sciens,</span> <span class='ocrx_word' id='word_1_61' title='bbox 678 781 746 835; x_wconf 83' lang='lat' dir='ltr'>alter</span> <span class='ocrx_word' id='word_1_62' title='bbox 763 781 907 850; x_wconf 86' lang='lat' dir='ltr'>ignorans,</span> <span class='ocrx_word' id='word_1_63' title='bbox 927 779 1075 836; x_wconf 88' lang='lat' dir='ltr'>uidendum</span> <span class='ocrx_word' id='word_1_64' title='bbox 1094 781 1155 849; x_wconf 88' lang='lat' dir='ltr'>erit,</span> <span class='ocrx_word' id='word_1_65' title='bbox 1173 781 1305 850; x_wconf 84' lang='lat' dir='ltr'>numquid</span> <span class='ocrx_word' id='word_1_66' title='bbox 1323 781 1347 836; x_wconf 90' lang='lat' dir='ltr'>is</span> <span class='ocrx_word' id='word_1_67' title='bbox 1366 781 1412 850; x_wconf 91' lang='lat' dir='ltr'>qui</span> <span class='ocrx_word' id='word_1_68' title='bbox 1430 785 1447 832; x_wconf 88' lang='lat' dir='ltr'>t</span> <span class='ocrx_word' id='word_1_69' title='bbox 1458 787 1517 834; x_wconf 41' lang='lat'>237*</span> 
     </span>
     <span class='ocr_line' id='line_1_7' title="bbox 129 867 1412 940; baseline 0 -16"><span class='ocrx_word' id='word_1_70' title='bbox 129 867 227 924; x_wconf 85' lang='lat' dir='ltr'>debeat</span> <span class='ocrx_word' id='word_1_71' title='bbox 250 883 349 924; x_wconf 89' lang='lat' dir='ltr'>nocere</span> <span class='ocrx_word' id='word_1_72' title='bbox 371 868 521 938; x_wconf 74' lang='lat' dir='ltr'>ignoranti:</span> <span class='ocrx_word' id='word_1_73' title='bbox 544 868 620 937; x_wconf 92' lang='lat' dir='ltr'>quod</span> <span class='ocrx_word' id='word_1_74' title='bbox 642 867 752 938; x_wconf 88' lang='lat' dir='ltr'>quidem</span> <span class='ocrx_word' id='word_1_75' title='bbox 776 869 865 938; x_wconf 86' lang='lat' dir='ltr'>magis</span> <span class='ocrx_word' id='word_1_76' title='bbox 889 873 940 926; x_wconf 88' lang='lat' dir='ltr'>est.</span> <span class='ocrx_word' id='word_1_77' title='bbox 971 869 1021 925; x_wconf 90' lang='lat' dir='ltr'>sed</span> <span class='ocrx_word' id='word_1_78' title='bbox 1046 869 1118 924; x_wconf 90' lang='lat' dir='ltr'>enim</span> <span class='ocrx_word' id='word_1_79' title='bbox 1141 870 1188 924; x_wconf 91' lang='lat' dir='ltr'>illa</span> <span class='ocrx_word' id='word_1_80' title='bbox 1210 871 1262 924; x_wconf 88' lang='lat' dir='ltr'>erit</span> <span class='ocrx_word' id='word_1_81' title='bbox 1279 870 1412 940; x_wconf 81' lang='lat' dir='ltr'>quaestio,</span> 
     </span>
     <span class='ocr_line' id='line_1_8' title="bbox 129 941 1493 1028; baseline 0.001 -16"><span class='ocrx_word' id='word_1_82' title='bbox 129 958 192 1012; x_wconf 83' lang='lat' dir='ltr'>rlsm</span> <span class='ocrx_word' id='word_1_83' title='bbox 209 956 323 1013; x_wconf 82' lang='lat' dir='ltr'>hebebit</span> <span class='ocrx_word' id='word_1_84' title='bbox 339 958 363 1012; x_wconf 91' lang='lat' dir='ltr'>is</span> <span class='ocrx_word' id='word_1_85' title='bbox 381 957 428 1026; x_wconf 90' lang='lat' dir='ltr'>qui</span> <span class='ocrx_word' id='word_1_86' title='bbox 446 957 585 1026; x_wconf 88' lang='lat' dir='ltr'>ignorauit</span> <span class='ocrx_word' id='word_1_87' title='bbox 602 973 637 1012; x_wconf 89' lang='lat' dir='ltr'>an</span> <span class='ocrx_word' id='word_1_88' title='bbox 655 957 765 1012; x_wconf 87' lang='lat' dir='ltr'>totum?</span> <span class='ocrx_word' id='word_1_89' title='bbox 798 957 910 1028; x_wconf 90' lang='lat' dir='ltr'>etquid</span> <span class='ocrx_word' id='word_1_90' title='bbox 929 959 1051 1014; x_wconf 90' lang='lat' dir='ltr'>dicemus</span> <span class='ocrx_word' id='word_1_91' title='bbox 1070 958 1105 1012; x_wconf 90' lang='lat' dir='ltr'>dc</span> <span class='ocrx_word' id='word_1_92' title='bbox 1123 958 1292 1028; x_wconf 81' lang='lat' dir='ltr'>sliaparte?</span> <span class='ocrx_word' id='word_1_93' title='bbox 1324 974 1359 1013; x_wconf 86' lang='lat' dir='ltr'>sn</span> <span class='ocrx_word' id='word_1_94' title='bbox 1377 957 1413 1012; x_wconf 87' lang='lat' dir='ltr'>ad</span> <span class='ocrx_word' id='word_1_95' title='bbox 1486 941 1493 952; x_wconf 79' lang='grc'><strong>’</strong></span> 
     </span>
     <span class='ocr_line' id='line_1_9' title="bbox 129 1044 1413 1128; baseline 0 -28"><span class='ocrx_word' id='word_1_96' title='bbox 129 1045 175 1100; x_wconf 77' lang='lat' dir='ltr'>icit</span> <span class='ocrx_word' id='word_1_97' title='bbox 192 1045 346 1128; x_wconf 77' lang='lat' dir='ltr'>pertineat?</span> <span class='ocrx_word' id='word_1_98' title='bbox 373 1045 423 1100; x_wconf 90' lang='lat' dir='ltr'>sed</span> <span class='ocrx_word' id='word_1_99' title='bbox 441 1046 486 1100; x_wconf 89' lang='lat' dir='ltr'>illc</span> <span class='ocrx_word' id='word_1_100' title='bbox 504 1045 633 1115; x_wconf 89' lang='lat' dir='ltr'>indignus</span> <span class='ocrx_word' id='word_1_101' title='bbox 651 1051 695 1100; x_wconf 90' lang='lat' dir='ltr'>est</span> <span class='ocrx_word' id='word_1_102' title='bbox 712 1045 778 1115; x_wconf 88' lang='lat' dir='ltr'>quid</span> <span class='ocrx_word' id='word_1_103' title='bbox 796 1044 906 1117; x_wconf 84' lang='lat' dir='ltr'>habere,</span> <span class='ocrx_word' id='word_1_104' title='bbox 924 1047 990 1116; x_wconf 88' lang='lat' dir='ltr'>quia</span> <span class='ocrx_word' id='word_1_105' title='bbox 1007 1047 1097 1102; x_wconf 91' lang='lat' dir='ltr'>sciens</span> <span class='ocrx_word' id='word_1_106' title='bbox 1115 1049 1219 1102; x_wconf 86' lang='lat' dir='ltr'>emerit.</span> <span class='ocrx_word' id='word_1_107' title='bbox 1246 1062 1353 1102; x_wconf 89' lang='lat' dir='ltr'>rursum</span> <span class='ocrx_word' id='word_1_108' title='bbox 1367 1045 1413 1114; x_wconf 89' lang='lat' dir='ltr'>qui</span> 
     </span>
     <span class='ocr_line' id='line_1_10' title="bbox 138 1133 1414 1205; baseline -0.001 -15"><span class='ocrx_word' id='word_1_109' title='bbox 138 1149 194 1190; x_wconf 90' lang='lat' dir='ltr'>uon</span> <span class='ocrx_word' id='word_1_110' title='bbox 211 1139 304 1204; x_wconf 91' lang='lat' dir='ltr'>potest</span> <span class='ocrx_word' id='word_1_111' title='bbox 321 1135 451 1190; x_wconf 88' lang='lat' dir='ltr'>maiorem</span> <span class='ocrx_word' id='word_1_112' title='bbox 469 1139 575 1203; x_wconf 82' lang='lat' dir='ltr'>partem</span> <span class='ocrx_word' id='word_1_113' title='bbox 594 1134 707 1190; x_wconf 89' lang='lat' dir='ltr'>dominii</span> <span class='ocrx_word' id='word_1_114' title='bbox 724 1133 825 1190; x_wconf 87' lang='lat' dir='ltr'>habere</span> <span class='ocrx_word' id='word_1_115' title='bbox 837 1150 920 1204; x_wconf 88' lang='lat' dir='ltr'>qnam</span> <span class='ocrx_word' id='word_1_116' title='bbox 932 1135 1012 1191; x_wconf 90' lang='lat' dir='ltr'>emit:</span> <span class='ocrx_word' id='word_1_117' title='bbox 1031 1137 1124 1192; x_wconf 91' lang='lat' dir='ltr'>euenit</span> <span class='ocrx_word' id='word_1_118' title='bbox 1136 1136 1227 1205; x_wconf 90' lang='lat' dir='ltr'>igitur,</span> <span class='ocrx_word' id='word_1_119' title='bbox 1246 1141 1278 1190; x_wconf 91' lang='lat' dir='ltr'>ut</span> <span class='ocrx_word' id='word_1_120' title='bbox 1288 1135 1315 1191; x_wconf 92' lang='lat' dir='ltr'>ei</span> <span class='ocrx_word' id='word_1_121' title='bbox 1327 1135 1414 1205; x_wconf 89' lang='lat' dir='ltr'>prosit</span> 
     </span>
     <span class='ocr_line' id='line_1_11' title="bbox 129 1223 1461 1294; baseline -0.002 -16"><span class='ocrx_word' id='word_1_122' title='bbox 129 1224 291 1293; x_wconf 74' lang='lat' dir='ltr'>comparauit</span> <span class='ocrx_word' id='word_1_123' title='bbox 309 1223 407 1292; x_wconf 90' lang='lat' dir='ltr'>sciens,</span> <span class='ocrx_word' id='word_1_124' title='bbox 425 1223 500 1293; x_wconf 91' lang='lat' dir='ltr'>quod</span> <span class='ocrx_word' id='word_1_125' title='bbox 518 1224 588 1278; x_wconf 86' lang='lat' dir='ltr'>alius</span> <span class='ocrx_word' id='word_1_126' title='bbox 606 1223 752 1293; x_wconf 88' lang='lat' dir='ltr'>ignorauit.</span> <span class='ocrx_word' id='word_1_127' title='bbox 781 1223 852 1280; x_wconf 84' lang='lat' dir='ltr'>Sunt</span> <span class='ocrx_word' id='word_1_128' title='bbox 870 1227 899 1278; x_wconf 90' lang='lat' dir='ltr'>et</span> <span class='ocrx_word' id='word_1_129' title='bbox 917 1224 986 1279; x_wconf 84' lang='lat' dir='ltr'>eliae</span> <span class='ocrx_word' id='word_1_130' title='bbox 1004 1239 1114 1294; x_wconf 87' lang='lat' dir='ltr'>causae,</span> <span class='ocrx_word' id='word_1_131' title='bbox 1133 1239 1167 1280; x_wconf 87' lang='lat' dir='ltr'>ex</span> <span class='ocrx_word' id='word_1_132' title='bbox 1182 1223 1282 1294; x_wconf 91' lang='lat' dir='ltr'>quibus</span> <span class='ocrx_word' id='word_1_133' title='bbox 1294 1224 1321 1278; x_wconf 93' lang='lat' dir='ltr'>in</span> <span class='ocrx_word' id='word_1_134' title='bbox 1333 1223 1412 1280; x_wconf 89' lang='lat' dir='ltr'>liber·</span> <span class='ocrx_word' id='word_1_135' title='bbox 1432 1236 1461 1276; x_wconf 88' lang='lat' dir='ltr'>ro</span> 
     </span>
     <span class='ocr_line' id='line_1_12' title="bbox 129 1303 1536 1388; baseline -0.001 -21"><span class='ocrx_word' id='word_1_136' title='bbox 129 1312 255 1367; x_wconf 87' lang='lat' dir='ltr'>clamatio</span> <span class='ocrx_word' id='word_1_137' title='bbox 273 1311 434 1382; x_wconf 86' lang='lat' dir='ltr'>denegatur,</span> <span class='ocrx_word' id='word_1_138' title='bbox 452 1312 538 1366; x_wconf 91' lang='lat' dir='ltr'>uoluti</span> <span class='ocrx_word' id='word_1_139' title='bbox 556 1313 580 1366; x_wconf 91' lang='lat' dir='ltr'>si</span> <span class='ocrx_word' id='word_1_140' title='bbox 598 1313 660 1382; x_wconf 91' lang='lat' dir='ltr'>quis</span> <span class='ocrx_word' id='word_1_141' title='bbox 678 1327 713 1367; x_wconf 87' lang='lat' dir='ltr'>ex</span> <span class='ocrx_word' id='word_1_142' title='bbox 729 1328 763 1368; x_wconf 91' lang='lat' dir='ltr'>eo</span> <span class='ocrx_word' id='word_1_143' title='bbox 773 1317 942 1388; x_wconf 67' lang='lat' dir='ltr'>testamento</span> <span class='ocrx_word' id='word_1_144' title='bbox 954 1312 1022 1368; x_wconf 90' lang='lat' dir='ltr'>liber</span> <span class='ocrx_word' id='word_1_145' title='bbox 1034 1328 1096 1369; x_wconf 88' lang='lat' dir='ltr'>esse</span> <span class='ocrx_word' id='word_1_146' title='bbox 1109 1313 1224 1383; x_wconf 86' lang='lat' dir='ltr'>dicatur,</span> <span class='ocrx_word' id='word_1_147' title='bbox 1242 1312 1316 1383; x_wconf 94' lang='lat' dir='ltr'>quod</span> <span class='ocrx_word' id='word_1_148' title='bbox 1328 1316 1412 1367; x_wconf 86' lang='lat' dir='ltr'>testa·</span> <span class='ocrx_word' id='word_1_149' title='bbox 1533 1303 1536 1312; x_wconf 60' lang='lat'><strong>⁴</strong></span> 
     </span>
     <span class='ocr_line' id='line_1_13' title="bbox 129 1400 1413 1471; baseline -0.001 -16"><span class='ocrx_word' id='word_1_150' title='bbox 129 1401 218 1471; x_wconf 77' lang='lat' dir='ltr'>speriti</span> <span class='ocrx_word' id='word_1_151' title='bbox 236 1405 347 1470; x_wconf 84' lang='lat' dir='ltr'>praetor</span> <span class='ocrx_word' id='word_1_152' title='bbox 364 1405 454 1470; x_wconf 87' lang='lat' dir='ltr'>uetat,</span> <span class='ocrx_word' id='word_1_153' title='bbox 479 1401 544 1470; x_wconf 89' lang='lat' dir='ltr'>qnia</span> <span class='ocrx_word' id='word_1_154' title='bbox 561 1403 678 1456; x_wconf 84' lang='lat' dir='ltr'>testator</span> <span class='ocrx_word' id='word_1_155' title='bbox 696 1417 713 1456; x_wconf 84' lang='lat' dir='ltr'>a</span> <span class='ocrx_word' id='word_1_156' title='bbox 731 1400 835 1457; x_wconf 76' lang='lat' dir='ltr'>inmitia</span> <span class='ocrx_word' id='word_1_157' title='bbox 852 1405 968 1456; x_wconf 87' lang='lat' dir='ltr'>necatus</span> <span class='ocrx_word' id='word_1_158' title='bbox 986 1417 1048 1458; x_wconf 90' lang='lat' dir='ltr'>esse</span> <span class='ocrx_word' id='word_1_159' title='bbox 1066 1403 1188 1457; x_wconf 89' lang='lat' dir='ltr'>dicatur:</span> <span class='ocrx_word' id='word_1_160' title='bbox 1212 1417 1274 1457; x_wconf 88' lang='lat' dir='ltr'>cum</span> <span class='ocrx_word' id='word_1_161' title='bbox 1294 1401 1366 1456; x_wconf 85' lang='lat' dir='ltr'>enim</span> <span class='ocrx_word' id='word_1_162' title='bbox 1384 1400 1413 1455; x_wconf 93' lang='lat' dir='ltr'>in</span> 
     </span>
     <span class='ocr_line' id='line_1_14' title="bbox 129 1487 1413 1560; baseline 0.002 -20"><span class='ocrx_word' id='word_1_163' title='bbox 129 1509 145 1559; x_wconf 65' lang='grc' dir='ltr'>ι,</span> <span class='ocrx_word' id='word_1_164' title='bbox 164 1494 196 1544; x_wconf 91' lang='lat' dir='ltr'>ut</span> <span class='ocrx_word' id='word_1_165' title='bbox 213 1491 347 1560; x_wconf 91' lang='lat' dir='ltr'>supplicio</span> <span class='ocrx_word' id='word_1_166' title='bbox 365 1489 436 1546; x_wconf 80' lang='lat' dir='ltr'>torte</span> <span class='ocrx_word' id='word_1_167' title='bbox 454 1489 490 1544; x_wconf 90' lang='lat' dir='ltr'>sit</span> <span class='ocrx_word' id='word_1_168' title='bbox 508 1487 690 1559; x_wconf 86' lang='lat' dir='ltr'>adficiendus,</span> <span class='ocrx_word' id='word_1_169' title='bbox 711 1505 767 1545; x_wconf 89' lang='lat' dir='ltr'>non</span> <span class='ocrx_word' id='word_1_170' title='bbox 785 1490 868 1546; x_wconf 89' lang='lat' dir='ltr'>debet</span> <span class='ocrx_word' id='word_1_171' title='bbox 885 1491 997 1546; x_wconf 88' lang='lat' dir='ltr'>liberale</span> <span class='ocrx_word' id='word_1_172' title='bbox 1015 1491 1145 1546; x_wconf 89' lang='lat' dir='ltr'>indicium</span> <span class='ocrx_word' id='word_1_173' title='bbox 1165 1491 1190 1545; x_wconf 90' lang='lat' dir='ltr'>ei</span> <span class='ocrx_word' id='word_1_174' title='bbox 1209 1489 1332 1546; x_wconf 88' lang='lat' dir='ltr'>concedi.</span> <span class='ocrx_word' id='word_1_175' title='bbox 1362 1487 1413 1544; x_wconf 90' lang='lat' dir='ltr'>sed</span> 
     </span>
     <span class='ocr_line' id='line_1_15' title="bbox 144 1576 1412 1650; baseline -0.001 -17"><span class='ocrx_word' id='word_1_176' title='bbox 144 1576 235 1650; x_wconf 80' lang='lat' dir='ltr'>suerit,</span> <span class='ocrx_word' id='word_1_177' title='bbox 253 1579 318 1649; x_wconf 88' lang='lat' dir='ltr'>quia</span> <span class='ocrx_word' id='word_1_178' title='bbox 335 1578 485 1648; x_wconf 69' lang='lat' dir='ltr'>dubitatum,</span> <span class='ocrx_word' id='word_1_179' title='bbox 505 1583 596 1633; x_wconf 89' lang='lat' dir='ltr'>utrum</span> <span class='ocrx_word' id='word_1_180' title='bbox 616 1593 718 1634; x_wconf 90' lang='lat' dir='ltr'>nocens</span> <span class='ocrx_word' id='word_1_181' title='bbox 736 1580 773 1634; x_wconf 90' lang='lat' dir='ltr'>sit</span> <span class='ocrx_word' id='word_1_182' title='bbox 791 1596 826 1635; x_wconf 86' lang='lat' dir='ltr'>an</span> <span class='ocrx_word' id='word_1_183' title='bbox 844 1580 983 1650; x_wconf 90' lang='lat' dir='ltr'>innocens,</span> <span class='ocrx_word' id='word_1_184' title='bbox 1003 1580 1128 1634; x_wconf 82' lang='lat' dir='ltr'>differtur</span> <span class='ocrx_word' id='word_1_185' title='bbox 1144 1578 1256 1634; x_wconf 83' lang='lat' dir='ltr'>liberale</span> <span class='ocrx_word' id='word_1_186' title='bbox 1272 1577 1412 1646; x_wconf 90' lang='lat' dir='ltr'>iudicium,</span> 
     </span>
     <span class='ocr_line' id='line_1_16' title="bbox 129 1661 1460 1751; baseline -0.002 -29"><span class='ocrx_word' id='word_1_187' title='bbox 129 1671 192 1722; x_wconf 84' lang='lat' dir='ltr'>rstet</span> <span class='ocrx_word' id='word_1_188' title='bbox 213 1667 249 1722; x_wconf 90' lang='lat' dir='ltr'>de</span> <span class='ocrx_word' id='word_1_189' title='bbox 272 1671 360 1722; x_wconf 87' lang='lat' dir='ltr'>morte</span> <span class='ocrx_word' id='word_1_190' title='bbox 379 1667 450 1736; x_wconf 92' lang='lat' dir='ltr'>cius,</span> <span class='ocrx_word' id='word_1_191' title='bbox 474 1667 522 1736; x_wconf 92' lang='lat' dir='ltr'>qui</span> <span class='ocrx_word' id='word_1_192' title='bbox 539 1671 655 1722; x_wconf 86' lang='lat' dir='ltr'>necatus</span> <span class='ocrx_word' id='word_1_193' title='bbox 673 1671 731 1721; x_wconf 88' lang='lat' dir='ltr'>est:</span> <span class='ocrx_word' id='word_1_194' title='bbox 755 1668 899 1738; x_wconf 74' lang='lat' dir='ltr'>apparebit</span> <span class='ocrx_word' id='word_1_195' title='bbox 917 1669 1002 1739; x_wconf 85' lang='lat' dir='ltr'>cuim,</span> <span class='ocrx_word' id='word_1_196' title='bbox 1027 1674 1119 1724; x_wconf 90' lang='lat' dir='ltr'>utrum</span> <span class='ocrx_word' id='word_1_197' title='bbox 1137 1669 1271 1739; x_wconf 87' lang='lat' dir='ltr'>supplicio</span> <span class='ocrx_word' id='word_1_198' title='bbox 1289 1661 1411 1751; x_wconf 46' lang='grc' dir='ltr'>[ᾗῇ]</span> <span class='ocrx_word' id='word_1_199' title='bbox 1432 1679 1460 1720; x_wconf 82' lang='lat' dir='ltr'>rs</span> 
     </span>
     <span class='ocr_line' id='line_1_17' title="bbox 129 1754 1412 1828; baseline -0.001 -17"><span class='ocrx_word' id='word_1_200' title='bbox 129 1773 143 1811; x_wconf 91' lang='lat' dir='ltr'>s</span> <span class='ocrx_word' id='word_1_201' title='bbox 157 1756 241 1812; x_wconf 88' lang='lat' dir='ltr'>sitan</span> <span class='ocrx_word' id='word_1_202' title='bbox 253 1771 318 1811; x_wconf 90' lang='lat' dir='ltr'>non.</span> <span class='ocrx_word' id='word_1_203' title='bbox 345 1754 375 1810; x_wconf 90' lang='lat' dir='ltr'>Si</span> <span class='ocrx_word' id='word_1_204' title='bbox 387 1756 449 1826; x_wconf 92' lang='lat' dir='ltr'>quis</span> <span class='ocrx_word' id='word_1_205' title='bbox 461 1771 496 1810; x_wconf 82' lang='lat' dir='ltr'>os</span> <span class='ocrx_word' id='word_1_206' title='bbox 508 1756 641 1811; x_wconf 88' lang='lat' dir='ltr'>seruitute</span> <span class='ocrx_word' id='word_1_207' title='bbox 653 1755 681 1809; x_wconf 91' lang='lat' dir='ltr'>iu</span> <span class='ocrx_word' id='word_1_208' title='bbox 693 1754 847 1812; x_wconf 85' lang='lat' dir='ltr'>libertatem</span> <span class='ocrx_word' id='word_1_209' title='bbox 860 1758 1020 1828; x_wconf 88' lang='lat' dir='ltr'>proclamat,</span> <span class='ocrx_word' id='word_1_210' title='bbox 1039 1758 1164 1827; x_wconf 88' lang='lat' dir='ltr'>petitoris</span> <span class='ocrx_word' id='word_1_211' title='bbox 1176 1763 1269 1827; x_wconf 84' lang='lat' dir='ltr'>partes</span> <span class='ocrx_word' id='word_1_212' title='bbox 1281 1755 1412 1812; x_wconf 86' lang='lat' dir='ltr'>sustinet:</span> 
     </span>
     <span class='ocr_line' id='line_1_18' title="bbox 129 1843 1427 1916; baseline -0.001 -16"><span class='ocrx_word' id='word_1_213' title='bbox 129 1861 132 1900; x_wconf 92' lang='lat'>:</span> <span class='ocrx_word' id='word_1_214' title='bbox 150 1843 278 1901; x_wconf 87' lang='lat' dir='ltr'>libertate</span> <span class='ocrx_word' id='word_1_215' title='bbox 295 1845 324 1900; x_wconf 93' lang='lat' dir='ltr'>in</span> <span class='ocrx_word' id='word_1_216' title='bbox 342 1845 503 1900; x_wconf 87' lang='lat' dir='ltr'>seruitutem</span> <span class='ocrx_word' id='word_1_217' title='bbox 520 1849 639 1914; x_wconf 82' lang='lat' dir='ltr'>petatur,</span> <span class='ocrx_word' id='word_1_218' title='bbox 657 1844 682 1898; x_wconf 92' lang='lat' dir='ltr'>is</span> <span class='ocrx_word' id='word_1_219' title='bbox 700 1849 792 1914; x_wconf 90' lang='lat' dir='ltr'>partos</span> <span class='ocrx_word' id='word_1_220' title='bbox 811 1846 912 1902; x_wconf 89' lang='lat' dir='ltr'>actoris</span> <span class='ocrx_word' id='word_1_221' title='bbox 930 1847 1048 1902; x_wconf 88' lang='lat' dir='ltr'>sustinet</span> <span class='ocrx_word' id='word_1_222' title='bbox 1062 1847 1109 1916; x_wconf 91' lang='lat' dir='ltr'>qui</span> <span class='ocrx_word' id='word_1_223' title='bbox 1122 1861 1232 1902; x_wconf 90' lang='lat' dir='ltr'>seruum</span> <span class='ocrx_word' id='word_1_224' title='bbox 1245 1861 1324 1900; x_wconf 88' lang='lat' dir='ltr'>suum</span> <span class='ocrx_word' id='word_1_225' title='bbox 1337 1843 1427 1900; x_wconf 86' lang='lat' dir='ltr'>dicit.-</span> 
     </span>
     <span class='ocr_line' id='line_1_19' title="bbox 129 1932 1411 2005; baseline -0.002 -16"><span class='ocrx_word' id='word_1_226' title='bbox 129 1951 135 1989; x_wconf 89' lang='lat' dir='ltr'>r</span> <span class='ocrx_word' id='word_1_227' title='bbox 153 1933 189 1988; x_wconf 89' lang='lat' dir='ltr'>de</span> <span class='ocrx_word' id='word_1_228' title='bbox 206 1933 258 1989; x_wconf 90' lang='lat' dir='ltr'>hoc</span> <span class='ocrx_word' id='word_1_229' title='bbox 276 1933 410 1988; x_wconf 88' lang='lat' dir='ltr'>incertum</span> <span class='ocrx_word' id='word_1_230' title='bbox 429 1938 479 2004; x_wconf 87' lang='lat' dir='ltr'>cst,</span> <span class='ocrx_word' id='word_1_231' title='bbox 498 1939 530 1988; x_wconf 91' lang='lat' dir='ltr'>ut</span> <span class='ocrx_word' id='word_1_232' title='bbox 547 1933 635 2003; x_wconf 90' lang='lat' dir='ltr'>possit</span> <span class='ocrx_word' id='word_1_233' title='bbox 652 1933 781 1988; x_wconf 89' lang='lat' dir='ltr'>iudicium</span> <span class='ocrx_word' id='word_1_234' title='bbox 801 1934 924 1990; x_wconf 88' lang='lat' dir='ltr'>ordinem</span> <span class='ocrx_word' id='word_1_235' title='bbox 943 1935 1076 2005; x_wconf 86' lang='lat' dir='ltr'>accipere,</span> <span class='ocrx_word' id='word_1_236' title='bbox 1095 1934 1147 1990; x_wconf 86' lang='lat' dir='ltr'>boc</span> <span class='ocrx_word' id='word_1_237' title='bbox 1165 1940 1229 1990; x_wconf 89' lang='lat' dir='ltr'>aute</span> <span class='ocrx_word' id='word_1_238' title='bbox 1247 1932 1320 2004; x_wconf 86' lang='lat' dir='ltr'>apud</span> <span class='ocrx_word' id='word_1_239' title='bbox 1339 1947 1411 2002; x_wconf 90' lang='lat' dir='ltr'>eum,</span> 
     </span>
     <span class='ocr_line' id='line_1_20' title="bbox 129 2021 1413 2092; baseline -0.002 -14"><span class='ocrx_word' id='word_1_240' title='bbox 129 2027 227 2078; x_wconf 74' lang='lat' dir='ltr'>&gt;emate</span> <span class='ocrx_word' id='word_1_241' title='bbox 250 2022 410 2092; x_wconf 72' lang='lat' dir='ltr'>cogniturus</span> <span class='ocrx_word' id='word_1_242' title='bbox 429 2026 485 2092; x_wconf 89' lang='lat' dir='ltr'>est,</span> <span class='ocrx_word' id='word_1_243' title='bbox 510 2021 693 2092; x_wconf 83' lang='lat' dir='ltr'>disceptatur,</span> <span class='ocrx_word' id='word_1_244' title='bbox 717 2026 809 2078; x_wconf 88' lang='lat' dir='ltr'>utrum</span> <span class='ocrx_word' id='word_1_245' title='bbox 828 2038 863 2078; x_wconf 84' lang='lat' dir='ltr'>ex</span> <span class='ocrx_word' id='word_1_246' title='bbox 880 2022 1007 2078; x_wconf 85' lang='lat' dir='ltr'>libertate</span> <span class='ocrx_word' id='word_1_247' title='bbox 1025 2024 1053 2079; x_wconf 92' lang='lat' dir='ltr'>in</span> <span class='ocrx_word' id='word_1_248' title='bbox 1071 2025 1232 2079; x_wconf 87' lang='lat' dir='ltr'>seruitutem</span> <span class='ocrx_word' id='word_1_249' title='bbox 1250 2027 1299 2078; x_wconf 87' lang='lat' dir='ltr'>ant</span> <span class='ocrx_word' id='word_1_250' title='bbox 1317 2025 1413 2077; x_wconf 83' lang='lat' dir='ltr'>contra</span> 
     </span>
     <span class='ocr_line' id='line_1_21' title="bbox 129 2109 1459 2182; baseline -0.001 -16"><span class='ocrx_word' id='word_1_251' title='bbox 129 2111 176 2166; x_wconf 89' lang='lat' dir='ltr'>tsi</span> <span class='ocrx_word' id='word_1_252' title='bbox 194 2109 265 2166; x_wconf 87' lang='lat' dir='ltr'>iortc</span> <span class='ocrx_word' id='word_1_253' title='bbox 283 2112 441 2181; x_wconf 87' lang='lat' dir='ltr'>apparuerit</span> <span class='ocrx_word' id='word_1_254' title='bbox 459 2126 530 2180; x_wconf 92' lang='lat' dir='ltr'>cum,</span> <span class='ocrx_word' id='word_1_255' title='bbox 550 2111 597 2180; x_wconf 93' lang='lat' dir='ltr'>qui</span> <span class='ocrx_word' id='word_1_256' title='bbox 615 2110 650 2164; x_wconf 90' lang='lat' dir='ltr'>do</span> <span class='ocrx_word' id='word_1_257' title='bbox 668 2109 794 2166; x_wconf 84' lang='lat' dir='ltr'>libertate</span> <span class='ocrx_word' id='word_1_258' title='bbox 813 2127 865 2166; x_wconf 88' lang='lat' dir='ltr'>sua</span> <span class='ocrx_word' id='word_1_259' title='bbox 882 2113 980 2182; x_wconf 86' lang='lat' dir='ltr'>litigat,</span> <span class='ocrx_word' id='word_1_260' title='bbox 999 2113 1027 2166; x_wconf 93' lang='lat' dir='ltr'>in</span> <span class='ocrx_word' id='word_1_261' title='bbox 1045 2110 1171 2166; x_wconf 86' lang='lat' dir='ltr'>libertate</span> <span class='ocrx_word' id='word_1_262' title='bbox 1191 2111 1249 2166; x_wconf 92' lang='lat' dir='ltr'>sine</span> <span class='ocrx_word' id='word_1_263' title='bbox 1263 2111 1327 2166; x_wconf 89' lang='lat' dir='ltr'>dolo</span> <span class='ocrx_word' id='word_1_264' title='bbox 1340 2110 1412 2166; x_wconf 90' lang='lat' dir='ltr'>malo</span> <span class='ocrx_word' id='word_1_265' title='bbox 1430 2125 1459 2165; x_wconf 85' lang='lat' dir='ltr'>ro</span> 
     </span>
     <span class='ocr_line' id='line_1_22' title="bbox 144 2199 1411 2269; baseline 0 -15"><span class='ocrx_word' id='word_1_266' title='bbox 144 2201 191 2269; x_wconf 89' lang='lat' dir='ltr'>qui</span> <span class='ocrx_word' id='word_1_267' title='bbox 209 2215 239 2254; x_wconf 92' lang='lat' dir='ltr'>sc</span> <span class='ocrx_word' id='word_1_268' title='bbox 258 2199 398 2256; x_wconf 89' lang='lat' dir='ltr'>dominum</span> <span class='ocrx_word' id='word_1_269' title='bbox 416 2199 483 2254; x_wconf 90' lang='lat' dir='ltr'>dicit</span> <span class='ocrx_word' id='word_1_270' title='bbox 500 2200 600 2254; x_wconf 89' lang='lat' dir='ltr'>actoris</span> <span class='ocrx_word' id='word_1_271' title='bbox 612 2203 712 2269; x_wconf 66' lang='lat' dir='ltr'>&#39;partes</span> <span class='ocrx_word' id='word_1_272' title='bbox 730 2199 877 2256; x_wconf 77' lang='lat' dir='ltr'>sustinebit</span> <span class='ocrx_word' id='word_1_273' title='bbox 894 2205 923 2255; x_wconf 91' lang='lat' dir='ltr'>et</span> <span class='ocrx_word' id='word_1_274' title='bbox 940 2216 1054 2256; x_wconf 88' lang='lat' dir='ltr'>neeesse</span> <span class='ocrx_word' id='word_1_275' title='bbox 1072 2199 1185 2256; x_wconf 84' lang='lat' dir='ltr'>habebit</span> <span class='ocrx_word' id='word_1_276' title='bbox 1201 2215 1312 2255; x_wconf 87' lang='lat' dir='ltr'>sernum</span> <span class='ocrx_word' id='word_1_277' title='bbox 1330 2215 1411 2254; x_wconf 87' lang='lat' dir='ltr'>suum</span> 
     </span>
     <span class='ocr_line' id='line_1_23' title="bbox 129 2287 1410 2359; baseline 0 -17"><span class='ocrx_word' id='word_1_278' title='bbox 129 2288 237 2358; x_wconf 77' lang='lat' dir='ltr'>quodsi</span> <span class='ocrx_word' id='word_1_279' title='bbox 255 2289 460 2358; x_wconf 85' lang='lat' dir='ltr'>pronuntiatum</span> <span class='ocrx_word' id='word_1_280' title='bbox 480 2287 562 2344; x_wconf 83' lang='lat' dir='ltr'>suerit</span> <span class='ocrx_word' id='word_1_281' title='bbox 579 2303 613 2343; x_wconf 91' lang='lat' dir='ltr'>eo</span> <span class='ocrx_word' id='word_1_282' title='bbox 630 2292 767 2358; x_wconf 87' lang='lat' dir='ltr'>tompore,</span> <span class='ocrx_word' id='word_1_283' title='bbox 786 2304 840 2358; x_wconf 91' lang='lat' dir='ltr'>quo</span> <span class='ocrx_word' id='word_1_284' title='bbox 858 2289 891 2344; x_wconf 87' lang='lat' dir='ltr'>lis</span> <span class='ocrx_word' id='word_1_285' title='bbox 909 2288 1139 2359; x_wconf 76' lang='lat' dir='ltr'>praeparabatur,</span> <span class='ocrx_word' id='word_1_286' title='bbox 1157 2290 1185 2344; x_wconf 92' lang='lat' dir='ltr'>in</span> <span class='ocrx_word' id='word_1_287' title='bbox 1203 2288 1329 2344; x_wconf 86' lang='lat' dir='ltr'>libertate</span> <span class='ocrx_word' id='word_1_288' title='bbox 1347 2303 1410 2343; x_wconf 91' lang='lat' dir='ltr'>eum</span> 
     </span>
     <span class='ocr_line' id='line_1_24' title="bbox 129 2375 1411 2448; baseline -0.001 -17"><span class='ocrx_word' id='word_1_289' title='bbox 129 2403 130 2422; x_wconf 58' lang='grc' dir='ltr'><strong>ι</strong></span> <span class='ocrx_word' id='word_1_290' title='bbox 148 2379 198 2431; x_wconf 89' lang='lat' dir='ltr'>ant</span> <span class='ocrx_word' id='word_1_291' title='bbox 214 2376 278 2432; x_wconf 90' lang='lat' dir='ltr'>dolo</span> <span class='ocrx_word' id='word_1_292' title='bbox 297 2377 369 2432; x_wconf 88' lang='lat' dir='ltr'>malo</span> <span class='ocrx_word' id='word_1_293' title='bbox 387 2375 481 2446; x_wconf 82' lang='lat' dir='ltr'>fuisse,</span> <span class='ocrx_word' id='word_1_294' title='bbox 500 2377 558 2447; x_wconf 92' lang='lat' dir='ltr'>ipse</span> <span class='ocrx_word' id='word_1_295' title='bbox 577 2377 624 2446; x_wconf 89' lang='lat' dir='ltr'>qui</span> <span class='ocrx_word' id='word_1_296' title='bbox 642 2375 676 2430; x_wconf 90' lang='lat' dir='ltr'>de</span> <span class='ocrx_word' id='word_1_297' title='bbox 695 2393 746 2431; x_wconf 89' lang='lat' dir='ltr'>sua</span> <span class='ocrx_word' id='word_1_298' title='bbox 764 2377 889 2433; x_wconf 82' lang='lat' dir='ltr'>libertate</span> <span class='ocrx_word' id='word_1_299' title='bbox 906 2378 997 2448; x_wconf 86' lang='lat' dir='ltr'>litigat</span> <span class='ocrx_word' id='word_1_300' title='bbox 1015 2377 1099 2433; x_wconf 88' lang='lat' dir='ltr'>debet</span> <span class='ocrx_word' id='word_1_301' title='bbox 1115 2393 1145 2433; x_wconf 91' lang='lat' dir='ltr'>se</span> <span class='ocrx_word' id='word_1_302' title='bbox 1157 2377 1271 2434; x_wconf 89' lang='lat' dir='ltr'>liberum</span> <span class='ocrx_word' id='word_1_303' title='bbox 1285 2375 1411 2447; x_wconf 81' lang='lat' dir='ltr'>probare.</span> 
     </span>
     <span class='ocr_line' id='line_1_25' title="bbox 129 2461 1456 2549; baseline 0.005 -30"><span class='ocrx_word' id='word_1_304' title='bbox 129 2464 193 2520; x_wconf 90' lang='lat' dir='ltr'>libro</span> <span class='ocrx_word' id='word_1_305' title='bbox 216 2466 462 2536; x_wconf 82' lang='lat' dir='ltr'>quinquagensimo</span> <span class='ocrx_word' id='word_1_306' title='bbox 485 2465 582 2535; x_wconf 91' lang='lat' dir='ltr'>quinto</span> <span class='ocrx_word' id='word_1_307' title='bbox 606 2465 641 2519; x_wconf 86' lang='lat' dir='ltr'>ad</span> <span class='ocrx_word' id='word_1_308' title='bbox 665 2465 796 2521; x_wconf 90' lang='lat' dir='ltr'>edietum.</span> <span class='ocrx_word' id='word_1_309' title='bbox 833 2467 961 2536; x_wconf 77' lang='lat' dir='ltr'>cognitio</span> <span class='ocrx_word' id='word_1_310' title='bbox 984 2467 1019 2522; x_wconf 90' lang='lat' dir='ltr'>de</span> <span class='ocrx_word' id='word_1_311' title='bbox 1041 2466 1146 2522; x_wconf 90' lang='lat' dir='ltr'>liberali</span> <span class='ocrx_word' id='word_1_312' title='bbox 1168 2481 1253 2522; x_wconf 84' lang='lat' dir='ltr'>causa</span> <span class='ocrx_word' id='word_1_313' title='bbox 1271 2461 1410 2549; x_wconf 57' lang='lat' dir='ltr'>[Q</span> <span class='ocrx_word' id='word_1_314' title='bbox 1428 2473 1456 2526; x_wconf 83' lang='grc' dir='ltr'><strong><em>Ε</em></strong></span> 
     </span>
     <span class='ocr_line' id='line_1_26' title="bbox 129 2553 1458 2625; baseline 0 -17"><span class='ocrx_word' id='word_1_315' title='bbox 129 2553 175 2609; x_wconf 88' lang='lat' dir='ltr'>uic</span> <span class='ocrx_word' id='word_1_316' title='bbox 193 2553 287 2624; x_wconf 81' lang='lat' dir='ltr'>datur,</span> <span class='ocrx_word' id='word_1_317' title='bbox 306 2553 414 2608; x_wconf 88' lang='lat' dir='ltr'>etiamsi</span> <span class='ocrx_word' id='word_1_318' title='bbox 431 2554 558 2609; x_wconf 90' lang='lat' dir='ltr'>domiuus</span> <span class='ocrx_word' id='word_1_319' title='bbox 576 2568 685 2624; x_wconf 90' lang='lat' dir='ltr'>quoquc</span> <span class='ocrx_word' id='word_1_320' title='bbox 704 2556 784 2625; x_wconf 90' lang='lat' dir='ltr'>uelit,</span> <span class='ocrx_word' id='word_1_321' title='bbox 803 2555 855 2610; x_wconf 93' lang='lat' dir='ltr'>hoe</span> <span class='ocrx_word' id='word_1_322' title='bbox 873 2556 980 2625; x_wconf 89' lang='lat' dir='ltr'>estqui</span> <span class='ocrx_word' id='word_1_323' title='bbox 999 2571 1029 2610; x_wconf 86' lang='lat' dir='ltr'>ro</span> <span class='ocrx_word' id='word_1_324' title='bbox 1048 2555 1187 2612; x_wconf 88' lang='lat' dir='ltr'>dominum</span> <span class='ocrx_word' id='word_1_325' title='bbox 1205 2555 1280 2624; x_wconf 88' lang='lat' dir='ltr'>dicit,</span> <span class='ocrx_word' id='word_1_326' title='bbox 1299 2568 1410 2609; x_wconf 90' lang='lat' dir='ltr'>mouere</span> <span class='ocrx_word' id='word_1_327' title='bbox 1430 2569 1458 2608; x_wconf 84' lang='lat' dir='ltr'>ss</span> 
     </span>
     <span class='ocr_line' id='line_1_27' title="bbox 129 2643 1410 2713; baseline 0.001 -16"><span class='ocrx_word' id='word_1_328' title='bbox 129 2643 310 2698; x_wconf 80' lang='lat' dir='ltr'>rtrcuersiam.</span> <span class='ocrx_word' id='word_1_329' title='bbox 347 2643 377 2698; x_wconf 86' lang='lat' dir='ltr'>si</span> <span class='ocrx_word' id='word_1_330' title='bbox 400 2644 493 2713; x_wconf 91' lang='lat' dir='ltr'>plures</span> <span class='ocrx_word' id='word_1_331' title='bbox 517 2643 569 2698; x_wconf 93' lang='lat' dir='ltr'>sibi</span> <span class='ocrx_word' id='word_1_332' title='bbox 588 2644 738 2702; x_wconf 86' lang='lat' dir='ltr'>dominium</span> <span class='ocrx_word' id='word_1_333' title='bbox 757 2645 829 2699; x_wconf 88' lang='lat' dir='ltr'>serui</span> <span class='ocrx_word' id='word_1_334' title='bbox 849 2643 990 2699; x_wconf 89' lang='lat' dir='ltr'>uindicant</span> <span class='ocrx_word' id='word_1_335' title='bbox 1008 2644 1131 2700; x_wconf 90' lang='lat' dir='ltr'>dieentes</span> <span class='ocrx_word' id='word_1_336' title='bbox 1149 2659 1211 2699; x_wconf 90' lang='lat' dir='ltr'>esse</span> <span class='ocrx_word' id='word_1_337' title='bbox 1229 2657 1410 2713; x_wconf 86' lang='lat' dir='ltr'>communem,</span> 
     </span>
     <span class='ocr_line' id='line_1_28' title="bbox 129 2731 1410 2803; baseline 0.002 -17"><span class='ocrx_word' id='word_1_338' title='bbox 129 2748 144 2786; x_wconf 91' lang='lat' dir='ltr'>n</span> <span class='ocrx_word' id='word_1_339' title='bbox 163 2731 281 2787; x_wconf 88' lang='lat' dir='ltr'>iudicem</span> <span class='ocrx_word' id='word_1_340' title='bbox 299 2731 425 2786; x_wconf 87' lang='lat' dir='ltr'>mittendi</span> <span class='ocrx_word' id='word_1_341' title='bbox 443 2735 536 2786; x_wconf 89' lang='lat' dir='ltr'>erunt:</span> <span class='ocrx_word' id='word_1_342' title='bbox 559 2738 588 2787; x_wconf 91' lang='lat' dir='ltr'>et</span> <span class='ocrx_word' id='word_1_343' title='bbox 606 2733 645 2788; x_wconf 83' lang='lat' dir='ltr'>ita</span> <span class='ocrx_word' id='word_1_344' title='bbox 662 2737 775 2788; x_wconf 82' lang='lat' dir='ltr'>senatus</span> <span class='ocrx_word' id='word_1_345' title='bbox 793 2733 908 2788; x_wconf 89' lang='lat' dir='ltr'>censuit.</span> <span class='ocrx_word' id='word_1_346' title='bbox 941 2738 1063 2788; x_wconf 88' lang='lat' dir='ltr'>ceteurm</span> <span class='ocrx_word' id='word_1_347' title='bbox 1082 2734 1104 2788; x_wconf 91' lang='lat' dir='ltr'>si</span> <span class='ocrx_word' id='word_1_348' title='bbox 1124 2734 1312 2803; x_wconf 91' lang='lat' dir='ltr'>unusquisque</span> <span class='ocrx_word' id='word_1_349' title='bbox 1330 2747 1410 2788; x_wconf 89' lang='lat' dir='ltr'>suum</span> 
     </span>
     <span class='ocr_line' id='line_1_29' title="bbox 129 2819 1411 2891; baseline 0.001 -16"><span class='ocrx_word' id='word_1_350' title='bbox 129 2819 224 2891; x_wconf 88' lang='lat' dir='ltr'>lidum,</span> <span class='ocrx_word' id='word_1_351' title='bbox 242 2835 297 2876; x_wconf 88' lang='lat' dir='ltr'>non</span> <span class='ocrx_word' id='word_1_352' title='bbox 315 2821 342 2875; x_wconf 89' lang='lat' dir='ltr'>in</span> <span class='ocrx_word' id='word_1_353' title='bbox 360 2823 467 2890; x_wconf 85' lang='lat' dir='ltr'>partem</span> <span class='ocrx_word' id='word_1_354' title='bbox 485 2820 567 2891; x_wconf 87' lang='lat' dir='ltr'>dicat,</span> <span class='ocrx_word' id='word_1_355' title='bbox 586 2826 679 2876; x_wconf 85' lang='lat' dir='ltr'>cessat</span> <span class='ocrx_word' id='word_1_356' title='bbox 696 2827 809 2877; x_wconf 86' lang='lat' dir='ltr'>senatus</span> <span class='ocrx_word' id='word_1_357' title='bbox 827 2823 996 2877; x_wconf 85' lang='lat' dir='ltr'>consultum:</span> <span class='ocrx_word' id='word_1_358' title='bbox 1014 2835 1103 2891; x_wconf 89' lang='lat' dir='ltr'>neque</span> <span class='ocrx_word' id='word_1_359' title='bbox 1122 2821 1194 2876; x_wconf 90' lang='lat' dir='ltr'>euim</span> <span class='ocrx_word' id='word_1_360' title='bbox 1212 2821 1295 2876; x_wconf 88' lang='lat' dir='ltr'>timor</span> <span class='ocrx_word' id='word_1_361' title='bbox 1306 2823 1357 2891; x_wconf 90' lang='lat' dir='ltr'>est,</span> <span class='ocrx_word' id='word_1_362' title='bbox 1375 2835 1411 2876; x_wconf 90' lang='lat' dir='ltr'>ne</span> 
     </span>
     <span class='ocr_line' id='line_1_30' title="bbox 129 2909 1409 2979; baseline 0.002 -16"><span class='ocrx_word' id='word_1_363' title='bbox 129 2913 218 2979; x_wconf 87' lang='lat' dir='ltr'>cetur,</span> <span class='ocrx_word' id='word_1_364' title='bbox 244 2925 306 2964; x_wconf 88' lang='lat' dir='ltr'>cum</span> <span class='ocrx_word' id='word_1_365' title='bbox 329 2910 517 2978; x_wconf 87' lang='lat' dir='ltr'>uuusquisque</span> <span class='ocrx_word' id='word_1_366' title='bbox 538 2909 655 2964; x_wconf 88' lang='lat' dir='ltr'>solidum</span> <span class='ocrx_word' id='word_1_367' title='bbox 675 2909 824 2965; x_wconf 88' lang='lat' dir='ltr'>dominium</span> <span class='ocrx_word' id='word_1_368' title='bbox 844 2910 896 2966; x_wconf 87' lang='lat' dir='ltr'>sibi</span> <span class='ocrx_word' id='word_1_369' title='bbox 915 2911 1044 2966; x_wconf 89' lang='lat' dir='ltr'>uindicet.</span> <span class='ocrx_word' id='word_1_370' title='bbox 1080 2909 1135 2966; x_wconf 85' lang='lat' dir='ltr'>Sed</span> <span class='ocrx_word' id='word_1_371' title='bbox 1154 2915 1183 2964; x_wconf 89' lang='lat' dir='ltr'>et</span> <span class='ocrx_word' id='word_1_372' title='bbox 1200 2911 1226 2966; x_wconf 89' lang='lat' dir='ltr'>si</span> <span class='ocrx_word' id='word_1_373' title='bbox 1242 2911 1311 2966; x_wconf 86' lang='lat' dir='ltr'>alter</span> <span class='ocrx_word' id='word_1_374' title='bbox 1329 2926 1409 2966; x_wconf 88' lang='lat' dir='ltr'>usum</span> 
     </span>
     <span class='ocr_line' id='line_1_31' title="bbox 129 2998 1458 3070; baseline -0.001 -18"><span class='ocrx_word' id='word_1_375' title='bbox 129 3001 197 3052; x_wconf 82' lang='lat' dir='ltr'>&gt;tum</span> <span class='ocrx_word' id='word_1_376' title='bbox 206 3000 223 3069; x_wconf 91' lang='lat'>¹,</span> <span class='ocrx_word' id='word_1_377' title='bbox 241 2998 311 3053; x_wconf 88' lang='lat' dir='ltr'>alter</span> <span class='ocrx_word' id='word_1_378' title='bbox 328 2999 523 3068; x_wconf 83' lang='lat' dir='ltr'>proprietatem</span> <span class='ocrx_word' id='word_1_379' title='bbox 542 2999 615 3054; x_wconf 89' lang='lat' dir='ltr'>serui</span> <span class='ocrx_word' id='word_1_380' title='bbox 633 2999 763 3068; x_wconf 86' lang='lat' dir='ltr'>uindicet,</span> <span class='ocrx_word' id='word_1_381' title='bbox 782 3000 847 3054; x_wconf 90' lang='lat' dir='ltr'>item</span> <span class='ocrx_word' id='word_1_382' title='bbox 861 3000 884 3054; x_wconf 94' lang='lat' dir='ltr'>si</span> <span class='ocrx_word' id='word_1_383' title='bbox 897 3001 966 3056; x_wconf 84' lang='lat' dir='ltr'>alter</span> <span class='ocrx_word' id='word_1_384' title='bbox 977 2999 1136 3069; x_wconf 89' lang='lat' dir='ltr'>dominium,</span> <span class='ocrx_word' id='word_1_385' title='bbox 1156 2999 1224 3054; x_wconf 87' lang='lat' dir='ltr'>alter</span> <span class='ocrx_word' id='word_1_386' title='bbox 1235 3000 1410 3070; x_wconf 88' lang='lat' dir='ltr'>pigneratum</span> <span class='ocrx_word' id='word_1_387' title='bbox 1429 3011 1458 3052; x_wconf 88' lang='lat' dir='ltr'>so</span> 
     </span>
     <span class='ocr_line' id='line_1_32' title="bbox 143 3086 1336 3158; baseline 0.001 -17"><span class='ocrx_word' id='word_1_388' title='bbox 143 3086 216 3141; x_wconf 88' lang='lat' dir='ltr'>idem</span> <span class='ocrx_word' id='word_1_389' title='bbox 234 3087 318 3142; x_wconf 85' lang='lat' dir='ltr'>index</span> <span class='ocrx_word' id='word_1_390' title='bbox 336 3087 400 3142; x_wconf 90' lang='lat' dir='ltr'>erit:</span> <span class='ocrx_word' id='word_1_391' title='bbox 421 3094 450 3143; x_wconf 88' lang='lat' dir='ltr'>et</span> <span class='ocrx_word' id='word_1_392' title='bbox 466 3088 544 3158; x_wconf 89' lang='lat' dir='ltr'>parui</span> <span class='ocrx_word' id='word_1_393' title='bbox 563 3086 655 3158; x_wconf 83' lang='lat' dir='ltr'>refert,</span> <span class='ocrx_word' id='word_1_394' title='bbox 674 3087 709 3143; x_wconf 89' lang='lat' dir='ltr'>ab</span> <span class='ocrx_word' id='word_1_395' title='bbox 728 3087 824 3143; x_wconf 90' lang='lat' dir='ltr'>eodem</span> <span class='ocrx_word' id='word_1_396' title='bbox 844 3103 879 3142; x_wconf 89' lang='lat' dir='ltr'>an</span> <span class='ocrx_word' id='word_1_397' title='bbox 898 3087 934 3142; x_wconf 88' lang='lat' dir='ltr'>ab</span> <span class='ocrx_word' id='word_1_398' title='bbox 951 3089 1005 3143; x_wconf 88' lang='lat' dir='ltr'>alio</span> <span class='ocrx_word' id='word_1_399' title='bbox 1023 3088 1049 3143; x_wconf 90' lang='lat' dir='ltr'>ei</span> <span class='ocrx_word' id='word_1_400' title='bbox 1067 3088 1174 3158; x_wconf 87' lang='lat' dir='ltr'>pigneri</span> <span class='ocrx_word' id='word_1_401' title='bbox 1192 3088 1273 3144; x_wconf 89' lang='lat' dir='ltr'>datus</span> <span class='ocrx_word' id='word_1_402' title='bbox 1291 3088 1336 3143; x_wconf 92' lang='lat' dir='ltr'>sit.</span> 
     </span>
     <span class='ocr_line' id='line_1_33' title="bbox 142 3171 1539 3259; baseline 0.001 -29"><span class='ocrx_word' id='word_1_403' title='bbox 142 3175 178 3229; x_wconf 92' lang='lat' dir='ltr'>ad</span> <span class='ocrx_word' id='word_1_404' title='bbox 200 3175 321 3230; x_wconf 88' lang='lat' dir='ltr'>edictum</span> <span class='ocrx_word' id='word_1_405' title='bbox 343 3177 482 3246; x_wconf 86' lang='lat' dir='ltr'>praetoris</span> <span class='ocrx_word' id='word_1_406' title='bbox 502 3175 599 3231; x_wconf 87' lang='lat' dir='ltr'>urbani</span> <span class='ocrx_word' id='word_1_407' title='bbox 623 3177 703 3231; x_wconf 86' lang='lat' dir='ltr'>titulo</span> <span class='ocrx_word' id='word_1_408' title='bbox 728 3176 763 3231; x_wconf 89' lang='lat' dir='ltr'>de</span> <span class='ocrx_word' id='word_1_409' title='bbox 785 3176 891 3231; x_wconf 86' lang='lat' dir='ltr'>liberali</span> <span class='ocrx_word' id='word_1_410' title='bbox 909 3191 1002 3232; x_wconf 84' lang='lat' dir='ltr'>causa</span> <span class='ocrx_word' id='word_1_411' title='bbox 1039 3175 1069 3231; x_wconf 88' lang='lat' dir='ltr'>Si</span> <span class='ocrx_word' id='word_1_412' title='bbox 1086 3177 1188 3246; x_wconf 86' lang='lat' dir='ltr'>pariter</span> <span class='ocrx_word' id='word_1_413' title='bbox 1206 3177 1253 3231; x_wconf 85' lang='lat' dir='ltr'>ad·</span> <span class='ocrx_word' id='word_1_414' title='bbox 1272 3171 1409 3259; x_wconf 56' lang='lat' dir='ltr'>[Q</span> <span class='ocrx_word' id='word_1_415' title='bbox 1428 3183 1456 3238; x_wconf 79' lang='grc' dir='ltr'><em>Ε</em></span> <span class='ocrx_word' id='word_1_416' title='bbox 1537 3239 1539 3242; x_wconf 46' lang='grc'><strong>,</strong></span> 
     </span>
     <span class='ocr_line' id='line_1_34' title="bbox 129 3263 1411 3336; baseline 0.002 -18"><span class='ocrx_word' id='word_1_417' title='bbox 129 3280 164 3332; x_wconf 92' lang='lat' dir='ltr'>m,</span> <span class='ocrx_word' id='word_1_418' title='bbox 182 3265 229 3334; x_wconf 90' lang='lat' dir='ltr'>qui</span> <span class='ocrx_word' id='word_1_419' title='bbox 247 3263 282 3320; x_wconf 86' lang='lat' dir='ltr'>de</span> <span class='ocrx_word' id='word_1_420' title='bbox 301 3263 427 3320; x_wconf 84' lang='lat' dir='ltr'>libertate</span> <span class='ocrx_word' id='word_1_421' title='bbox 445 3265 544 3334; x_wconf 86' lang='lat' dir='ltr'>litigat,</span> <span class='ocrx_word' id='word_1_422' title='bbox 562 3266 715 3321; x_wconf 88' lang='lat' dir='ltr'>consistant</span> <span class='ocrx_word' id='word_1_423' title='bbox 732 3263 897 3320; x_wconf 81' lang='lat' dir='ltr'>fructuarius</span> <span class='ocrx_word' id='word_1_424' title='bbox 916 3270 944 3320; x_wconf 92' lang='lat' dir='ltr'>et</span> <span class='ocrx_word' id='word_1_425' title='bbox 961 3265 1166 3336; x_wconf 81' lang='lat' dir='ltr'>proprietarius,</span> <span class='ocrx_word' id='word_1_426' title='bbox 1185 3264 1243 3320; x_wconf 85' lang='lat' dir='ltr'>fieri</span> <span class='ocrx_word' id='word_1_427' title='bbox 1261 3270 1361 3335; x_wconf 91' lang='lat' dir='ltr'>potest,</span> <span class='ocrx_word' id='word_1_428' title='bbox 1379 3270 1411 3320; x_wconf 86' lang='lat' dir='ltr'>ut</span> 
     </span>
     <span class='ocr_line' id='line_1_35' title="bbox 129 3351 1409 3424; baseline 0.001 -17"><span class='ocrx_word' id='word_1_429' title='bbox 129 3351 210 3408; x_wconf 82' lang='lat' dir='ltr'>absit:</span> <span class='ocrx_word' id='word_1_430' title='bbox 235 3367 290 3422; x_wconf 90' lang='lat' dir='ltr'>quo</span> <span class='ocrx_word' id='word_1_431' title='bbox 313 3368 379 3408; x_wconf 87' lang='lat' dir='ltr'>casu</span> <span class='ocrx_word' id='word_1_432' title='bbox 402 3369 438 3408; x_wconf 87' lang='lat' dir='ltr'>an</span> <span class='ocrx_word' id='word_1_433' title='bbox 461 3354 599 3424; x_wconf 85' lang='lat' dir='ltr'>praesenti</span> <span class='ocrx_word' id='word_1_434' title='bbox 622 3355 673 3410; x_wconf 94' lang='lat' dir='ltr'>soli</span> <span class='ocrx_word' id='word_1_435' title='bbox 695 3354 878 3424; x_wconf 87' lang='lat' dir='ltr'>permissurus</span> <span class='ocrx_word' id='word_1_436' title='bbox 901 3354 937 3409; x_wconf 91' lang='lat' dir='ltr'>sit</span> <span class='ocrx_word' id='word_1_437' title='bbox 957 3359 1068 3424; x_wconf 88' lang='lat' dir='ltr'>praetor</span> <span class='ocrx_word' id='word_1_438' title='bbox 1086 3353 1219 3410; x_wconf 85' lang='lat' dir='ltr'>aduersus</span> <span class='ocrx_word' id='word_1_439' title='bbox 1237 3369 1300 3410; x_wconf 88' lang='lat' dir='ltr'>eum</span> <span class='ocrx_word' id='word_1_440' title='bbox 1318 3368 1409 3424; x_wconf 85' lang='lat' dir='ltr'>agere,</span> 
     </span>
     <span class='ocr_line' id='line_1_36' title="bbox 129 3440 1458 3512; baseline 0.001 -16"><span class='ocrx_word' id='word_1_441' title='bbox 129 3445 219 3511; x_wconf 78' lang='lat' dir='ltr'>otest,</span> <span class='ocrx_word' id='word_1_442' title='bbox 242 3441 308 3512; x_wconf 88' lang='lat' dir='ltr'>quia</span> <span class='ocrx_word' id='word_1_443' title='bbox 331 3457 386 3497; x_wconf 91' lang='lat' dir='ltr'>non</span> <span class='ocrx_word' id='word_1_444' title='bbox 408 3440 493 3498; x_wconf 85' lang='lat' dir='ltr'>debet</span> <span class='ocrx_word' id='word_1_445' title='bbox 515 3443 626 3498; x_wconf 84' lang='lat' dir='ltr'>alterius</span> <span class='ocrx_word' id='word_1_446' title='bbox 651 3443 800 3498; x_wconf 84' lang='lat' dir='ltr'>collusione</span> <span class='ocrx_word' id='word_1_447' title='bbox 823 3448 872 3498; x_wconf 87' lang='lat' dir='ltr'>aut</span> <span class='ocrx_word' id='word_1_448' title='bbox 893 3443 992 3498; x_wconf 87' lang='lat' dir='ltr'>inertia</span> <span class='ocrx_word' id='word_1_449' title='bbox 1009 3443 1105 3497; x_wconf 80' lang='lat' dir='ltr'>alteri²</span> <span class='ocrx_word' id='word_1_450' title='bbox 1123 3443 1166 3498; x_wconf 90' lang='lat' dir='ltr'>ius</span> <span class='ocrx_word' id='word_1_451' title='bbox 1184 3443 1329 3512; x_wconf 77' lang='lat' dir='ltr'>comumpi.</span> <span class='ocrx_word' id='word_1_452' title='bbox 1360 3442 1410 3498; x_wconf 88' lang='lat' dir='ltr'>sed</span> <span class='ocrx_word' id='word_1_453' title='bbox 1429 3457 1458 3497; x_wconf 80' lang='lat' dir='ltr'>ae</span> 
     </span>
     <span class='ocr_line' id='line_1_37' title="bbox 129 3531 1410 3602; baseline 0 -16"><span class='ocrx_word' id='word_1_454' title='bbox 129 3531 191 3586; x_wconf 78' lang='lat' dir='ltr'>titur</span> <span class='ocrx_word' id='word_1_455' title='bbox 207 3531 290 3586; x_wconf 88' lang='lat' dir='ltr'>etiarn</span> <span class='ocrx_word' id='word_1_456' title='bbox 309 3531 432 3586; x_wconf 85' lang='lat' dir='ltr'>alterutri</span> <span class='ocrx_word' id='word_1_457' title='bbox 450 3547 545 3586; x_wconf 89' lang='lat' dir='ltr'>eorum</span> <span class='ocrx_word' id='word_1_458' title='bbox 563 3531 773 3601; x_wconf 84' lang='lat' dir='ltr'>permittendum</span> <span class='ocrx_word' id='word_1_459' title='bbox 794 3547 890 3601; x_wconf 86' lang='lat' dir='ltr'>agere,</span> <span class='ocrx_word' id='word_1_460' title='bbox 908 3536 940 3586; x_wconf 86' lang='lat' dir='ltr'>ut</span> <span class='ocrx_word' id='word_1_461' title='bbox 958 3531 1070 3586; x_wconf 88' lang='lat' dir='ltr'>alterius</span> <span class='ocrx_word' id='word_1_462' title='bbox 1087 3531 1130 3586; x_wconf 89' lang='lat' dir='ltr'>ius</span> <span class='ocrx_word' id='word_1_463' title='bbox 1148 3532 1334 3602; x_wconf 89' lang='lat' dir='ltr'>incorruptum</span> <span class='ocrx_word' id='word_1_464' title='bbox 1353 3547 1410 3587; x_wconf 86' lang='lat' dir='ltr'>ma·</span> 
     </span>
     <span class='ocr_line' id='line_1_38' title="bbox 129 3617 1410 3690; baseline 0.001 -17"><span class='ocrx_word' id='word_1_465' title='bbox 129 3617 170 3673; x_wconf 78' lang='lat' dir='ltr'>d·</span> <span class='ocrx_word' id='word_1_466' title='bbox 187 3620 211 3674; x_wconf 96' lang='lat' dir='ltr'>si</span> <span class='ocrx_word' id='word_1_467' title='bbox 235 3618 325 3674; x_wconf 87' lang='lat' dir='ltr'>adhuc</span> <span class='ocrx_word' id='word_1_468' title='bbox 348 3617 468 3675; x_wconf 88' lang='lat' dir='ltr'>noudum</span> <span class='ocrx_word' id='word_1_469' title='bbox 492 3618 571 3676; x_wconf 86' lang='lat' dir='ltr'>finite</span> <span class='ocrx_word' id='word_1_470' title='bbox 592 3619 694 3675; x_wconf 88' lang='lat' dir='ltr'>iudicio</span> <span class='ocrx_word' id='word_1_471' title='bbox 717 3621 919 3690; x_wconf 90' lang='lat' dir='ltr'>superuenerit,</span> <span class='ocrx_word' id='word_1_472' title='bbox 942 3619 978 3676; x_wconf 89' lang='lat' dir='ltr'>ad</span> <span class='ocrx_word' id='word_1_473' title='bbox 1001 3620 1118 3675; x_wconf 88' lang='lat' dir='ltr'>eundem</span> <span class='ocrx_word' id='word_1_474' title='bbox 1142 3621 1259 3675; x_wconf 88' lang='lat' dir='ltr'>iudicem</span> <span class='ocrx_word' id='word_1_475' title='bbox 1278 3620 1410 3690; x_wconf 83' lang='lat' dir='ltr'>mittetur,</span> 
     </span>
     <span class='ocr_line' id='line_1_39' title="bbox 129 3705 1410 3779; baseline 0 -17"><span class='ocrx_word' id='word_1_476' title='bbox 129 3713 183 3762; x_wconf 85' lang='lat' dir='ltr'>tam</span> <span class='ocrx_word' id='word_1_477' title='bbox 202 3723 315 3764; x_wconf 67' lang='lat' dir='ltr'>canum</span> <span class='ocrx_word' id='word_1_478' title='bbox 333 3705 449 3778; x_wconf 82' lang='lat' dir='ltr'>adierat,</span> <span class='ocrx_word' id='word_1_479' title='bbox 468 3724 552 3779; x_wconf 88' lang='lat' dir='ltr'>quare</span> <span class='ocrx_word' id='word_1_480' title='bbox 571 3709 606 3763; x_wconf 88' lang='lat' dir='ltr'>sd</span> <span class='ocrx_word' id='word_1_481' title='bbox 625 3724 687 3764; x_wconf 90' lang='lat' dir='ltr'>eum</span> <span class='ocrx_word' id='word_1_482' title='bbox 706 3709 778 3764; x_wconf 87' lang='lat' dir='ltr'>mitti</span> <span class='ocrx_word' id='word_1_483' title='bbox 796 3724 851 3765; x_wconf 92' lang='lat' dir='ltr'>non</span> <span class='ocrx_word' id='word_1_484' title='bbox 869 3707 977 3778; x_wconf 85' lang='lat' dir='ltr'>debeat,</span> <span class='ocrx_word' id='word_1_485' title='bbox 997 3707 1067 3764; x_wconf 80' lang='lat' dir='ltr'>torte</span> <span class='ocrx_word' id='word_1_486' title='bbox 1079 3709 1103 3764; x_wconf 92' lang='lat' dir='ltr'>si</span> <span class='ocrx_word' id='word_1_487' title='bbox 1116 3724 1178 3764; x_wconf 86' lang='lat' dir='ltr'>enm</span> <span class='ocrx_word' id='word_1_488' title='bbox 1191 3708 1309 3764; x_wconf 90' lang='lat' dir='ltr'>iudicem</span> <span class='ocrx_word' id='word_1_489' title='bbox 1322 3708 1410 3762; x_wconf 88' lang='lat' dir='ltr'>inimi-</span> 
     </span>
     <span class='ocr_line' id='line_1_40' title="bbox 129 3794 1409 3868; baseline 0 -16"><span class='ocrx_word' id='word_1_490' title='bbox 129 3811 185 3852; x_wconf 85' lang='lat' dir='ltr'>essc</span> <span class='ocrx_word' id='word_1_491' title='bbox 203 3794 338 3852; x_wconf 84' lang='lat' dir='ltr'>adfirmet.</span> <span class='ocrx_word' id='word_1_492' title='bbox 373 3796 450 3852; x_wconf 88' lang='lat' dir='ltr'>Idem</span> <span class='ocrx_word' id='word_1_493' title='bbox 469 3797 593 3854; x_wconf 91' lang='lat' dir='ltr'>dicemus</span> <span class='ocrx_word' id='word_1_494' title='bbox 611 3803 639 3852; x_wconf 88' lang='lat' dir='ltr'>st</span> <span class='ocrx_word' id='word_1_495' title='bbox 656 3798 680 3852; x_wconf 88' lang='lat' dir='ltr'>si</span> <span class='ocrx_word' id='word_1_496' title='bbox 698 3797 754 3853; x_wconf 91' lang='lat' dir='ltr'>duo</span> <span class='ocrx_word' id='word_1_497' title='bbox 772 3799 901 3868; x_wconf 88' lang='lat' dir='ltr'>pluresue</span> <span class='ocrx_word' id='word_1_498' title='bbox 919 3797 1021 3853; x_wconf 92' lang='lat' dir='ltr'>domini</span> <span class='ocrx_word' id='word_1_499' title='bbox 1039 3812 1102 3853; x_wconf 90' lang='lat' dir='ltr'>csse</span> <span class='ocrx_word' id='word_1_500' title='bbox 1120 3797 1246 3853; x_wconf 89' lang='lat' dir='ltr'>dicantur</span> <span class='ocrx_word' id='word_1_501' title='bbox 1257 3797 1409 3868; x_wconf 84' lang='lat' dir='ltr'>etquidem</span> 
     </span>
     <span class='ocr_line' id='line_1_41' title="bbox 129 3883 1457 3956; baseline -0.003 -16"><span class='ocrx_word' id='word_1_502' title='bbox 129 3889 165 3955; x_wconf 84' lang='lat' dir='ltr'>nt,</span> <span class='ocrx_word' id='word_1_503' title='bbox 183 3883 294 3955; x_wconf 87' lang='lat' dir='ltr'>quidam</span> <span class='ocrx_word' id='word_1_504' title='bbox 312 3885 445 3941; x_wconf 85' lang='lat' dir='ltr'>aberint⁴.</span> <span class='ocrx_word' id='word_1_505' title='bbox 472 3885 552 3941; x_wconf 89' lang='lat' dir='ltr'>Unde</span> <span class='ocrx_word' id='word_1_506' title='bbox 569 3887 598 3941; x_wconf 91' lang='lat' dir='ltr'>in</span> <span class='ocrx_word' id='word_1_507' title='bbox 615 3891 733 3956; x_wconf 88' lang='lat' dir='ltr'>utroque</span> <span class='ocrx_word' id='word_1_508' title='bbox 751 3901 818 3942; x_wconf 82' lang='lat' dir='ltr'>essu</span> <span class='ocrx_word' id='word_1_509' title='bbox 836 3886 1023 3956; x_wconf 90' lang='lat' dir='ltr'>dispiciamus,</span> <span class='ocrx_word' id='word_1_510' title='bbox 1042 3903 1087 3956; x_wconf 89' lang='lat' dir='ltr'>an,</span> <span class='ocrx_word' id='word_1_511' title='bbox 1106 3887 1129 3942; x_wconf 93' lang='lat' dir='ltr'>si</span> <span class='ocrx_word' id='word_1_512' title='bbox 1142 3887 1166 3941; x_wconf 92' lang='lat' dir='ltr'>is</span> <span class='ocrx_word' id='word_1_513' title='bbox 1179 3887 1226 3956; x_wconf 93' lang='lat' dir='ltr'>qui</span> <span class='ocrx_word' id='word_1_514' title='bbox 1237 3886 1311 3956; x_wconf 91' lang='lat' dir='ltr'>prior</span> <span class='ocrx_word' id='word_1_515' title='bbox 1323 3886 1410 3956; x_wconf 84' lang='lat' dir='ltr'>egerit</span> <span class='ocrx_word' id='word_1_516' title='bbox 1428 3895 1457 3936; x_wconf 84' lang='lat' dir='ltr'>rc</span> 
     </span>
     <span class='ocr_line' id='line_1_42' title="bbox 153 3974 1411 4045; baseline -0.001 -16"><span class='ocrx_word' id='word_1_517' title='bbox 153 3974 240 4044; x_wconf 89' lang='lat' dir='ltr'>prosit</span> <span class='ocrx_word' id='word_1_518' title='bbox 258 3974 299 4043; x_wconf 91' lang='lat' dir='ltr'>ei,</span> <span class='ocrx_word' id='word_1_519' title='bbox 321 3974 395 4044; x_wconf 91' lang='lat' dir='ltr'>quod</span> <span class='ocrx_word' id='word_1_520' title='bbox 413 3976 549 4045; x_wconf 85' lang='lat' dir='ltr'>posterior</span> <span class='ocrx_word' id='word_1_521' title='bbox 566 3975 675 4044; x_wconf 88' lang='lat' dir='ltr'>uicerit,</span> <span class='ocrx_word' id='word_1_522' title='bbox 699 3974 744 4029; x_wconf 88' lang='lat' dir='ltr'>uel</span> <span class='ocrx_word' id='word_1_523' title='bbox 761 3979 871 4044; x_wconf 85' lang='lat' dir='ltr'>contra,</span> <span class='ocrx_word' id='word_1_524' title='bbox 895 3975 923 4029; x_wconf 95' lang='lat' dir='ltr'>id</span> <span class='ocrx_word' id='word_1_525' title='bbox 942 3980 985 4030; x_wconf 93' lang='lat' dir='ltr'>est</span> <span class='ocrx_word' id='word_1_526' title='bbox 1002 3981 1046 4045; x_wconf 91' lang='lat' dir='ltr'>ut,</span> <span class='ocrx_word' id='word_1_527' title='bbox 1071 3990 1133 4030; x_wconf 87' lang='lat' dir='ltr'>cnm</span> <span class='ocrx_word' id='word_1_528' title='bbox 1152 3975 1261 4030; x_wconf 89' lang='lat' dir='ltr'>omnino</span> <span class='ocrx_word' id='word_1_529' title='bbox 1280 3975 1411 4029; x_wconf 86' lang='lat' dir='ltr'>alteruter</span> 
     </span>
     <span class='ocr_line' id='line_1_43' title="bbox 129 4061 1409 4135; baseline 0 -17"><span class='ocrx_word' id='word_1_530' title='bbox 129 4063 182 4118; x_wconf 89' lang='lat' dir='ltr'>osit</span> <span class='ocrx_word' id='word_1_531' title='bbox 198 4063 282 4118; x_wconf 86' lang='lat' dir='ltr'>etiam</span> <span class='ocrx_word' id='word_1_532' title='bbox 300 4063 387 4132; x_wconf 87' lang='lat' dir='ltr'>alteri,</span> <span class='ocrx_word' id='word_1_533' title='bbox 405 4063 477 4118; x_wconf 88' lang='lat' dir='ltr'>sieut</span> <span class='ocrx_word' id='word_1_534' title='bbox 494 4063 609 4133; x_wconf 87' lang='lat' dir='ltr'>prodest</span> <span class='ocrx_word' id='word_1_535' title='bbox 625 4062 718 4119; x_wconf 88' lang='lat' dir='ltr'>heredi</span> <span class='ocrx_word' id='word_1_536' title='bbox 729 4063 829 4135; x_wconf 89' lang='lat' dir='ltr'>liberti,</span> <span class='ocrx_word' id='word_1_537' title='bbox 847 4062 922 4134; x_wconf 91' lang='lat' dir='ltr'>quod</span> <span class='ocrx_word' id='word_1_538' title='bbox 933 4064 961 4118; x_wconf 92' lang='lat' dir='ltr'>in</span> <span class='ocrx_word' id='word_1_539' title='bbox 974 4061 1098 4120; x_wconf 82' lang='lat' dir='ltr'>fraudem</span> <span class='ocrx_word' id='word_1_540' title='bbox 1110 4064 1218 4135; x_wconf 89' lang='lat' dir='ltr'>patroni</span> <span class='ocrx_word' id='word_1_541' title='bbox 1230 4065 1303 4120; x_wconf 91' lang='lat' dir='ltr'>serui</span> <span class='ocrx_word' id='word_1_542' title='bbox 1315 4079 1409 4119; x_wconf 87' lang='lat' dir='ltr'>manu·</span> 
     </span>
     <span class='ocr_line' id='line_1_44' title="bbox 129 4151 1409 4224; baseline 0.002 -19"><span class='ocrx_word' id='word_1_543' title='bbox 129 4193 130 4204; x_wconf 65' lang='grc'>,</span> <span class='ocrx_word' id='word_1_544' title='bbox 161 4152 185 4206; x_wconf 91' lang='lat' dir='ltr'>si</span> <span class='ocrx_word' id='word_1_545' title='bbox 202 4152 247 4207; x_wconf 91' lang='lat' dir='ltr'>cui</span> <span class='ocrx_word' id='word_1_546' title='bbox 264 4152 373 4222; x_wconf 88' lang='lat' dir='ltr'>placeat</span> <span class='ocrx_word' id='word_1_547' title='bbox 389 4151 536 4223; x_wconf 91' lang='lat' dir='ltr'>prodesse,</span> <span class='ocrx_word' id='word_1_548' title='bbox 559 4167 731 4223; x_wconf 86' lang='lat' dir='ltr'>consequens</span> <span class='ocrx_word' id='word_1_549' title='bbox 749 4157 806 4224; x_wconf 88' lang='lat' dir='ltr'>cst,</span> <span class='ocrx_word' id='word_1_550' title='bbox 830 4157 875 4224; x_wconf 92' lang='lat' dir='ltr'>ut,</span> <span class='ocrx_word' id='word_1_551' title='bbox 899 4167 961 4208; x_wconf 90' lang='lat' dir='ltr'>cum</span> <span class='ocrx_word' id='word_1_552' title='bbox 980 4151 1052 4208; x_wconf 89' lang='lat' dir='ltr'>idem</span> <span class='ocrx_word' id='word_1_553' title='bbox 1070 4155 1173 4224; x_wconf 65' lang='lat' dir='ltr'>perere,</span> <span class='ocrx_word' id='word_1_554' title='bbox 1196 4153 1352 4224; x_wconf 81' lang='lat' dir='ltr'>exceptioni</span> <span class='ocrx_word' id='word_1_555' title='bbox 1369 4151 1409 4208; x_wconf 90' lang='lat' dir='ltr'>rei</span> 
     </span>
    </p>
   </div>
   <div class='ocr_carea' id='block_1_3' title="bbox 129 4255 189 4326">
    <p class='ocr_par' dir='ltr' id='par_1_3' title="bbox 129 4255 189 4326">
     <span class='ocr_line' id='line_1_45' title="bbox 129 4255 189 4326; baseline 0 -14"><span class='ocrx_word' id='word_1_556' title='bbox 129 4255 189 4326; x_wconf 83' lang='lat' dir='ltr'>uo)</span> 
     </span>
    </p>
   </div>
   <div class='ocr_carea' id='block_1_4' title="bbox 131 4399 1408 4526">
    <p class='ocr_par' dir='ltr' id='par_1_4' title="bbox 131 4399 1408 4526">
     <span class='ocr_line' id='line_1_46' title="bbox 131 4399 1408 4490; baseline 0.002 -35"><span class='ocrx_word' id='word_1_557' title='bbox 131 4400 168 4490; x_wconf 64' lang='grc' dir='ltr'>(ῼ</span> <span class='ocrx_word' id='word_1_558' title='bbox 184 4408 209 4456; x_wconf 85' lang='lat' dir='ltr'>et</span> <span class='ocrx_word' id='word_1_559' title='bbox 225 4401 313 4468; x_wconf 60' lang='lat' dir='ltr'>adlidi</span> <span class='ocrx_word' id='word_1_560' title='bbox 401 4401 549 4456; x_wconf 75' lang='lat' dir='ltr'>’alteuus</span> <span class='ocrx_word' id='word_1_561' title='bbox 567 4402 668 4469; x_wconf 65' lang='lat' dir='ltr'>(datm</span> <span class='ocrx_word' id='word_1_562' title='bbox 762 4401 858 4471; x_wconf 72' lang='lat' dir='ltr'>⁸qni?</span> <span class='ocrx_word' id='word_1_563' title='bbox 952 4399 1073 4456; x_wconf 77' lang='lat' dir='ltr'>⁴absint</span> <span class='ocrx_word' id='word_1_564' title='bbox 1091 4401 1190 4470; x_wconf 58' lang='lat' dir='ltr'>(adripi</span> <span class='ocrx_word' id='word_1_565' title='bbox 1278 4401 1335 4456; x_wconf 80' lang='lat' dir='ltr'>⁶in</span> <span class='ocrx_word' id='word_1_566' title='bbox 1353 4415 1408 4471; x_wconf 88' lang='lat' dir='ltr'>quo</span> 
     </span>
     <span class='ocr_line' id='line_1_47' title="bbox 142 4490 189 4526; baseline 0 -1"><span class='ocrx_word' id='word_1_567' title='bbox 142 4490 189 4526; x_wconf 72' lang='lat' dir='ltr'>ind.</span> 
     </span>
    </p>
   </div>
   <div class='ocr_carea' id='block_1_5' title="bbox 1258 4361 1409 4372">
    <p class='ocr_par' dir='ltr' id='par_1_5' title="bbox 1258 4361 1409 4372">
     <span class='ocr_line' id='line_1_48' title="bbox 1258 4361 1409 4372; baseline 0.013 -3"><span class='ocrx_word' id='word_1_568' title='bbox 1258 4361 1409 4372; x_wconf 58' lang='grc' dir='ltr'><em>...μ-...-</em></span> 
     </span>
    </p>
   </div>
   <div class='ocr_carea' id='block_1_6' title="bbox 129 4612 1408 5110">
    <p class='ocr_par' dir='ltr' id='par_1_6' title="bbox 129 4612 1408 5110">
     <span class='ocr_line' id='line_1_49' title="bbox 129 4612 1407 4682; baseline 0.003 -16"><span class='ocrx_word' id='word_1_569' title='bbox 129 4617 178 4666; x_wconf 72' lang='lat' dir='ltr'>tnr</span> <span class='ocrx_word' id='word_1_570' title='bbox 192 4613 230 4664; x_wconf 67' lang='grc' dir='ltr'><strong>Ρ</strong></span> <span class='ocrx_word' id='word_1_571' title='bbox 276 4613 392 4682; x_wconf 75' lang='lat' dir='ltr'>denim]</span> <span class='ocrx_word' id='word_1_572' title='bbox 405 4613 478 4668; x_wconf 82' lang='lat' dir='ltr'>onim</span> <span class='ocrx_word' id='word_1_573' title='bbox 492 4613 527 4664; x_wconf 81' lang='lat' dir='ltr'>F¹</span> <span class='ocrx_word' id='word_1_574' title='bbox 576 4613 662 4668; x_wconf 80' lang='lat' dir='ltr'>&#39;l&#39;h&#39;is</span> <span class='ocrx_word' id='word_1_575' title='bbox 715 4615 750 4668; x_wconf 88' lang='grc'>22</span> <span class='ocrx_word' id='word_1_576' title='bbox 759 4613 932 4670; x_wconf 69' lang='lat' dir='ltr'>libertatem*</span> <span class='ocrx_word' id='word_1_577' title='bbox 942 4616 977 4667; x_wconf 63' lang='grc' dir='ltr'><strong>Ρ</strong></span> <span class='ocrx_word' id='word_1_578' title='bbox 1002 4615 1038 4668; x_wconf 86' lang='grc'>26</span> <span class='ocrx_word' id='word_1_579' title='bbox 1047 4613 1186 4668; x_wconf 90' lang='lat' dir='ltr'>uindicent</span> <span class='ocrx_word' id='word_1_580' title='bbox 1196 4617 1233 4668; x_wconf 80' lang='lat' dir='ltr'>F²</span> <span class='ocrx_word' id='word_1_581' title='bbox 1248 4616 1253 4682; x_wconf 80' lang='lat' dir='ltr'>l</span> <span class='ocrx_word' id='word_1_582' title='bbox 1269 4612 1407 4670; x_wconf 85' lang='lat' dir='ltr'>dicent&#39;es&#39;</span> 
     </span>
     <span class='ocr_line' id='line_1_50' title="bbox 129 4683 1350 4755; baseline 0.003 -19"><span class='ocrx_word' id='word_1_583' title='bbox 129 4683 202 4736; x_wconf 62' lang='grc' dir='ltr'>Μ’</span> <span class='ocrx_word' id='word_1_584' title='bbox 250 4685 284 4737; x_wconf 89' lang='grc'>12</span> <span class='ocrx_word' id='word_1_585' title='bbox 301 4688 418 4738; x_wconf 84' lang='lat' dir='ltr'>testator</span> <span class='ocrx_word' id='word_1_586' title='bbox 430 4685 456 4754; x_wconf 86' lang='lat' dir='ltr'>a]</span> <span class='ocrx_word' id='word_1_587' title='bbox 474 4687 607 4738; x_wconf 87' lang='lat' dir='ltr'>testatore</span> <span class='ocrx_word' id='word_1_588' title='bbox 626 4685 661 4735; x_wconf 83' lang='lat' dir='ltr'>F¹</span> <span class='ocrx_word' id='word_1_589' title='bbox 715 4699 777 4739; x_wconf 89' lang='lat' dir='ltr'>esse</span> <span class='ocrx_word' id='word_1_590' title='bbox 796 4687 834 4738; x_wconf 81' lang='lat' dir='ltr'>F’</span> <span class='ocrx_word' id='word_1_591' title='bbox 893 4687 928 4741; x_wconf 83' lang='lat'>30</span> <span class='ocrx_word' id='word_1_592' title='bbox 950 4683 1177 4755; x_wconf 86' lang='lat' dir='ltr'>propri‘a&#39;ctatem</span> <span class='ocrx_word' id='word_1_593' title='bbox 1197 4686 1231 4739; x_wconf 67' lang='grc' dir='ltr'>Ρ*</span> <span class='ocrx_word' id='word_1_594' title='bbox 1252 4688 1257 4752; x_wconf 93' lang='grc'>1</span> <span class='ocrx_word' id='word_1_595' title='bbox 1278 4687 1350 4740; x_wconf 88' lang='lat' dir='ltr'>serui</span> 
     </span>
     <span class='ocr_line' id='line_1_51' title="bbox 129 4751 1407 4824; baseline 0.003 -18"><span class='ocrx_word' id='word_1_596' title='bbox 129 4751 167 4806; x_wconf 88' lang='lat' dir='ltr'>i‘s&#39;</span> <span class='ocrx_word' id='word_1_597' title='bbox 180 4752 230 4808; x_wconf 87' lang='lat' dir='ltr'>sed</span> <span class='ocrx_word' id='word_1_598' title='bbox 250 4755 307 4821; x_wconf 74' lang='lat' dir='ltr'>F’l</span> <span class='ocrx_word' id='word_1_599' title='bbox 327 4754 377 4808; x_wconf 89' lang='lat' dir='ltr'>sed</span> <span class='ocrx_word' id='word_1_600' title='bbox 399 4755 468 4809; x_wconf 88' lang='lat' dir='ltr'>etsi</span> <span class='ocrx_word' id='word_1_601' title='bbox 486 4754 553 4808; x_wconf 88' lang='lat' dir='ltr'>dats</span> <span class='ocrx_word' id='word_1_602' title='bbox 570 4753 662 4824; x_wconf 87' lang='lat' dir='ltr'>inerit]</span> <span class='ocrx_word' id='word_1_603' title='bbox 714 4756 887 4824; x_wconf 84' lang='lat' dir='ltr'>pigneratum</span> <span class='ocrx_word' id='word_1_604' title='bbox 912 4775 959 4809; x_wconf 84' lang='lat' dir='ltr'>cm.</span> <span class='ocrx_word' id='word_1_605' title='bbox 975 4755 1009 4808; x_wconf 64' lang='grc' dir='ltr'><em>Ρ</em></span> <span class='ocrx_word' id='word_1_606' title='bbox 1068 4757 1103 4810; x_wconf 81' lang='grc'>32</span> <span class='ocrx_word' id='word_1_607' title='bbox 1121 4757 1167 4811; x_wconf 79' lang='lat' dir='ltr'>ts</span> <span class='ocrx_word' id='word_1_608' title='bbox 1185 4765 1315 4812; x_wconf 72' lang='lat' dir='ltr'>watiaant</span> <span class='ocrx_word' id='word_1_609' title='bbox 1336 4763 1407 4810; x_wconf 67' lang='lat' dir='ltr'>anu-</span> 
     </span>
     <span class='ocr_line' id='line_1_52' title="bbox 129 4822 1408 4965; baseline 0.003 -17"><span class='ocrx_word' id='word_1_610' title='bbox 129 4822 396 4960; x_wconf 54' lang='lat' dir='ltr'>l&#39;l‘l‘a‘liiisl</span> <span class='ocrx_word' id='word_1_611' title='bbox 413 4825 469 4951; x_wconf 74' lang='lat' dir='ltr'>&#39;ll</span> <span class='ocrx_word' id='word_1_612' title='bbox 488 4823 661 4964; x_wconf 59' lang='lat' dir='ltr'>{illibi}</span> <span class='ocrx_word' id='word_1_613' title='bbox 715 4827 862 4951; x_wconf 58' lang='lat' dir='ltr'>{diliis</span> <span class='ocrx_word' id='word_1_614' title='bbox 895 4825 1323 4954; x_wconf 51' lang='lat' dir='ltr'>Xslllllsslll&#39;l‘uirl‘nssin</span> <span class='ocrx_word' id='word_1_615' title='bbox 1345 4841 1408 4965; x_wconf 62' lang='lat' dir='ltr'>titi</span> 
     </span>
     <span class='ocr_line' id='line_1_53' title="bbox 129 4904 1408 5035; baseline 0.003 -15"><span class='ocrx_word' id='word_1_616' title='bbox 129 4904 453 5035; x_wconf 52' lang='grc' dir='ltr'>ῗωῗῡερρπίὲὺὶιΐ*</span> <span class='ocrx_word' id='word_1_617' title='bbox 495 4965 662 5022; x_wconf 75' lang='lat' dir='ltr'>20inliber-</span> <span class='ocrx_word' id='word_1_618' title='bbox 715 4965 776 5022; x_wconf 87' lang='lat' dir='ltr'>linit</span> <span class='ocrx_word' id='word_1_619' title='bbox 786 4967 911 5023; x_wconf 90' lang='lat' dir='ltr'>condicio</span> <span class='ocrx_word' id='word_1_620' title='bbox 923 4969 947 5020; x_wconf 85' lang='lat' dir='ltr'><em>F</em></span> <span class='ocrx_word' id='word_1_621' title='bbox 950 4969 960 5004; x_wconf 82' lang='lat'>²</span> <span class='ocrx_word' id='word_1_622' title='bbox 1002 4969 1037 5023; x_wconf 83' lang='grc'>39</span> <span class='ocrx_word' id='word_1_623' title='bbox 1055 4969 1110 5024; x_wconf 90' lang='lat' dir='ltr'>duo</span> <span class='ocrx_word' id='word_1_624' title='bbox 1123 4989 1171 5023; x_wconf 87' lang='lat' dir='ltr'>om.</span> <span class='ocrx_word' id='word_1_625' title='bbox 1184 4971 1220 5022; x_wconf 61' lang='grc' dir='ltr'>ΕΙ</span> <span class='ocrx_word' id='word_1_626' title='bbox 1261 4970 1297 5023; x_wconf 88' lang='grc'>40</span> <span class='ocrx_word' id='word_1_627' title='bbox 1310 4967 1408 5024; x_wconf 70' lang='grc' dir='ltr'><strong>’1ιάὴο-</strong></span> 
     </span>
     <span class='ocr_line' id='line_1_54' title="bbox 129 5037 1136 5110; baseline 0.001 -19"><span class='ocrx_word' id='word_1_628' title='bbox 129 5041 130 5052; x_wconf 72' lang='lat'><em>&#39;</em></span> <span class='ocrx_word' id='word_1_629' title='bbox 195 5037 227 5091; x_wconf 88' lang='grc'>21</span> <span class='ocrx_word' id='word_1_630' title='bbox 253 5037 402 5092; x_wconf 90' lang='lat' dir='ltr'>sustineuit</span> <span class='ocrx_word' id='word_1_631' title='bbox 423 5039 458 5090; x_wconf 66' lang='grc' dir='ltr'><strong>Ρ</strong></span> <span class='ocrx_word' id='word_1_632' title='bbox 480 5039 484 5107; x_wconf 90' lang='grc' dir='ltr'>Ι</span> <span class='ocrx_word' id='word_1_633' title='bbox 506 5042 535 5093; x_wconf 87' lang='lat' dir='ltr'>et</span> <span class='ocrx_word' id='word_1_634' title='bbox 558 5056 607 5092; x_wconf 87' lang='lat' dir='ltr'>om.</span> <span class='ocrx_word' id='word_1_635' title='bbox 626 5038 661 5091; x_wconf 81' lang='lat' dir='ltr'>F¹</span> <span class='ocrx_word' id='word_1_636' title='bbox 715 5038 769 5093; x_wconf 91' lang='lat' dir='ltr'>rint</span> <span class='ocrx_word' id='word_1_637' title='bbox 787 5039 825 5092; x_wconf 71' lang='grc' dir='ltr'><strong>Ρ</strong></span> <span class='ocrx_word' id='word_1_638' title='bbox 876 5039 913 5094; x_wconf 84' lang='grc'>43</span> <span class='ocrx_word' id='word_1_639' title='bbox 930 5039 1136 5110; x_wconf 85' lang='lat' dir='ltr'>exceptioneF</span> 
     </span>
    </p>
   </div>
   <div class='ocr_carea' id='block_1_7' title="bbox 0 0 1804 5460">
    <p class='ocr_par' dir='ltr' id='par_1_7' title="bbox 0 0 1804 5460">
     <span class='ocr_line' id='line_1_55' title="bbox 0 0 1804 5460; baseline 0 0"><span class='ocrx_word' id='word_1_640' title='bbox 0 0 1804 5460; x_wconf 95' lang='lat' dir='ltr'> </span> 
     </span>
    </p>
   </div>
  </div>
 </body>
</html>
