3600 5460
63 261 309 310 snsnunrsnars
668 281 675 322 ς
734 237 822 318 465
985 219 986 222 ¹
1046 197 1047 200 Ἴ
1202 241 1324 312 XXXX
1345 247 1362 311 7
1386 253 1500 308 28-31

63 405 120 468 eet,
145 401 199 454 nisi
216 400 244 454 id
262 400 383 469 legatum
402 401 429 454 in
447 403 557 469 tompus
574 399 707 468 libertatis
726 401 855 455 collatum
874 404 955 456 esset.
989 401 1145 471 uideamus,
1170 417 1218 472 nc,
1238 418 1300 457 cum
1318 404 1455 473 peculium
1474 408 1503 458 et
1545 393 1546 396 '

64 490 251 544 accessionem
275 493 304 543 et
321 487 509 544 decessionem
527 488 642 558 habeat,
666 494 844 558 augmentum
862 505 971 559 quoque
989 490 1048 545 eius
1067 491 1180 561 peculii,
1204 491 1228 546 si
1247 491 1329 547 modo
1347 492 1383 547 ab
1401 491 1502 546 herede

65 577 90 631 ei
109 576 231 632 ablatum
250 591 305 632 non
323 577 368 644 sit,
386 576 478 645 legato
497 593 639 632 cessurum
657 579 708 633 sit:
727 584 755 632 et
773 578 862 648 magis
880 577 932 633 hoc
949 579 1008 634 iure
1026 579 1137 634 utimur.

118 666 291 720 Poucouuus
315 664 384 720 libro
404 670 504 721 octauo
522 665 629 721 docimo
648 666 682 720 ad
702 666 831 732 Quintum
850 667 978 722 Mucium.
1015 666 1174 732 Statuliberi
1193 685 1210 722 a
1228 669 1326 724 ceteris
1345 663 1502 752 [ῐῖῖεῖῡῖῐό
1520 677 1548 733 Ε

65 755 154 810 seruis
172 754 272 808 nostris
290 753 374 809 nihilo
391 769 480 824 paene
498 754 635 810 differunt.
663 759 692 809 et
709 755 771 810 ideo
789 755 863 826 quod
882 756 917 810 ad
936 756 1059 812 actiones
1077 758 1122 811 uel
1140 773 1175 811 ex
1189 757 1290 814 delicto
1303 758 1446 812 uenientes
1458 758 1503 812 uel
1521 771 1535 811 c

65 859 100 898 ex
119 842 229 912 negotio
247 848 327 912 gesto
346 847 502 898 contractu¹
521 843 653 912 pertinet,
672 843 794 900 eiusdem
814 844 981 899 condicionis
999 850 1064 900 sunt
1080 845 1233 901 statuliberi
1252 847 1330 902 cuius
1349 846 1441 902 ceteri.
1475 850 1504 900 et
1553 861 1556 868 ’

65 931 128 987 ideo
148 932 176 986 in
195 930 311 1000 publicis
329 945 438 1002 quoque
456 931 565 987 iudiciis
583 931 694 987 easdem
713 948 816 1003 poenas
836 933 985 1003 patiuntur,
1003 949 1073 1002 quas
1091 935 1175 989 ceteri
1193 935 1274 989 serui.
1311 935 1427 1002 Quintus
1445 934 1503 988 hlu-

65 1021 125 1076 cius
143 1020 252 1075 scribit:
270 1025 350 1090 pater
367 1017 485 1074 familias
501 1021 531 1076 in
548 1025 714 1076 testamento
732 1022 880 1090 scripserat
899 1021 930 1076 ‘si
942 1020 1116 1077 Andronicus
1135 1038 1232 1077 seruus
1245 1039 1323 1078 meus
1334 1023 1429 1078 heredi
1442 1037 1503 1078 mco

66 1108 180 1164 ‘dederit
202 1107 311 1177 decem,
334 1107 403 1164 libor
427 1107 504 1163 esto’.
538 1108 637 1164 deinde
661 1109 696 1164 de
720 1109 762 1164 bis
780 1109 860 1166 bonis
878 1115 1007 1179 coeperat
1024 1113 1211 1166 controuersia
1229 1126 1304 1167 esse:
1328 1111 1375 1181 qui
1394 1127 1424 1166 se
1441 1112 1503 1181 lego

65 1195 193 1252 heredem
218 1196 311 1251 aiebat
332 1211 406 1266 esse,
429 1197 454 1251 is
472 1213 533 1252 eam
552 1197 731 1253 hereditatem
751 1198 787 1252 ad
805 1199 989 1269 sepertinere
1007 1198 1129 1269 dicebat,
1154 1200 1234 1268 alter,
1254 1200 1305 1268 'qui
1322 1199 1502 1254 hereditatem
1523 1214 1551 1254 ιο
1651 1219 1655 1230 ·

64 1284 240 1354 possidebat,
258 1283 351 1340 aiebat
368 1289 534 1340 testamento
553 1301 583 1341 se
602 1286 730 1342 heredem
749 1303 818 1343 esse.
850 1287 1017 1342 secuudum¹
1036 1303 1099 1342 eum
1118 1289 1255 1343 sententia
1272 1288 1348 1343 dicta
1365 1293 1438 1357 erat,
1456 1288 1504 1356 qui

63 1379 230 1429 testamento
248 1373 341 1428 aiebat
358 1389 389 1428 se
407 1373 535 1430 heredem
554 1390 625 1431 csse.
656 1375 755 1431 deinde
774 1376 948 1431 Andronicus
966 1375 1124 1445 quaerebat,
1143 1377 1167 1431 si
1184 1376 1236 1446 ipsi
1255 1377 1354 1446 uiginti
1372 1375 1503 1447 dedisset,

63 1463 193 1532 quoniam
212 1461 362 1518 seeundum
381 1477 443 1518 eum
462 1464 600 1518 sententia
618 1463 692 1520 dicta
710 1471 767 1534 est,
791 1463 935 1520 iuturusno
959 1470 1033 1520 esset
1057 1463 1127 1519 liber
1150 1481 1185 1519 an
1208 1464 1273 1519 nihil
1297 1464 1424 1520 uideatur
1442 1479 1502 1519 sen-

63 1552 160 1621 tentia,
179 1567 235 1621 qus
252 1552 327 1619 uicit,
346 1551 382 1605 sd
400 1566 460 1606 eam
479 1567 536 1606 rem
556 1554 684 1608 ualerel³
702 1559 869 1623 quapropter
887 1555 910 1607 si
930 1553 1028 1622 uiginti
1047 1553 1139 1608 heredi
1157 1553 1260 1622 scripto
1272 1551 1396 1608 dedisset
1413 1557 1442 1607 ot
1459 1567 1503 1607 res
1523 1563 1552 1604 ιι

64 1647 161 1696 eontra
178 1655 364 1709 possessorem
383 1641 503 1696 iudicata
521 1645 603 1711 esset,
623 1643 634 1710 ll
653 1642 728 1696 illum
746 1641 774 1696 in
793 1643 926 1696 seruitute
944 1640 1021 1696 lore'
1039 1641 1132 1696 Labeo
1150 1640 1210 1710 hoo,
1230 1640 1304 1722 quod
1316 1640 1433 1706 Quintus
1446 1641 1503 1696 hlu-
1520 1647 1537 1694 f.
1548 1644 1602 1694 231·
1629 1709 1632 1724 ¹

63 1730 124 1784 cius
141 1728 244 1800 scribit,
263 1729 302 1784 ita
319 1734 399 1799 putat
416 1743 512 1788 uerum
531 1745 601 1799 esso,
620 1731 643 1784 si
661 1746 691 1785 re
710 1745 776 1784 uera
794 1730 855 1799 lege
873 1729 909 1785 ab
927 1731 1059 1786 intestato
1078 1729 1157 1785 heros
1175 1727 1228 1784 fuit
1240 1730 1264 1784 is
1276 1730 1323 1800 qui
1341 1730 1420 1784 uicit:
1439 1745 1503 1784 nam

64 1819 87 1873 si
105 1818 206 1872 iniuria
222 1817 320 1872 iudicis
339 1817 429 1872 uictus
447 1822 521 1873 essct
539 1819 657 1887 scriptus
676 1834 758 1873 uerus
771 1817 849 1872 heres
862 1834 897 1874 ex
909 1823 1084 1886 testamento,
1102 1819 1185 1873 nihilo
1200 1819 1291 1872 minus
1303 1833 1366 1872 eum
1378 1818 1503 1887 paruisse

63 1906 218 1962 condicioni
237 1907 262 1961 ei
281 1905 372 1961 dando
391 1910 419 1960 ct
437 1905 552 1961 liberum
571 1905 636 1961 lore.
664 1907 713 1961 scd
732 1907 905 1963 senissimum
924 1914 980 1978 est,
1005 1908 1079 1979 quod
1098 1912 1126 1962 et
1145 1906 1237 1962 Aristo
1256 1907 1336 1962 Celso
1355 1905 1502 1975 rescripsit,

62 2010 147 2066 posse
165 1995 224 2049 dari
242 1996 387 2065 pecuniam
405 1994 498 2050 herodi
517 1994 553 2050 ab
571 1995 711 2064 intestato,
729 1996 880 2050 secundum
899 2011 980 2066 quem
1000 1997 1136 2052 sententia
1155 1995 1229 2050 dicta
1241 1999 1292 2064 ost,
1311 1995 1440 2064 quonism
1458 1993 1504 2048 lex

63 2083 209 2140 duodecim
228 2082 383 2138 tabularum
402 2084 547 2151 emptionis
565 2083 650 2138 uerbo
670 2099 777 2139 omnem
797 2085 988 2140 alienationem
1008 2085 1152 2156 complosa
1170 2083 1323 2138 uideretur:
1347 2099 1402 2138 non
1420 2083 1503 2137 intor-
1522 2094 1551 2134 so

63 2188 139 2241 esse,
161 2187 217 2242 quo
235 2187 337 2242 genere
354 2173 471 2242 qurisqrm
489 2171 615 2226 dominus
633 2171 693 2226 eius
712 2170 790 2227 lieret
812 2177 841 2227 ct
859 2173 921 2229 ideo
939 2173 1011 2228 huno
1030 2187 1139 2242 quoque
1158 2187 1192 2226 oa
1209 2173 1271 2241 lege
1289 2171 1435 2240 contineri,
1461 2184 1503 2225 se-

62 2261 185 2316 cundum
203 2276 284 2330 quem
304 2261 442 2316 mutantia
459 2260 534 2316 diota
551 2265 602 2329 ost,
620 2265 649 2314 et
661 2260 776 2338 liberum
789 2261 910 2318 laturum
922 2277 994 2330 enm,
1013 2263 1059 2332 qui
1076 2262 1101 2316 ei
1114 2261 1237 2316 dedisset
1247 2260 1402 2330 pecuniam.
1430 2257 1503 2314 huuc

63 2356 173 2418 autem,
197 2349 226 2404 id
243 2354 288 2404 est
305 2364 492 2420 possessorem
511 2347 685 2419 hereditatis,
709 2351 752 2404 cui
771 2350 836 2405 data
854 2355 929 2406 easot
952 2365 1073 2419 summa,
1098 2351 1122 2405 si
1141 2350 1230 2404 uictus
1248 2354 1323 2404 essct
1341 2347 1502 2402 hereditatis

62 2439 206 2510 petitione,
224 2453 286 2492 cum
305 2439 403 2492 ceteris
421 2439 615 2506 huncquoque
633 2439 777 2506 pecuniam
796 2440 893 2494 uictori
912 2439 1056 2494 restituere
1074 2437 1184 2493 debere.
1521 2447 1551 2487 as

117 2528 195 2582 lusu
212 2526 282 2581 libro
300 2526 418 2595 septimo
436 2541 470 2580 en
488 2526 572 2580 uariis
591 2526 762 2582 lectionibus.
790 2526 819 2582 Si
834 2529 873 2582 ita
885 2527 953 2582 liber
965 2542 1026 2582 csse
1038 2528 1130 2582 iussus
1145 2527 1182 2582 sit
1200 2524 1325 2594 ‘Stichus
1345 2518 1502 2608 [Βῖζιζόζ-ῐῐ
1520 2529 1547 2582 ld

63 2615 96 2670 'si
114 2631 177 2670 eum
195 2615 275 2670 heres
293 2629 348 2670 non
366 2614 535 2684 alienauerit,
554 2614 623 2670 liber·
640 2613 717 2684 estc',
736 2616 844 2671 etiamsi
861 2615 1005 2672 statuliber
1023 2621 1074 2684 est,
1093 2614 1204 2670 alienari
1223 2619 1316 2668 tamen
1334 2614 1442 2682 poterit.

118 2703 213 2759 Garus
230 2701 300 2758 libro
318 2702 524 2759 tertiodecimo
548 2703 583 2758 ad
602 2705 689 2772 legem
710 2705 805 2759 Iuliam
825 2709 853 2760 et
872 2705 992 2774 Papiam.
1030 2704 1060 2759 Si
1082 2718 1164 2758 seruc
1187 2701 1239 2757 sub
1263 2717 1326 2757 con·
1345 2696 1501 2784 [toja-[ss
1521 2705 1548 2760 ll

63 2792 172 2848 dicione
190 2792 324 2847 rationum
344 2791 479 2846 editarum
498 2793 619 2862 legatum
638 2794 689 2862 sit,
711 2807 761 2862 per
783 2808 843 2848 earn
867 2793 1055 2848 condicionem
1079 2807 1141 2847 cum
1164 2793 1270 2847 iussum
1295 2805 1357 2846 esse
1379 2792 1501 2860 legatum

63 2883 203 2952 accipere,
227 2887 260 2936 ut
280 2881 425 2950 pecuniam
449 2881 614 2950 reliquorum
638 2881 749 2950 reddat,
774 2897 827 2936 non
851 2881 1000 2936 dubitatur.
1038 2881 1074 2936 llt
1095 2880 1159 2936 idoo
1183 2895 1245 2935 cum
1269 2880 1422 2950 quaesitum
1443 2881 1502 2933 estt

64 2969 182 3026 'Su'ohus
200 2985 263 3025 cum
282 2969 403 3024 rationes
420 2968 536 3040 dederit,
555 2987 617 3025 curn
636 2969 824 3026 contubernali
841 2986 893 3026 sua
911 2969 979 3024 liber
997 2951 1072 3026 esto*
1084 2986 1119 3024 an
1134 2973 1241 3024 mortuo
1254 2967 1347 3024 Sticho
1360 2974 1425 3024 ante
1438 2984 1501 3024 con·
1521 2977 1549 3017 ιο
1613 3041 1614 3044 ¹

63 3059 200 3114 dicionem
223 3057 424 3114 contubernalis
446 3059 506 3114 cius
528 3059 615 3114 libore
639 3075 701 3114 csse
724 3059 824 3128 possit:
853 3059 974 3114 lulianus
1001 3058 1072 3113 dixit
1098 3058 1284 3128 quaestionem
1311 3073 1373 3112 esse
1400 3058 1428 3112 in
1450 3056 1502 3112 hac

63 3149 170 3219 specie,
194 3161 265 3217 quae
284 3150 313 3200 et
330 3146 358 3200 iu
377 3146 476 3216 legatis
495 3148 616 3216 agitatur
634 3147 677 3202 'illi
696 3163 758 3202 cum
776 3148 822 3202 illo
840 3147 893 3218 do',
918 3163 953 3202 an
971 3148 1058 3202 altero
1076 3145 1221 3208 deficiente
1240 3147 1308 3201 alter
1326 3145 1361 3200 ad
1379 3147 1501 3215 legatum

65 3237 238 3292 admittatur:
262 3233 336 3304 quod
355 3235 443 3303 magis
462 3235 514 3290 sibi
531 3237 652 3306 placate,
676 3236 789 3306 perinde
813 3253 846 3292 ac
869 3237 892 3291 si
914 3237 955 3291 its
972 3236 1104 3305 scriptum
1122 3239 1198 3290 esset
1216 3234 1260 3288 'illi
1284 3239 1313 3289 et
1336 3233 1391 3289 illi'.
1419 3235 1501 3289 aliam

65 3327 147 3382 etiam
166 3339 228 3382 essc
246 3324 448 3394 quaestionem,
472 3341 507 3378 an
531 3324 717 3380 contubernali
740 3339 850 3394 quoquc
872 3325 996 3380 condicio
1020 3325 1114 3380 iuncta
1132 3325 1182 3379 sit:
1207 3323 1282 3392 quod
1305 3324 1394 3392 magis
1417 3327 1500 3378 esset.

65 3415 156 3485 itaque
175 3415 199 3478 si
217 3413 292 3468 nulla
309 3412 415 3482 reliqua
433 3411 543 3468 Stichus
560 3411 699 3483 habuerit,
717 3413 811 3468 statim
830 3429 890 3469 eam
909 3412 1022 3468 liberam
1041 3427 1116 3484 esso,
1137 3413 1162 3467 si
1179 3411 1306 3468 habuerit
1322 3411 1434 3482 reliqua,
1454 3410 1501 3466 de·
1520 3418 1550 3460 ⁸⁵

66 3519 281 3589 rfflrznoo)

67 3661 294 3718 'contractnuet
358 3661 453 3716 ’idem
474 3660 570 3716 Graeci·
587 3663 622 3726 (ιι.
636 3666 678 3724 ι’.);
697 3665 793 3716 contra
811 3663 939 3725 (similiter
959 3661 1110 3726 οιιαιιιιι)1
1176 3657 1333 3728 'quoniam
1398 3657 1499 3726 ualere]

67 3735 128 3786 idem
146 3733 244 3788 Graeci·
261 3735 295 3799 (ιι.
311 3735 347 3800 ιτ),
366 3739 531 3804 requiruntur
548 3739 631 3786 autem
650 3733 728 3785 talia:
746 3731 875 3802 quonlam
894 3731 1044 3786 secundum
1063 3746 1125 3786 eum
1145 3730 1282 3784 sententia
1300 3728 1374 3782 dicta
1392 3727 1501 3782 iuturus

65 3801 161 3858 luisset
179 3803 255 3872 liber,
274 3819 309 3858 an
328 3803 391 3858 nihil
411 3803 538 3858 uideatur
556 3802 693 3856 sententia
710 3817 781 3871 quae
800 3803 867 3856 uicit
885 3801 920 3856 ad
940 3817 1000 3857 eam
1019 3817 1077 3856 rem
1096 3801 1209 3855 ualere?
1231 3799 1373 3869 respondit
1390 3799 1501 3854 omnino

65 3875 228 3930 sententiam
248 3889 319 3944 quae
337 3875 405 3929 uicit
422 3874 458 3929 ad
477 3889 537 3929 eam
556 3889 613 3928 rem
633 3873 725 3928 ualere
796 3875 808 3909 ⁴
825 3873 951 3928 libertate
970 3874 1010 3929 sic
1028 3873 1124 3928 relicta
1140 3875 1182 3926 aet
1197 3875 1294 3926 ιῑιιιιιια
1313 3879 1359 3925 ιιι.

65 4017 209 4086 equoque
284 4017 302 4070 3
320 4015 440 4070 ablatum
464 4035 513 4068 om.
526 4015 562 4068 1ιἾ
583 4017 587 4078 Ι
609 4013 701 4083 modo]
726 4035 755 4068 es
808 4015 912 4082 (Dor.):
936 4033 987 4068 aon
1006 4017 1081 4070 aliter
1099 4021 1179 4086 tyttur
1197 4015 1310 4082 leyerual
1329 4011 1437 4074 Graeci,
1455 4013 1502 4064 aed

65 4087 201 4142 madoem.
215 4087 251 4138 F2
291 4085 472 4156 5pueneF¹
489 4089 493 4152 Ι
509 4085 754 4140 uelexdelicto...
809 4105 839 4139 ox
868 4093 997 4157 corruptis
1027 4103 1126 4156 quoquc
1156 4083 1231 4136 modo
1258 4101 1312 4136 sess
1338 4083 1502 4153 expedierunt

64 4161 81 4211 6
99 4156 253 4226 contractu]
273 4157 301 4210 ὲκ
318 4177 346 4211 τε
366 4157 583 4221 ιγιιιιλιιιιάτωιι
608 4156 695 4217 abraba
716 4157 754 4210 sai
809 4158 843 4211 15
861 4155 1025 4210 ludicata'm'
1038 4155 1074 4209 Γ*
1119 4156 1153 4209 16
1165 4159 1262 4223 putus
1274 4153 1311 4204 F²
1325 4153 1330 4220 1
1346 4153 1422 4221 uera]
1434 4167 1500 4207 uero

65 4227 90 4284 'st
108 4228 302 4299 auspicatior
319 4229 366 4282 ΒΕ
378 4230 468 4294 (Dor.)
522 4227 662 4294 fidetem]
676 4227 753 4281 εῐκοει
809 4228 845 4280 F¹
862 4227 915 4296 lis]
935 4226 1014 4281 bisF
1053 4228 1088 4280 20
1105 4240 1160 4280 nou
1179 4223 1321 4292 iuteresse]
1339 4223 1500 4278 Ennomon-

63 4301 111 4356 RS
129 4301 221 4368 (Doni
271 4301 306 4354 10
323 4299 395 4369 eam]
412 4314 474 4354 eum
493 4299 527 4352 F¹
577 4300 609 4352 11
629 4297 756 4352 ai‘a'ebat
807 4313 935 4362 noanon
953 4299 1099 4352 interesset
1118 4299 1149 4350 F:
1170 4295 1239 4349 ὧιτε
1258 4293 1346 4348 austu
1366 4293 1500 4365 περιεργά-

65 4371 99 4424 Ρ
113 4374 119 4440 Ι
135 4370 288 4426 seeundum
355 4369 533 4440 ldkberedern
552 4369 623 4437 csso]
644 4370 682 4423 sai
702 4368 754 4422 ‘eai-
808 4379 893 4423 zeceu
914 4369 981 4423 isaie
999 4368 1047 4422 BS
1065 4368 1156 4432 (Dor.)
1201 4367 1236 4420 24
1253 4365 1333 4434 hanc]
1353 4381 1388 4418 an
1407 4366 1440 4418 F:
1460 4365 1499 4418 sai

64 4463 141 4498 aucsu
174 4442 224 4496 rsa
252 4443 326 4494 hissa
354 4441 370 4494 ὸ
392 4441 567 4512 [espessiaoc
595 4439 642 4494 BS
665 4441 755 4506 (Dor.)
807 4441 888 4501 τιῨτιι
911 4439 943 4492 τὰ
960 4439 1065 4508 dpsipsa
1084 4439 1131 4491 BS
1149 4437 1240 4503 (Dor.)
1278 4435 1499 4520 seiherum]

65 4515 97 4568 12
115 4515 139 4568 si
158 4513 211 4583 ipsi
228 4513 328 4582 uiginti
345 4512 469 4568 dedIssot
537 4512 571 4566 14
589 4511 690 4580 ualere]
708 4509 754 4564 'eda
808 4509 939 4565 liberasse
952 4511 986 4564 F¹
1032 4511 1067 4563 28
1085 4509 1220 4563 rationum
1234 4506 1378 4574 editarum]
1392 4505 1438 4558 εἰιιι
1451 4524 1500 4558 ιιι-

63 4584 94 4638 ιὶ
113 4585 135 4638 κ’
153 4585 298 4638 acaicuara
314 4583 429 4653 napdcxu
442 4583 481 4651 τῷ
496 4582 624 4636 ιιικὴιιιιτι
637 4581 685 4636 rba
698 4582 754 4650 περὶ
810 4582 887 4652 phou
913 4580 976 4643 soie
999 4579 1094 4644 λὸΓογε
1118 4579 1166 4632 Bs
1185 4579 1276 4644 (Dor.)
1329 4578 1365 4632 30
1383 4576 1499 4645 dederit]

64 4655 112 4708 riis.
137 4656 312 4726 aaupouoaiac
335 4653 425 4719 dsdaua
454 4657 499 4718 l:
524 4654 547 4707 si
575 4653 629 4722 ipsi
658 4653 756 4722 uiginti
808 4601 1499 4717 1111οθ61131ιιιιίθοοιιάἰοίοιιθιιι]πρὶιιιιλιιρώιιιι

63 4725 199 4796 dedisset,
227 4724 378 4781 secundum
406 4739 488 4794 quem
519 4725 656 4778 sententia
681 4723 756 4777 dieta
809 4723 857 4776 risa
877 4723 972 4794 alpecm
992 4722 1039 4775 BS
1093 4723 1125 4774 31
1146 4719 1333 4775 contubernali
1352 4720 1397 4784 Fi
1418 4733 1500 4787 quae·

63 4802 126 4866 cst),
145 4798 167 4852 εἰ
186 4798 280 4861 riserat
298 4796 440 4864 ὲλεῨθεροε
457 4797 501 4862 (=
520 4793 664 4849 fruiturusue
683 4800 757 4850 esset
809 4794 929 4849 stionum
954 4794 987 4847 F:
1010 4790 1058 4845 rr'su
1084 4789 1164 4852 ιῨιὲιιι
1189 4791 1293 4845 zr'srucru
1367 4789 1431 4844 εἶιιιι
1452 4789 1500 4842 Bs

63 4867 142 4934 liber)
165 4867 181 4922 is
205 4869 263 4922 ariri
289 4866 368 4928 uilia
393 4867 460 4920 nosci
485 4865 575 4936 sinepi
595 4865 642 4919 uic
662 4876 755 4936 κλιιρο·
809 4866 844 4920 34
856 4864 959 4932 iuncta]
973 4862 1137 4926 ιγιιὲῑεγιιτιι
1149 4861 1304 4935 suasu.
1315 4861 1357 4924 35,
1369 4861 1437 4926 sul
1445 4877 1500 4930 pr..-

65 4939 157 4994 sosiae
179 4936 309 5002 tndoauc
331 4943 376 5006 (=
401 4954 436 4992 an
460 4935 526 4992 aibil
549 4935 676 4992 uideatur
695 4952 756 4992 sen·
809 4935 846 4991 ad
868 4933 1086 5004 coniungendam
1112 4932 1300 4990 condicionem
1324 4931 1330 4999 1
1353 4935 1445 4986 esset*
1463 4929 1501 4983 Ρ
1526 4975 1528 4979 ,

65 5011 152 5066 tentia
177 5025 234 5082 qua
259 5009 327 5067 uicit
353 5009 389 5064 ad
412 5025 474 5064 eam
497 5022 554 5063 rem
577 5008 680 5074 ualere)
709 5007 756 5061 BS

223 5101 252 5146 ll.
416 5125 418 5130 ,
876 5095 877 5100 ’
1252 5092 1287 5146 30
