4216 5424
623 260 828 328 ssu-c
1297 248 1387 328 914
1733 221 1740 232 ’
1787 271 2006 324 nemmem

590 421 686 472 rcum
709 417 820 484 sumptu
843 411 903 466 sine
926 411 1005 466 titulo
1027 409 1169 480 dignitatis
1193 409 1326 465 subimus.
1362 408 1474 465 Uiarum
1494 409 1674 478 munitiones,
1697 408 1870 479 praediorum
1891 410 2008 469 celsiores

591 511 677 562 ‹inon
701 517 847 575 personee,
871 499 920 556 sed
941 500 1062 554 locomm
1086 515 1199 554 munere
1222 504 1295 554 sunt.
1336 499 1378 554 De
1401 495 1548 554 honoribus
1573 498 1632 552 siue
1656 497 1817 566 muneribus
1840 499 1951 568 gerendis
1967 516 2010 557 surr

623 593 776 664 qneeritur,
798 589 938 660 inprimis
956 588 1155 644 consideranda
1171 603 1290 660 persona
1307 593 1351 642 est
1368 587 1442 658 eius,
1466 587 1511 643 cui
1534 585 1656 644 defertur
1679 587 1767 643 honor
1792 589 1850 644 siue
1867 588 1966 642 muueris
1978 590 2012 644 rd-

623 681 800 738 ministratio:
824 680 889 734 item
908 677 985 748 origo
1003 677 1147 732 netelinm:
1171 676 1316 732 tecnltetee
1334 691 1442 747 quoque
1465 693 1500 732 an
1523 674 1651 740 sufficere
1668 677 1793 732 iniuncto
1812 684 1911 732 muneri
1926 679 2013 746 possint:

591 776 607 822 4
624 773 690 828 item
708 771 766 840 lex,
791 766 941 824 secundnm
959 783 1042 836 quem
1061 765 1218 822 muneribus
1236 767 1352 837 quisque
1370 764 1448 834 iungi
1466 765 1575 820 debeat.
1611 765 1715 821 Plebeii
1736 765 1785 822 filii
1804 764 1878 820 femi·
1896 761 2036 848 [Q'OEs
2107 796 2108 801 κ

624 861 675 916 lias
692 859 812 929 periculo
830 858 889 912 eius
907 857 955 926 qui
976 855 1158 910 nomineuerit
1181 855 1359 922 tenebuntur,
1383 853 1466 924 idque
1491 855 1640 925 imperator
1661 859 1756 910 noster
1774 853 1891 910 Seuerus
1906 844 2018 924 Anguem

624 950 653 1005 in
670 947 739 1002 heec
756 945 842 1002 uerba
860 946 1014 1016 rescripsit:
1034 943 1071 1000 'Si
1089 946 1118 1000 in
1136 959 1249 1000 numero
1267 943 1435 1015 plebeiorum
1454 941 1527 998 filius
1544 949 1609 998 tuns
1627 949 1684 1014 cet,
1702 959 1868 1014 quemquem
1886 945 1971 1000 inultm
1984 945 2018 1000 ho·
2106 1015 2107 1020 η

624 1037 712 1092 'nores
730 1051 766 1091 er
782 1050 900 1104 persons
917 1033 966 1090 filii
983 1035 1123 1104 suscipere
1141 1035 1205 1103 cogi
1223 1049 1278 1089 non
1295 1033 1411 1102 debess,
1429 1038 1522 1087 tamen
1540 1033 1683 1102 resistere,
1703 1049 1758 1103 qno
1778 1035 1866 1088 minue
1882 1035 1972 1103 patriae
1984 1033 2019 1089 oh

592 1131 606 1178 5
625 1127 762 1196 'sequetur
779 1125 900 1195 periculo
919 1125 978 1179 eins
996 1125 1044 1194 qni
1063 1123 1221 1193 nominauit,
1240 1124 1299 1179 iure
1317 1123 1422 1193 petrice
1440 1122 1586 1192 potestatis
1604 1137 1659 1178 non
1670 1121 1767 1192 potes'.
1799 1119 2020 1205 Gerendorunffl

623 1215 756 1270 honorum
774 1229 829 1268 non
847 1213 1003 1283 promiscue
1020 1211 1138 1268 ieoultes
1155 1217 1213 1283 est,
1236 1212 1285 1267 sed
1308 1211 1375 1268 ordo
1400 1217 1490 1266 cortus
1508 1209 1572 1266 hnic
1589 1211 1629 1266 rei
1648 1210 1788 1266 ndhibitus
1807 1217 1858 1266 est
1884 1227 1940 1265 nem
1955 1226 2021 1282 neque
2034 1227 2052 1266 rr

624 1305 699 1374 prins
717 1302 847 1358 maiorem
866 1302 1056 1371 magistratum
1075 1302 1233 1371 qnisquam,
1256 1301 1309 1356 nisi
1327 1301 1458 1356 minorem
1478 1301 1643 1370 susceperit,
1665 1316 1762 1370 gerere
1785 1305 1889 1370 potest,
1910 1315 1984 1369 neqnc
1996 1299 2023 1354 ch

591 1399 606 1446 e
624 1393 697 1449 omni
716 1393 924 1472 aetatemque
943 1391 1102 1446 continuere
1120 1391 1236 1460 quisque
1253 1390 1370 1446 honores
1387 1393 1489 1460 potest.
1517 1389 1547 1445 Si
1565 1391 1610 1444 elii
1623 1405 1677 1444 non
1690 1390 1746 1444 sint
1757 1390 1805 1458 qui
1817 1388 1929 1444 honores
1943 1395 2023 1458 gerent

625 1481 736 1536 eosdem
760 1477 977 1548 compellendos,
1001 1480 1050 1550 qni
1072 1480 1220 1549 gesserint,
1245 1479 1436 1550 conplurimis¹
1455 1477 1696 1561 constitutiombus
1721 1483 1844 1534 cenetnr.
1871 1477 1945 1532 dinus
1962 1477 2024 1532 etiam

624 1569 780 1624 Hadrianus
798 1567 833 1622 de
851 1568 982 1624 iterandis
1000 1567 1159 1624 muneribus
1177 1569 1317 1640 rescripsit
1333 1569 1362 1624 in
1380 1569 1449 1624 haec
1466 1568 1565 1624 uerbe:
1585 1568 1662 1624 ‘illud
1674 1569 1828 1636 consentio,
1847 1571 1884 1636 ut,
1902 1567 1972 1622 sislii
1985 1581 2025 1621 non

625 1657 713 1714 ‘erunt
730 1658 823 1712 idonei
841 1657 887 1726 qui
905 1656 957 1713 hoo
974 1672 1087 1712 munere
1104 1656 1263 1727 fungentur,
1282 1673 1316 1714 en
1335 1657 1451 1728 his,'qui
1470 1658 1524 1712 iem
1542 1657 1629 1713 functi
1648 1663 1721 1726 sunt,
1735 1651 1884 1712 creentur.
2038 1670 2055 1710 u

569 1743 607 1802 15
678 1749 858 1802 Permesse
875 1745 944 1801 libro
963 1746 1058 1816 quinto
1076 1761 1279 1816 responsorum.
1310 1747 1371 1802 Etsi
1388 1744 1473 1802 lilium
1491 1753 1570 1817 peter
1588 1746 1764 1802 decurionem
1778 1761 1840 1800 esse
1853 1745 1941 1814 uoluit,
1956 1745 2054 1800 noui

625 1835 773 1892 deiuncto²
792 1833 917 1902 honores,
936 1835 983 1904 qui
1000 1833 1056 1890 filio
1074 1835 1214 1891 deoufioni
1232 1839 1415 1906 congruentes
1433 1840 1629 1906 postmortem
1647 1836 1733 1905 patris
1752 1834 1919 1904 obtigerunt,
1934 1833 2026 1888 monus

625 1923 767 1981 coheredis
784 1921 834 1978 filii
851 1939 905 1978 nou
923 1923 1069 1994 pertinent,
1087 1940 1150 1979 curn
1169 1925 1194 1980 ei
1213 1923 1354 1980 decurioni
1372 1921 1542 1980 sufficientes
1559 1923 1706 1980 facultates
1723 1929 1805 1995 pater
1822 1923 2024 2004 reliquerit—

569 2009 607 2068 16
677 2015 796 2068 Prucus
819 2011 888 2067 libro
910 2013 998 2081 primo
1022 2013 1228 2068 sententiarum.
1264 2013 1493 2070 Aestimationem
1516 2012 1626 2070 honoris
1647 2020 1696 2068 ent
1713 2014 1837 2069 muneris
1853 2014 1883 2068 in
1900 2000 2055 2086 Q?

595 2111 605 2154 r
625 2103 742 2174 pecunie
759 2117 808 2172 pro
827 2099 1062 2156 edministretione
1080 2102 1226 2158 offerentes
1244 2101 1373 2158 audiendi
1390 2117 1445 2158 uon
1463 2107 1537 2158 sunt.
1573 2102 1626 2168 Qui
1648 2118 1698 2172 pro
1723 2102 1827 2159 honore
1846 2102 1977 2172 pecuniam
1991 2094 2026 2182 Q
2038 2115 2056 2154 rr

625 2192 763 2262 promisit,
787 2191 810 2246 si
828 2190 935 2246 soluere
953 2205 1015 2246 eam
1034 2191 1137 2262 coepit,
1160 2197 1247 2248 totam
1271 2198 1412 2262 proestare
1435 2191 1526 2262 operis
1548 2190 1668 2246 inchoati
1692 2191 1820 2262 exemplo
1844 2189 1973 2260 cogendus
1991 2193 2027 2242 set

562 2281 731 2335 aslnuitus
748 2279 820 2334 iilius
838 2295 887 2349 pro
906 2285 984 2350 petre
1002 2280 1215 2352 rempublicam
1239 2282 1345 2336 saluam
1368 2279 1427 2336 iore
1449 2295 1549 2336 cauere
1573 2295 1629 2336 non
1652 2281 1770 2352 cogitur.
1808 2277 2027 2336 Defensioncmrci

625 2369 751 2440 publicae
770 2369 886 2438 amplius
904 2385 987 2439 quem
1005 2371 1091 2425 semel
1108 2371 1247 2440 suscipere
1266 2385 1346 2426 nemo
1364 2369 1480 2440 cogitur,
1498 2369 1551 2424 nisi
1569 2368 1597 2424 id
1615 2367 1674 2424 lieri
1691 2369 1847 2424 necessitas
1864 2368 1982 2439 postulet

570 2455 607 2511 17
678 2459 937 2516 Hernoccmmus
955 2457 1024 2514 libro
1042 2459 1130 2528 primo
1148 2459 1214 2514 inris
1232 2459 1421 2530 epitomerum.
1458 2457 1563 2528 Sponte
1580 2457 1738 2527 prouinciae
1758 2457 1939 2513 secerdotium
1955 2455 2055 2511 terere?

594 2555 605 2598 1
626 2562 706 2604 nemo
724 2547 891 2618 prohibetur.
928 2547 1060 2604 lmmunis
1077 2547 1113 2603 eb
1131 2547 1280 2604 honoribus
1298 2551 1326 2603 et
1344 2545 1502 2604 muneribus
1526 2547 1653 2604 ciuilibus
1676 2547 1700 2602 si
1724 2547 1868 2602 decurioni
1885 2550 1969 2602 creato
1983 2543 2027 2613 iiio,
2038 2557 2055 2596 s

626 2652 707 2707 quem
726 2635 810 2692 habet
832 2637 860 2692 in
882 2641 1035 2708 potestate,
1059 2637 1226 2707 consentiet,
1250 2637 1278 2692 in
1296 2635 1454 2693 muneribus
1477 2643 1506 2692 et
1527 2635 1677 2694 honoribus
1700 2641 1830 2707 sumptus
1853 2635 2027 2692 subministris

626 2724 682 2780 lilio
700 2726 879 2796 compellitur.

571 2810 608 2870 18
680 2813 835 2870 Arcturus
853 2813 1013 2870 Curnrsrus
1030 2813 1099 2870 libro
1118 2815 1248 2884 singulari
1267 2814 1302 2869 dc
1320 2813 1477 2870 muneribus
1496 2813 1630 2870 ciuilibus.
1658 2815 1802 2870 lineorum
1822 2814 1939 2869 ciuilium
1954 2809 2052 2881 epis?

627 2903 726 2958 diuisio
745 2909 799 2958 est:
818 2919 881 2958 nem
900 2903 1035 2974 quaedem
1054 2919 1167 2960 munera
1184 2903 1339 2974 personalia
1356 2907 1432 2973 sunt,
1451 2903 1587 2973 quaedam
1605 2903 1835 2972 patrimoniorum
1853 2903 1978 2970 dicnnbrr,
1992 2901 2025 2954 ds

596 3000 608 3045 1
628 2993 722 3048 mixte.
758 2993 915 3048 Personeiia
932 2998 1005 3062 sunt,
1023 3009 1095 3062 quse
1112 2993 1196 3049 enimi
1213 2993 1370 3062 prouisione
1388 2997 1417 3048 et
1434 2993 1583 3062 oorporrdis
1599 2991 1702 3048 lebonis
1720 2993 1874 3048 intentione
1892 2992 1947 3046 sine
1961 2991 2052 3059 dhone

594 3089 608 3133 t
627 3081 748 3151 gerentis
766 3081 929 3137 detrimento
947 3087 1152 3154 perpetrentur,
1175 3083 1261 3138 ueluti
1284 3083 1371 3137 tutele
1394 3082 1438 3137 uel
1461 3098 1540 3152 cura,
1562 3082 1714 3138 kalendarii
1738 3097 1851 3152 quoque
1874 3080 1977 3136 cundo.
2003 3077 2026 3132 lt

594 3177 608 3222 s
626 3175 774 3240 quaestore
792 3171 820 3225 in
838 3171 930 3240 alique
947 3171 1060 3227 ciuitate
1078 3171 1149 3226 inter
1166 3171 1282 3228 honores
1300 3185 1355 3226 nou
1373 3169 1493 3240 hebetur,
1512 3171 1562 3227 sed
1580 3171 1724 3242 personale
1737 3187 1839 3226 munus
1851 3175 1901 3226 est
1926 3169 2025 3224 Timum

626 3259 686 3316 siue
704 3275 836 3330 equorum
855 3259 1015 3329 productio·
1033 3267 1062 3316 et
1079 3261 1103 3316 ei
1127 3275 1182 3330 qna
1205 3261 1260 3316 alie
1283 3259 1410 3315 animetis
1432 3261 1587 3318 necessario
1612 3259 1810 3331 producenda⁴
1829 3261 1874 3315 nel
1896 3274 1938 3314 res
1957 3269 2026 3327 petr

625 3347 732 3404 boudee
750 3349 810 3404 siue
827 3349 1050 3420 persequendae¹
1069 3355 1147 3418 sunt,
1171 3350 1232 3405 uel⁸
1249 3351 1367 3418 pecunia
1389 3347 1490 3406 fiscalis
1514 3351 1573 3406 siue
1597 3365 1707 3406 ennone
1730 3351 1777 3405 nel
1802 3349 1901 3419 uestis,
1923 3356 2026 3416 perscore

592 3445 608 3492 4
626 3453 725 3492 munus
743 3443 795 3492 est
823 3437 926 3494 Cursus
944 3437 1103 3494 orbicularis
1121 3438 1285 3507 sollicitudo,
1304 3439 1369 3494 item
1389 3440 1561 3510 angariarum
1579 3439 1714 3510 praebitio
1726 3439 1874 3508 personne
1891 3451 1979 3492 munus
1992 3435 2055 3488 mit

593 3525 699 3581 ussere
721 3539 830 3595 qnoque
853 3527 961 3584 emendi
985 3525 1113 3583 trementi
1137 3527 1190 3583 olei
1213 3529 1286 3594 (cem
1310 3527 1405 3584 herum
1430 3529 1581 3598 specierum
1609 3533 1765 3597 curatores,
1793 3543 1865 3598 qnos
1893 3525 2028 3580 erheuet

626 3614 754 3670 itarhsec
772 3617 918 3686 appellant,
936 3617 1023 3671 creari
1041 3617 1124 3672 moris
1142 3621 1196 3684 est)
1214 3616 1285 3672 inter
1302 3617 1456 3688 personalis
1474 3633 1587 3672 munere
1604 3618 1632 3671 in
1650 3617 1816 3687 quibusdem
1836 3615 1983 3672 ciuitstibus
1995 3627 2028 3666 ru·

626 3710 777 3759 merentur:
800 3711 829 3760 et
846 3703 989 3760 cdclcctio
1006 3705 1110 3774 publici
1128 3703 1242 3775 balinei,
1266 3706 1290 3761 si
1311 3721 1345 3761 ex
1368 3705 1501 3762 reditibus
1526 3707 1640 3762 elicuius
1666 3707 1788 3762 ciuitatis
1807 3705 1925 3761 curatori
1940 3701 2028 3774 pocur’t
2106 3729 2107 3734 ¹

593 3800 608 3846 e
626 3792 856 3849 subministratur.
883 3793 939 3849 Sed
957 3801 985 3849 et
1002 3809 1069 3849 cure
1086 3793 1259 3850 custodiendi
1278 3809 1365 3864 sqnee
1383 3794 1483 3852 ductos
1500 3793 1690 3866 personelibus
1705 3795 1867 3850 muneribus
1884 3794 2028 3864 adgregato

595 3881 787 3936 ilrenerchee
805 3897 923 3953 quoque,
941 3883 989 3952 qui
1007 3883 1167 3953 disciplinae
1184 3881 1311 3954 publicae
1329 3889 1358 3938 et
1375 3883 1543 3954 corrigendis
1563 3882 1573 3952 l
1592 3881 1713 3938 moribus
1731 3882 1941 3953 praeficiuntur:
1960 3881 1999 3937 sed
2011 3867 2080 3933 etdt'

625 3971 673 4040 qui
691 3970 726 4026 cd
744 3969 884 4026 iaciendas
902 3971 962 4026 uies
981 3972 1046 4042 eligi
1063 3973 1166 4042 solent,
1191 3987 1253 4027 curn
1272 3972 1338 4028 nihil
1355 3972 1390 4028 de
1413 3973 1523 4043 proprio
1546 3972 1709 4042 patrimonio
1733 3974 1763 4028 in
1780 3971 1836 4029 hoc
1852 3988 1948 4028 munus
1963 3965 2028 4026 coris
2038 3973 2054 4010 ⁴1
2106 4011 2107 4014 ,

625 4065 700 4114 rent:
719 4060 784 4115 item
803 4059 939 4130 episcopi,
958 4060 1006 4130 qui
1023 4065 1154 4131 preerunt
1171 4062 1236 4132 peni
1254 4065 1283 4116 et
1300 4062 1398 4118 cetone
1416 4060 1560 4117 neuahbus
1578 4059 1670 4131 rebus,
1688 4077 1760 4131 quse
1778 4063 1931 4118 ciuitatium
1948 4057 2028 4132 popnb
2106 4105 2107 4110 ,

593 4155 607 4200 s
626 4150 662 4204 od
679 4149 846 4204 cotidianum
864 4149 967 4206 uictum
986 4159 1048 4205 osni
1064 4153 1136 4220 runt,
1154 4149 1343 4220 personelibus
1361 4149 1519 4206 muneribus
1536 4147 1697 4221 iunguntur.
1725 4150 1779 4217 Qui
1792 4167 1926 4208 annonem
1942 4143 2029 4216 sumit

626 4255 819 4324 mirumne)

628 4399 737 4466 ¹quem
756 4397 877 4468 plurimis
895 4397 997 4464 (Humi
1067 4399 1131 4455 ²eo
1149 4408 1196 4456 ine.
1216 4399 1298 4467 (Hal.)
1377 4393 1570 4470 ³perductio?
1640 4400 1868 4470 ‘perducendai
1936 4403 2030 4470 ‘prosc

626 4469 772 4538 quendsei
842 4469 969 4524 ‘ueluti

627 4612 771 4678 lsnmpto
790 4611 826 4662 Ρ
876 4611 1024 4668 tmenere
1043 4613 1068 4664 F
1110 4611 1313 4684 hmuueribos]
1366 4614 1402 4668 30
1419 4613 1511 4682 eliqua
1528 4613 1564 4666 Ρ
1624 4613 1907 4669 crederemini*
1953 4613 1983 4667 it
1996 4609 2030 4664 ht·

625 4681 803 4735 municiribus
826 4682 1082 4752 1³⁶1piebciri⁴F³
1140 4685 1272 4754 bpotost
1293 4685 1319 4738 F
1367 4683 1464 4740 beetur
1481 4685 1507 4737 F
1553 4683 1590 4738 34
1606 4687 1742 4754 pecuniae
1760 4685 1863 4742 fiscalis
1880 4687 1905 4739 F
1941 4685 1972 4740 35
1986 4697 2031 4736 cur

626 4753 661 4806 13
679 4752 872 4821 conplurium*
889 4755 927 4806 Ρ
984 4755 1017 4809 14
1035 4753 1182 4810 edrbienus
1200 4757 1235 4808 Ρ
1252 4761 1256 4821 Ι
1272 4771 1313 4811 rc·
1366 4771 1414 4812 sus
1432 4755 1630 4812 ncuobicnleris
1650 4757 1676 4810 F
1718 4757 1919 4812 aresceres
1957 4756 2031 4810 idm·

625 4823 765 4893 scripserit
782 4825 807 4877 F
861 4825 895 4880 15
913 4823 964 4880 hoo
982 4841 1094 4881 munere
1112 4825 1261 4896 iungantur
1278 4842 1313 4884 ex
1365 4827 1429 4883 linei
1448 4828 1485 4880 Ρ
1532 4828 1567 4882 40
1585 4827 1819 4897 hirenarchaeFl
1835 4821 2030 4900 proterenti*

625 4893 667 4948 his
677 4895 723 4963 qui
736 4915 783 4948 cm.
793 4895 830 4948 Ρ
879 4897 911 4950 17
922 4895 1148 4966 obtingerentFl
1164 4897 1313 4954 ‘b'onusF'
1365 4899 1400 4954 tr
1421 4898 1456 4953 ed
1473 4897 1604 4954 hoiendes
1623 4899 1659 4952 Ρ
1714 4901 1751 4955 43
1770 4901 1808 4956 ed
1826 4901 1978 4957 cotidianum
1987 4895 2031 4952 *rie
2103 4960 2104 4965 ἵ

626 4968 660 5020 18
687 4967 845 5036 relinquerit
867 4968 893 5020 F
958 4971 993 5022 22
1020 4970 1134 5038 saluam]
1162 4971 1268 5026 soluem
1293 4970 1319 5023 F
1364 4975 1424 5026 tum
1438 4970 1585 5039 usuieunt]
1599 4971 1771 5027 cotidianum
1785 4975 1887 5028 nictum
1900 4968 2031 5038 mnium

625 5037 661 5094 24
678 5039 762 5096 surm
780 5039 978 5111 ephemerum
993 5041 1034 5092 m
1087 5041 1319 5098 cccccccccc
1366 5045 1426 5109 (om.
1439 5041 1485 5110 ac)
1504 5043 1531 5106 r,
1550 5041 1720 5099 cecanum
1740 5045 1847 5102 urceum
1864 5045 1924 5102 usn
1938 5037 2031 5112 ruti
2107 5070 2108 5077 κ
