3614 5460
55 253 103 302 en
124 253 171 300 nn
194 215 414 302 rosonrnrnro
647 233 649 244 '
727 230 814 312 889
1080 232 1288 304 XXXXVIIII
1311 233 1352 301 15
1373 239 1489 299 12-15

19 411 22 416 ’
57 391 221 448 statulibero
239 391 274 447 de
291 393 399 462 peoulio
417 392 492 463 dare,
510 392 562 448 boo
580 399 681 465 ιιιιιιιι,
699 394 774 464 qnod
792 393 866 464 apud
884 393 957 450 huno
974 394 1022 464 qni
1038 393 1155 450 redemit
1167 392 1258 464 babet,
1276 392 1409 463 numquid
1427 393 1489 449 nite
1549 421 1552 426 ·

58 481 131 536 illius
149 481 198 550 sit,
222 481 296 551 quod
315 482 387 552 apud
411 481 504 538 hostes
523 484 697 553 quaesisset?
719 484 829 553 utique,
849 483 872 538 ei
890 498 924 538 ex
943 498 972 538 re
990 483 1062 538 illius
1081 487 1129 538 aut
1146 497 1181 538 ex
1198 483 1289 552 operis
1306 483 1364 538 suis
1382 482 1489 552 quaesi·

58 574 118 626 tum
137 573 210 626 est¹z
234 585 268 626 ex
286 571 340 628 alia
358 576 450 628 ιιιιιιι
469 587 554 628 eausa
570 578 649 642 parto
668 575 775 644 peoulio
794 577 886 643 potest
903 573 983 643 dare,
1008 572 1048 627 ita
1070 576 1102 628 ut
1118 571 1272 628 eondioioni
1290 570 1408 642 benigne
1426 586 1489 626 eum

4 666 40 712 ιι
59 659 183 730 paruisse
201 659 354 715 credamus.
391 659 420 716 Si
438 662 545 732 pignori
563 677 661 718 seruus
679 659 873 718 datus'iuerat
897 667 961 716 ante
985 661 1188 732 captiuitatem,
1212 665 1276 732 post
1293 660 1333 716 dl·
1351 657 1489 745 [Q

60 749 173 804 missum
189 748 390 819 redemptorem
414 751 442 806 iu
461 755 582 806 ueterem
605 751 801 822 obligationem
819 749 979 828 reuertitur,
1003 755 1032 804 ιι
1054 749 1078 805 si
1101 749 1220 806 creditor
1243 750 1372 806 obtulerit
1395 752 1421 807 ei
1442 752 1490 821 qui
1508 761 1522 804 ι

59 837 184 907 redemit,
202 843 306 908 quanto
324 838 482 909 redemptus
500 845 552 910 est,
570 839 655 896 habet
671 840 865 910 obligationem
884 845 912 894 ιι
931 839 958 894 in
975 847 1094 911 prlmem
1113 838 1200 894 debiti
1217 855 1329 895 ιιιιιιιιι
1347 844 1376 896 ιι
1388 841 1416 896 in
1428 855 1490 896 eam

60 943 195 984 summam
218 943 273 998 qua
296 941 359 984 enm
382 928 522 1000 liberauit,
545 929 624 998 quasi
641 944 676 984 ea
692 929 859 999 obligatione
877 929 996 999 quadum
1015 929 1209 984 obnubilatione
1228 928 1354 984 inducte:
1378 934 1410 985 ut
1427 945 1489 986 eum

59 1017 195 1088 posterior
217 1017 335 1074 oreditor
356 1019 440 1087 priori
463 1017 599 1074 satisiaoit
619 1016 797 1074 confirmandi
816 1019 859 1074 sui
876 1018 998 1089 pignoris
1016 1033 1113 1074 eausa:
1138 1018 1191 1074 nisi
1213 1018 1287 1088 quod
1310 1019 1339 1074 in
1357 1018 1409 1075 boo
1426 1035 1490 1076 eon·

60 1121 143 1162 uersa
161 1122 205 1162 res
223 1110 312 1162 estet
330 1108 472 1178 posterior,
491 1108 557 1178 quia
574 1123 635 1164 eum
655 1123 774 1178 serunnr,
792 1113 824 1164 ut
841 1107 916 1178 apud
934 1123 984 1165 nos
1003 1113 1090 1177 esset,
1108 1105 1219 1177 effioit¹,
1238 1106 1273 1162 ab
1291 1122 1339 1177 eo,
1357 1109 1404 1178 qui
1421 1115 1490 1164 tern-

9 1203 43 1250 ιι
60 1210 128 1265 pore
146 1195 220 1266 prior
237 1195 300 1266 init,
324 1202 355 1252 ιιι
372 1195 519 1252 infirmiore
538 1196 717 1253 dimittendus
735 1203 786 1252 est
822 1196 852 1252 Si
875 1197 993 1268 plurium
1017 1213 1114 1254 seruus
1135 1195 1224 1254 iuerat
1246 1200 1275 1252 et
1298 1197 1419 1253 omnium
1441 1213 1490 1254 no·
1509 1209 1538 1249 so

62 1285 135 1340 ruine
158 1285 189 1340 ei·
207 1285 255 1355 qui
277 1285 395 1341 redemit
417 1287 573 1342 restitutum
592 1287 709 1356 pretium
727 1287 792 1357 erit,
811 1287 839 1342 in
862 1289 1080 1344 communionem
1103 1285 1218 1342 redibit:
1243 1286 1365 1342 siunins
1383 1290 1491 1343 mutum

62 1374 106 1430 uel
124 1373 295 1443 quorundam
314 1390 366 1431 neo
383 1375 518 1446 omnium,
542 1376 578 1431 ad
600 1391 664 1432 sum
687 1390 772 1431 eosue
794 1377 842 1447 qui
859 1378 1002 1434 soluernut
1018 1375 1179 1448 pertinebit,
1203 1376 1243 1431 ita
1266 1379 1298 1432 ut
1319 1376 1348 1430 in
1366 1377 1492 1446 portione

13 1469 45 1516 lt
63 1478 114 1518 sna
132 1463 276 1533 pristinum
300 1465 343 1519 lus
365 1465 508 1534 optineant
531 1469 560 1520 et
582 1465 610 1520 in
634 1469 712 1534 perte
735 1473 887 1521 oeterorum
912 1467 937 1522 ei
961 1467 1008 1536 qui
1032 1466 1147 1522 redemit
1169 1464 1327 1522 euoeedaut
1363 1464 1393 1522 Si
1415 1463 1491 1520 fidei·

63 1553 210 1608 commissa
227 1553 339 1608 libertas
357 1553 451 1610 debita
469 1555 579 1624 erptiuo
596 1552 692 1624 inerit,
715 1555 876 1626 redemptus
897 1555 1018 1612 nondum
1042 1570 1102 1612 eam
1121 1559 1216 1625 petere
1236 1554 1350 1624 poterit,
1374 1554 1428 1610 nisi
1450 1569 1491 1610 re·

14 1647 44 1696 lt
63 1641 199 1712 demptori
217 1641 389 1698 satisieoerit
420 1641 450 1699 Si
467 1642 640 1712 deportatum
660 1642 696 1698 ab
714 1644 804 1700 insula
821 1645 914 1700 hostes
932 1649 1071 1716 oeperunt,
1089 1644 1248 1714 redemptus
1264 1643 1364 1713 quibua
1382 1642 1492 1700 nasibus
1511 1654 1540 1696 ιι

63 1731 148 1800 redit,
172 1732 278 1788 ineam
297 1748 408 1787 oausam
427 1732 532 1801 ueniet,
557 1733 585 1786 in
603 1747 658 1801 que
680 1731 789 1788 iuturus
811 1739 900 1803 esset,
924 1735 948 1789 si
970 1738 1068 1805 eaptus
1091 1749 1147 1789 non
1169 1732 1281 1790 inisset:
1305 1723 1493 1804 deportabitur

15 1825 45 1872 le
64 1821 174 1891 ipn'turl.
211 1820 284 1876 Sed⁴
302 1822 326 1876 si
344 1822 372 1876 in
390 1822 500 1891 ooptiuo
519 1836 599 1886 seruo
617 1821 679 1876 talis
697 1829 886 1890 praecesserat
904 1839 1001 1892 eausa,
1020 1837 1091 1892 quae
1110 1822 1186 1878 ιίιιιι
1204 1823 1249 1878 uel
1267 1821 1303 1878 ad
1321 1827 1430 1892 tempus
1448 1823 1492 1878 uel

63 1911 272 1981 inperpetuum
291 1909 444 1966 libertatem
463 1909 620 1980 impediret,
643 1925 695 1966 neo
716 1911 904 1982 redemptione
928 1910 963 1968 ab
987 1910 1112 1968 hostibus
1133 1911 1297 1968 mutabitur:
1320 1912 1405 1968 ueluti
1423 1912 1446 1967 si
1463 1911 1493 1968 in

63 2001 153 2069 legem
172 1999 285 2054 Fauiam
304 2000 474 2055 commisisse
496 2015 559 2054 eum
582 2001 752 2070 constiterat,
775 2001 821 2056 uel
844 2002 884 2056 ite
906 2001 1031 2056 uenierat
1051 2015 1087 2056 ne
1109 2001 1359 2058 manumitteretur:
1381 1999 1494 2056 babebit

16 2093 46 2140 ll
65 2095 156 2144 antem
176 2089 283 2144 interim
302 2089 361 2144 sine
379 2104 469 2159 poena
486 2105 538 2144 sua
554 2089 602 2160 qni
619 2089 744 2144 redemit.
774 2090 850 2159 Ergo
862 2090 897 2146 de
910 2089 1020 2146 metallo
1038 2094 1136 2159 eaptus
1153 2090 1312 2161 redemptus
1330 2090 1358 2146 in
1375 2105 1493 2159 poenam
1512 2101 1541 2142 so

64 2194 143 2234 suum
162 2183 327 2248 reuertatur,
350 2194 401 2234 neo
419 2185 511 2233 tamen
534 2184 566 2233 ut
587 2177 732 2248 ιιιιιιιιιςι
754 2180 857 2236 metalli
879 2177 1035 2249 puniendus
1058 2179 1123 2248 erit,
1146 2179 1195 2234 sed
1218 2179 1375 2250 redemptor
1391 2196 1409 2235 a
1425 2178 1493 2236 fiseo

17 2272 46 2320 ιι
64 2269 182 2339 pretium
202 2269 323 2337 recipiet
350 2267 424 2338 quod
448 2268 530 2322 etiam
549 2268 728 2323 constitutum
751 2273 795 2323 ιιι
817 2266 853 2324 ab
877 2268 1041 2338 imperatore
1063 2272 1158 2324 nostro
1181 2273 1210 2323 et
1231 2267 1296 2324 diuo
1315 2267 1426 2326 Seuero.
1463 2267 1494 2325 Si

64 2363 160 2414 natum
179 2373 215 2412 ex
232 2357 375 2428 Pamphila
391 2357 513 2426 legatum
530 2355 581 2412 tibi
599 2355 682 2412 inerit
699 2363 785 2426 tuque
804 2361 919 2412 matrem
937 2356 1086 2412 redemeris
1109 2363 1138 2412 et
1159 2372 1193 2412 ea
1211 2357 1285 2428 apud
1303 2363 1331 2414 te
1347 2359 1493 2428 pepererit,

64 2462 121 2503 non
139 2446 227 2502 uideri
244 2452 272 2501 te
290 2451 399 2516 partum
417 2461 452 2502 ex
470 2462 556 2502 eausa
566 2447 701 2502 lueratiua
713 2445 821 2516 habere,
840 2446 889 2502 sed
902 2444 993 2502 oifieio
1005 2445 1171 2516 arbitrioque
1183 2446 1281 2502 luditis
1293 2447 1494 2503 aestimandum

64 2537 215 2593 eonstituto
233 2537 320 2606 pretio
339 2541 447 2606 partus,
466 2535 579 2606 perinde
602 2540 684 2605 atque
702 2536 739 2606 si,
761 2541 865 2606 quanto
888 2542 977 2591 mater
1000 2541 1043 2591 est
1060 2541 1166 2606 empta,
1189 2536 1270 2592 simul
1288 2541 1317 2592 et
1333 2542 1429 2608 partus
1447 2551 1493 2594 ue·
1512 2547 1541 2590 ae

65 2626 161 2682 nisset.
180 2625 255 2694 qnod
273 2627 295 2681 si
314 2627 368 2681 iarn
387 2630 481 2680 natum
501 2624 575 2695 apud
593 2623 699 2694 hostes,
723 2624 796 2694 quod
820 2640 854 2680 eo
878 2629 1075 2696 temporeque
1098 2625 1258 2696 sopiebatur
1274 2631 1353 2682 ntero
1371 2625 1493 2696 gerebat,

64 2729 128 2772 oum
148 2718 234 2770 matre
253 2713 401 2770 redimatur
419 2714 454 2770 sb
472 2714 570 2770 eodem
588 2729 643 2769 uno
661 2714 764 2786 pretio:
787 2711 881 2769 oblato
902 2718 996 2784 tanto,
1018 2717 1151 2784 quantum
1167 2729 1205 2784 ex
1222 2716 1325 2787 pretio,
1348 2715 1422 2786 quod
1444 2730 1494 2786 pro

64 2810 183 2874 utroque
200 2819 285 2860 unum
304 2803 399 2860 datum
418 2809 469 2874 ιιι,
487 2803 705 2859 aestimationem
725 2803 883 2872 oondngere
901 2807 1009 2873 partus:
1032 2808 1062 2860 et
1085 2803 1211 2860 uidetur⁶
1228 2805 1253 2860 is
1269 2805 1436 2876 posdiminio
1453 2819 1494 2860 re-

64 2909 172 2950 uersus.
200 2895 286 2950 multo
304 2895 401 2964 magia,
419 2894 443 2950 ai
462 2893 564 2948 diuersi
576 2897 713 2963 emptores
727 2893 869 2962 utriusque
884 2893 1025 2949 extiterint
1042 2894 1087 2949 nel
1104 2894 1194 2950 unius.
1223 2893 1273 2949 sed
1291 2895 1315 2950 si
1333 2909 1384 2950 suo
1400 2909 1495 2964 quem·

64 2999 120 3055 que
138 2983 228 3054 pretio
244 2983 403 3052 redemerit,
422 2983 450 3038 id
468 2983 559 3038 offerri
577 2997 627 3052 pro
646 2982 760 3052 singulis
777 2981 915 3052 oportebit
933 2982 1113 3054 redemptori,
1137 2981 1211 3054 quod
1229 2982 1303 3040 hosti
1320 2999 1370 3054 pro
1388 2998 1496 3054 quoque
1514 2994 1543 3036 ao

65 3073 162 3130 datum
180 3077 232 3142 est,
251 3077 282 3128 ut
299 3072 446 3142 separatim
465 3087 573 3142 quoque
591 3072 758 3142 postliminio
776 3073 877 3127 reuerti
893 3073 1010 3142 possint

1 3157 46 3217 13
118 3163 237 3218 Plutus
254 3160 324 3217 libro
338 3160 459 3216 seeundo
477 3159 666 3222 adSabinunr.
696 3160 726 3216 si
745 3175 788 3216 me
806 3159 857 3216 tibi
874 3161 1063 3230 adrogantium
1082 3160 1229 3232 dedissem,
1248 3176 1340 3216 eman·
1358 3156 1535 3246 ΜΒ

65 3251 158 3322 eipato
175 3266 220 3306 me
237 3265 377 3306 reuersum
396 3249 431 3305 ab
450 3249 576 3306 hostibus
593 3248 678 3306 lilium
698 3264 787 3305 meum
806 3249 868 3306 loeo
885 3251 994 3326 nepotis
1011 3249 1063 3306 tibi
1080 3249 1200 3306 futurum
1220 3255 1337 3306 eonstat.

26 3338 46 3396 4
119 3341 294 3396 Pourourue
307 3338 377 3396 libro
395 3340 478 3395 tertio
495 3339 530 3394 ad
549 3338 689 3394 Sabinum.
721 3337 795 3394 -Ourn
814 3338 885 3395 duae
903 3340 1010 3409 speeies
1028 3340 1187 3411 postliminii
1204 3339 1272 3408 sint,
1290 3343 1323 3394 ut
1340 3334 1535 3424 [ᾗῖιζῖῑῖιδ

65 3433 116 3486 aut
139 3444 189 3484 nos
212 3433 382 3484 reuertamur
406 3433 455 3484 aut
477 3428 579 3499 aliquid
603 3428 780 3499 recipiamus:
804 3443 865 3484 oum
889 3427 962 3484 iilius
983 3433 1150 3499 reuertatur,
1174 3429 1311 3500 duplioem
1334 3415 1496 3484 inffi
1515 3440 1544 3482 ιι

32 3529 45 3574 1
65 3534 125 3574 sam
150 3533 212 3574 esse
234 3523 343 3588 oportet
363 3519 528 3588 postlimini,
551 3521 580 3572 et
602 3517 676 3588 quod
696 3523 775 3588 pater
799 3531 862 3574 eum
884 3519 1032 3590 reeiilperet
1055 3519 1166 3588 etipse
1190 3518 1233 3574 ius
1257 3533 1346 3574 suum.
1382 3517 1444 3574 llon
1467 3523 1498 3574 ut
1514 3521 1593 3576 ιιιο·

64 3613 146 3678 pater
163 3605 256 3678 filium,
275 3609 314 3663 ita
331 3623 444 3663 uxorem
463 3607 578 3662 maritus
595 3607 654 3662 inre
671 3607 831 3676 postliminii
848 3607 957 3679 reeipit:
975 3608 1025 3664 sed
1043 3623 1180 3664 eonsensn
1191 3607 1393 3678 redintegratur
1405 3607 1497 3663 matri·

64 3697 196 3754 monium,

0 3795 6 3830 ¹
29 3784 48 3845 5
121 3786 271 3844 Umerus
295 3785 365 3842 libro
388 3784 552 3841 duodecimo
575 3784 611 3840 ad
635 3782 776 3840 Sabinum.
818 3785 848 3842 Si
870 3791 949 3857 patre
970 3785 1113 3856 redempto
1136 3789 1165 3842 et
1188 3790 1250 3841 ante
1270 3785 1322 3842 lui·
1340 3781 1536 3871 Q&

65 3877 169 3933 tionem
187 3874 317 3932 defuneto
335 3873 407 3930 lilius
424 3881 488 3946 post
506 3880 620 3931 mortem
639 3876 699 3930 eius
723 3875 917 3946 redemptionis
943 3875 1126 3946 quantitatem
1150 3875 1261 3946 offerat,
1284 3874 1430 3932 dicendum
1454 3881 1498 3930 ιιι
1515 3888 1544 3930 ιι

65 3979 147 4022 sunm
166 3965 192 4020 ei
210 3979 291 4035 posse
310 3964 437 4020 existere.
464 3966 516 4021 nisi
531 3964 674 4035 tormonte
686 3965 813 4036 suptilius
825 3964 1061 4022 dioathunednm
1074 3964 1195 4035 moritur,
1208 3965 1287 4035 quasi
1304 3965 1363 4020 iure
1375 3965 1497 4036 pignoris

66 4053 157 4123 finito,
181 4061 292 4110 nautum
315 4055 511 4125 postliminium
534 4061 563 4110 et
585 4055 645 4111 sine
667 4053 835 4124 obligatione
852 4053 938 4110 debiti
956 4053 1061 4124 obisse,
1088 4057 1120 4109 ut
1142 4053 1262 4125 potuerit
1283 4069 1363 4110 suum
1386 4053 1497 4110 habere.

67 4144 141 4214 quod
160 4157 214 4198 non
233 4145 291 4198 sine
309 4143 415 4200 ratione
433 4143 547 4199 dicetur.

66 4250 261 4320 offirmo)

567 4351 873 4362 »ι--ι--ιυ--ι-υι--ι-ι

69 4393 163 4448 ιιιιιι
182 4392 245 4447 inde
263 4408 318 4448 non
335 4397 428 4466 potest
446 4401 492 4446 ιιι.
581 4393 592 4428 ²
610 4393 721 4448 eileeit'l
809 4393 820 4427 ³
839 4393 862 4448 si
880 4393 1053 4462 deportatum
1075 4390 1111 4448 ab
1128 4392 1218 4448 insula
1241 4390 1334 4448 hostes
1358 4397 1498 4462 oeperunt,

67 4465 241 4534 redemptus,
268 4465 397 4533 quioniam
425 4463 524 4533 quibos
615 4480 670 4520 non
692 4464 801 4534 luisset,
829 4463 1038 4534 deportabitur?
1131 4464 1190 4519 ⁴et
1208 4472 1254 4518 ιιι.
1344 4463 1433 4518 ⁵eius
1451 4465 1498 4519 del.

68 4539 79 4572 ⁰
97 4537 315 4604 ιιιιιιιιιίοιιιιιι
333 4541 429 4606 partus
447 4536 626 4606 contingeret,
646 4536 754 4592 uidetur
772 4538 900 4603 (similiter
916 4535 1009 4601 Ball?

68 4681 215 4750 epolono
234 4677 270 4731 r*
328 4638 539 4733 ιιιιῖιι-ιιιι
594 4678 756 4748 epirosen]
809 4677 846 4734 ao
865 4679 900 4732 r*
954 4676 1209 4748 neellamitem
1231 4677 1265 4731 ιιι
1286 4678 1291 4744 l
1311 4676 1499 4747 gereonis*

67 4750 235 4823 propriorem
249 4751 282 4804 F:
296 4751 334 4804 κιὶ
347 4749 386 4804 'sol
399 4749 438 4815 τῷ
451 4749 549 4820 ιιρὼτῳ
561 4750 628 4821 pto
642 4751 758 4820 Bltlp.)
810 4751 846 4806 30
863 4750 940 4805 offeri
959 4750 999 4817 Fl
1019 4763 1129 4820 quoquo
1147 4748 1173 4802 F
1219 4749 1255 4804 32
1272 4750 1446 4821 emenoipatu
1464 4752 1499 4804 F·

68 4825 86 4882 8
103 4820 271 4908 posterior'e'
283 4821 401 4876 creditor
419 4823 476 4907 F‘·
514 4823 531 4878 9
547 4829 607 4892 post
622 4821 758 4908 posterior¹
810 4823 845 4878 33
857 4819 982 4878 hortibus
997 4821 1032 4906 F}
1050 4891 1057 4906 ι
1085 4821 1121 4908 ιιι
1132 4820 1244 4891 aliquid]
1258 4821 1301 4886 F‘,
1318 4821 1429 4892 aliquod
1440 4823 1499 4888 (aie)

70 4903 117 4981 ins.
135 4910 182 4963 qur
201 4893 275 4964 apud
287 4908 341 4980 nos
350 4897 424 4978 eset
435 4893 557 4978 priori*
612 4895 645 4950 10
659 4909 751 4978 puori
809 4893 847 4948 li‘
892 4893 927 4948 36
938 4893 1105 4980 postlimini
1115 4893 1152 4946 1³³
1189 4893 1389 4978 ·39patr¹oF‘
1404 4897 1410 4960 Ι
1424 4893 1498 4965 ante]

68 4964 185 5108 iurtFlJ¹
200 4966 282 5107 etstt}
294 4965 455 5093 graffium]
477 4965 699 5092 fflnugnpfflffil'
714 4979 758 5105 uffi
811 4965 910 5021 elteF
956 4966 992 5022 te
1010 4969 1154 5020 naneturn
1173 4963 1209 5018 ps
1223 4963 1229 5032 Ι
1244 4964 1388 5036 potenti*

69 5058 118 5095 osu
250 5053 269 5093 u
418 5052 485 5093 ιοιιι
538 5051 585 5093 era
711 5051 729 5090 a
