3644 5460
310 250 430 318 XXXII
453 257 568 314 39-41
686 315 689 322 ,
996 241 1054 324 84
1531 265 1578 313 nu
1600 265 1743 314 nudaris

310 407 385 465 tubus
402 407 517 464 herodes
534 405 651 464 lecerat:
669 405 748 461 alteri
766 402 879 460 lundum
897 403 1106 474 praelegauerat
1123 407 1152 460 et
1169 402 1205 460 ab
1223 417 1257 459 ea
1273 403 1397 476 petierat,
1416 408 1448 460 nt
1464 403 1550 460 sorori
1567 418 1635 460 auae
1647 403 1744 474 uiginti

311 498 403 554 daret:
422 497 457 553 ab
476 496 572 552 eadem
590 493 646 551 filia
662 495 740 566 petit,
758 497 791 550 ut
807 497 912 565 partem
931 492 1070 549 dimidiam
1088 491 1165 548 fundi
1183 493 1272 549 eidem
1290 493 1376 550 sorori
1393 492 1565 550 restitueret:
1588 493 1742 564 quaesitum

311 590 363 658 ιιι,
382 602 417 642 au
434 586 532 656 uiginti
549 583 683 656 praestari
700 599 755 640 neu
773 581 913 642 deberent.
941 582 1069 653 respondi
1087 597 1141 638 non
1159 598 1221 638 esse
1238 581 1412 653 praestanda.

254 680 295 740 40
365 675 442 730 lurum
459 673 528 730 libro
546 674 677 730 uicesimo
690 673 782 744 ‚primo
799 673 977 744 digestorum.
1013 673 1080 728 Post
1097 672 1341 742 emancipationem
1359 671 1445 743 patris
1463 673 1593 740 suscepta
1612 676 1743 740 apatrnc
1761 669 1794 725 A

312 769 343 820 nt
360 765 482 835 legitimo
500 762 601 819 herede
618 763 749 834 petierat,
767 765 799 818 ut
816 767 922 832 partam
939 760 1098 816 hereditatis
1117 761 1252 817 auunculo
1271 776 1321 817 suo
1338 760 1417 816 daret
1440 764 1469 815 et
1492 775 1575 830 agros
1600 759 1685 815 duos:
1710 759 1744 814 ad
1760 769 1773 810 ι

311 857 456 925 utrumque
475 857 567 909 autem
584 858 617 907 ut
632 853 785 923 proximum
805 855 952 921 cognatum
965 850 1103 908 successio
1115 851 1174 906 eius
1186 850 1317 920 pertinuit
1327 865 1376 920 per
1386 849 1519 906 bonorum
1532 849 1743 920 possessionem.

311 943 465 1014 quaesitum
488 947 546 1013 eat,
570 957 633 998 eum
651 941 774 1012 inparis
793 939 953 996 hereditatis
974 937 1215 996 fideicommissum
1239 954 1294 994 uon
1317 939 1483 1009 constiterit,
1506 954 1588 1008 quam
1613 953 1664 993 suo
1687 937 1744 992 iure

310 1045 360 1103 per
376 1031 510 1089 bonorum
528 1029 729 1102 possessionem
748 1029 901 1086 auunculus
919 1027 1060 1085 habiturus
1078 1032 1134 1100 eat,
1158 1045 1194 1084 au
1216 1028 1300 1084 nihilo
1323 1029 1413 1084 minus
1436 1028 1463 1082 iu
1486 1033 1593 1097 partem
1617 1041 1743 1096 agrorum

311 1121 457 1192 consistat,
474 1125 506 1176 ut
522 1120 612 1176 Titius
629 1124 721 1191 partes
739 1134 865 1190 agrorum
884 1117 968 1190 duaa,
986 1118 1015 1175 id
1033 1124 1186 1188 estunam,
1205 1121 1301 1188 quarn¹
1320 1133 1371 1174 suo
1388 1118 1447 1172 iure
1463 1132 1514 1189 per
1530 1115 1666 1172 bonorm
1682 1129 1744 1186 pus·

311 1211 460 1266 sessionem
479 1209 591 1280 habeat,
617 1209 729 1264 alteram
752 1223 819 1264 uero
842 1211 948 1278 partem
971 1223 1006 1264 ex
1028 1224 1113 1264 causa
1135 1206 1339 1263 fideicommissi
1355 1211 1449 1276 petere
1467 1205 1575 1262 debeat
1603 1203 1744 1276 respondit
1760 1215 1794 1255 ιι

310 1315 392 1370 posse
415 1303 517 1370 petere.
547 1297 620 1352 idem
643 1298 775 1368 quaesiit,
799 1298 823 1352 si
846 1296 882 1352 ab
905 1295 1002 1352 eodem
1028 1301 1126 1368 patruo
1149 1293 1390 1352 fideicommissum
1414 1296 1473 1351 aliis
1495 1309 1604 1366 quoqne
1628 1293 1743 1364 dederit,

311 1392 403 1444 utrum
421 1389 450 1444 iu
468 1387 593 1456 solidum,
612 1402 647 1442 an
664 1402 730 1442 uero
748 1401 797 1458 pro
815 1389 894 1457 parte
912 1384 948 1441 ab
965 1399 999 1441 eo
1010 1385 1177 1456 praestanda
1188 1387 1251 1442 sint.
1279 1385 1420 1456 respondit
1431 1389 1459 1442 lu
1471 1383 1588 1442 suhdum
1600 1382 1743 1453 praestari.

279 1477 292 1524 ι
312 1476 402 1533 Βιιιιι
422 1493 457 1533 ιι
475 1475 622 1546 dodrante,
645 1476 781 1532 blaeuium
800 1491 835 1532 ιι
853 1474 1004 1546 quadrante
1022 1475 1141 1530 instituit
1164 1475 1291 1545 heredes,
1316 1473 1381 1530 fidei
1399 1473 1478 1530 Seiae
1496 1489 1568 1530 com·
1587 1467 1743 1558 Q

311 1567 386 1623 misit
402 1567 431 1622 in
448 1566 517 1622 haec
534 1564 632 1621 uerba:
651 1565 676 1620 ‘a
693 1569 721 1621 ιι
739 1570 803 1636 peto
821 1568 939 1635 tuaeque
957 1563 1022 1620 lidei
1040 1565 1189 1635 committo,
1207 1564 1340 1636 quidquid
1357 1579 1393 1620 ιι
1411 1563 1563 1620 hereditate
1582 1579 1645 1619 mea
1662 1562 1698 1618 ad
1715 1567 1743 1618 te

311 1655 482 1728 peruenerit,
501 1655 629 1710 restituas
647 1651 703 1710 trio
720 1659 769 1711 tuo
786 1653 900 1710 retentis
917 1652 969 1708 tibi
986 1652 1072 1709 hortis
1090 1652 1174 1709 meis'.
1202 1653 1356 1724 quaesitum
1374 1657 1425 1724 est,
1444 1669 1506 1709 cum
1521 1653 1642 1723 generali
1654 1651 1743 1723 capite
1761 1659 1794 1701 r!

310 1743 572 1802 fideicommississet
589 1744 720 1815 ‘quisquis
743 1743 823 1800 herus
846 1741 927 1799 esset’
944 1742 979 1798 de
1002 1741 1143 1813 omuibus,
1166 1748 1198 1800 ut
1220 1747 1392 1814 praestarent
1414 1743 1488 1813 quod
1506 1742 1605 1814 cuique
1623 1743 1743 1812 legasset

311 1834 445 1905 praestari
462 1832 557 1890 herine
574 1833 712 1904 iussisset,
732 1849 781 1904 au,
800 1847 862 1888 eum
880 1831 1038 1889 dodrantem
1057 1831 1216 1888 hereditatis
1234 1833 1395 1902 restituerit,
1418 1831 1512 1888 honos
1529 1833 1557 1888 iu
1575 1847 1666 1888 mrem
1684 1832 1743 1888 uiu-

311 1923 403 1979 dicare
421 1922 485 1980 Seia
503 1921 592 1978 debet
619 1921 761 1993 respondit
777 1922 860 1978 ctiam
879 1921 1021 1978 coheredis
1034 1920 1099 1978 lidei
1112 1921 1287 1978 commissum
1299 1921 1394 1993 uideri,
1413 1927 1444 1978 ut
1455 1922 1643 1993 quadrantem,
1662 1935 1742 1991 quem

311 2013 339 2068 in
357 2011 400 2068 his
418 2011 503 2069 hortis
521 2011 642 2082 haberet,
660 2010 737 2067 Seiae
754 2010 889 2066 redderet
1763 2019 1794 2058 ιι

254 2093 292 2150 41
365 2102 442 2157 luun
459 2101 528 2158 libro
544 2101 678 2157 uicesimo
697 2099 817 2156 secundo
835 2099 1012 2170 digestorum.
1049 2100 1166 2156 Uxorem
1185 2103 1214 2156 et
1230 2087 1313 2155 filium
1333 2115 1505 2156 communem
1522 2099 1568 2156 he·
1587 2093 1744 2184 Q
1762 2103 1794 2156 Ε

312 2189 392 2246 redes
414 2191 533 2246 instituit
555 2195 583 2246 et
606 2191 699 2246 uxoris
720 2187 785 2244 fidei
808 2189 944 2245 commisit
966 2191 994 2246 in
1017 2189 1085 2246 haec
1107 2188 1206 2244 uerba:
1225 2189 1296 2259 'peto
1315 2193 1390 2260 ate,
1416 2189 1528 2245 domina
1548 2205 1633 2260 naor,
1656 2204 1691 2244 ne
1709 2203 1744 2243 ιι

313 2277 406 2336 'fundo
417 2280 527 2337 Titiano
544 2284 650 2350 partem
667 2277 717 2334 tibi
735 2277 867 2350 uindices,
885 2293 947 2335 enm
965 2279 1037 2335 scias
1055 2293 1099 2334 me
1116 2279 1272 2334 uniuersam
1290 2279 1455 2350 emptionem
1473 2279 1533 2336 eius
1547 2278 1625 2336 idudi
1636 2276 1744 2348 iecisse,

313 2367 370 2424 ‘red
387 2367 521 2425 beneficio
539 2367 692 2425 affectionis
709 2374 738 2426 et
755 2369 878 2440 pietatis,
900 2384 982 2439 quam
1000 2367 1051 2424 tibi
1069 2367 1165 2438 debui,
1188 2368 1304 2424 eandem
1328 2368 1507 2439 emptionem,
1531 2383 1594 2424 cnm
1612 2365 1744 2438 numflmir
1760 2367 1775 2415 l·

313 2457 389 2514 'meis
407 2473 616 2530 comparassem,
635 2463 726 2513 tecum
745 2457 978 2514 communicasse:
1002 2457 1157 2528 quaesitum
1175 2462 1230 2528 est,
1249 2473 1284 2513 au
1302 2473 1364 2514 cum
1383 2456 1497 2514 fundum
1516 2458 1544 2513 iu
1562 2456 1679 2513 solidum
1697 2453 1745 2510 lilii

313 2561 374 2602 esse
392 2547 517 2602 uoluerit.
544 2545 686 2617 respoudit
709 2562 787 2617 eum,
811 2547 846 2602 de
864 2561 918 2618 quo
936 2551 1125 2618 quaereretur,
1149 2545 1261 2616 perinde
1285 2549 1418 2603 radonem
1435 2547 1464 2602 iu
1481 2545 1566 2604 lnudo
1583 2544 1679 2601 haberi
1696 2558 1743 2600 uo·
1761 2551 1794 2592 ι·

312 2635 396 2690 luisse
415 2651 448 2690 ac
465 2635 489 2691 sl
506 2635 652 2692 uniuersus
670 2634 850 2693 hereditarius
867 2641 954 2707 esset,
979 2641 1011 2691 ut
1030 2651 1080 2706 pro
1103 2635 1217 2692 dimidia
1234 2641 1312 2707 parte
1330 2639 1359 2692 et
1376 2651 1445 2692 uxor
1462 2643 1492 2690 et
1508 2633 1579 2691 lilius
1597 2649 1694 2704 agrum
1713 2637 1744 2689 nt

279 2723 507 2780 lhereditarium
531 2723 658 2780 habeant
699 2725 731 2780 lu
754 2729 918 2782 testamento
942 2726 981 2780 ita
1002 2725 1133 2795 scriptum
1156 2723 1221 2780 init:
1248 2725 1364 2781 'domum
1389 2739 1478 2782 meam
1507 2740 1569 2780 eum
1594 2723 1674 2780 hortu
1696 2737 1743 2792 ap·

312 2811 413 2884 'plicito
436 2811 539 2868 libertis
561 2813 631 2868 meis
653 2813 766 2870 concedi
789 2814 859 2872 uolo'
883 2821 913 2871 et
936 2815 988 2871 ulio
1011 2813 1113 2885 capite:
1138 2815 1275 2872 'Fomunio
1302 2813 1399 2870 liberto
1422 2828 1484 2870 meo
1506 2829 1541 2870 ιι
1565 2813 1648 2869 domu
1673 2827 1743 2882 mea,

312 2901 402 2973 'quam
420 2900 525 2957 libertis
542 2901 619 2973 dedi,
638 2901 771 2975 diaetam,
790 2905 819 2960 in
836 2920 891 2975 qua
908 2903 1078 2972 habitabam,
1096 2903 1162 2960 item
1181 2905 1318 2960 cellarium
1336 2904 1457 2960 iunctum
1475 2903 1563 2960 eidem
1582 2903 1691 2958 diaetae
1708 2900 1743 2956 ab

313 2990 420 3047 ‘herede
438 3006 499 3046 mco
517 2991 631 3048 concedi
648 2990 727 3050 nolo'.
755 2993 908 3064 quaesitum
932 2999 988 3064 ιιι,
1012 3010 1047 3049 an
1069 2992 1149 3050 heres
1172 2993 1311 3050 testatoris
1329 2997 1458 3049 oneratus
1475 2993 1602 3049 uideatur
1618 2993 1647 3047 in
1664 3005 1742 3064 prae·
1762 2999 1794 3040 ιι

313 3079 412 3136 stando
434 3080 526 3150 legato
549 3081 692 3150 Fortunio,
719 3083 845 3152 quamuis
869 3082 967 3140 domus
990 3083 1119 3139 uniuersa
1140 3082 1245 3139 libertis
1269 3083 1305 3138 sit
1326 3083 1493 3154 praelegata.
1525 3081 1667 3152 respoudit
1689 3097 1743 3138 non

279 3168 294 3214 ι
312 3183 375 3226 ease
392 3175 543 3226 oneratum.
574 3169 710 3226 codicillis
728 3169 894 3228 confirmatis
912 3172 952 3228 ita
969 3173 1055 3228 cauit:
1075 3171 1208 3228 ‘omuibus
1226 3180 1317 3228 autem
1335 3171 1439 3228 libertis
1457 3171 1525 3227 meis
1541 3176 1650 3240 etqucs
1662 3170 1745 3226 uiuus

313 3257 349 3314 ‘et
366 3274 434 3329 quos
451 3258 494 3315 his
513 3257 644 3315 codicillis
668 3261 829 3316 manumissi
853 3261 897 3316 uel
921 3266 1018 3331 postea
1042 3262 1224 3317 manumisero
1231 3303 1238 3332 ,
1263 3261 1470 3318 contubernales
1489 3277 1566 3332 suas,
1589 3261 1655 3316 item
1673 3259 1745 3317 tilios

313 3347 390 3405 'filias
407 3349 484 3420 lego,
508 3349 561 3404 uisi
579 3349 690 3419 siquos
708 3363 813 3419 quasue
831 3348 867 3404 ad
885 3365 997 3406 uxorem
1017 3365 1105 3406 meam
1124 3354 1289 3407 testamento
1307 3351 1442 3421 pertinere
1460 3351 1535 3406 uului
1553 3349 1596 3406 uel
1615 3349 1641 3405 ei
1659 3349 1745 3406 nomi·

313 3437 405 3492 ‘natim
422 3437 514 3508 lugani
530 3436 675 3508 legauero'.
702 3437 773 3494 idem
792 3443 889 3509 postea
905 3438 986 3509 petiit
1002 3437 1038 3493 ab
1051 3437 1196 3496 heredibus
1208 3441 1274 3510 suis,
1292 3446 1323 3496 ut
1334 3441 1473 3511 regionem
1485 3439 1614 3496 Umbriae
1626 3437 1745 3495 Tusciae
1764 3443 1794 3487 ⁸⁵

312 3526 413 3583 Piceno
431 3525 596 3582 coheredes¹
613 3528 692 3584 uxori
711 3543 777 3583 suae
795 3528 971 3583 restituerent
989 3543 1050 3584 cum
1069 3527 1208 3600 omnihus,
1232 3545 1302 3600 quae
1320 3528 1358 3585 ibi
1375 3533 1469 3600 eruut,
1493 3535 1522 3586 et
1539 3523 1684 3600 mancipiis
1701 3545 1745 3584 ru·

313 3615 390 3672 stitis
407 3616 452 3672 uel
469 3615 581 3672 urbanis
599 3621 628 3672 et
645 3615 783 3672 actoribus
807 3617 929 3687 exceptis
947 3617 1129 3685 manumissis.
1157 3619 1310 3690 quaesitum
1334 3625 1390 3689 ιιι,
1415 3633 1476 3674 eum
1496 3619 1566 3675 liros
1588 3623 1617 3674 et
1634 3616 1746 3674 Stichus

312 3705 385 3761 serui
407 3705 437 3760 iu
459 3704 531 3760 diem
554 3706 629 3761 uitae
651 3706 791 3762 metatoris
813 3705 843 3760 iu
866 3705 978 3764 Umbria
1001 3707 1029 3762 iu
1051 3707 1152 3763 Piceno
1174 3711 1266 3763 actum
1288 3707 1551 3778 administrauerint,
1574 3707 1630 3763 alut
1651 3713 1746 3764 autem

312 3793 431 3864 Damae,
455 3809 537 3864 quem
555 3798 672 3850 testator
689 3795 770 3850 uiuus
788 3795 995 3868 mauqmiserat,
1018 3793 1067 3852 tilii
1084 3796 1237 3867 naturales,
1260 3800 1351 3853 utrum
1370 3797 1458 3853 eidem
1477 3797 1582 3852 Damae
1599 3809 1635 3851 ex
1651 3795 1747 3853 uerbis

312 3881 429 3962 codicilli
447 3883 482 3938 ab
499 3882 646 3939 heredibus
663 3884 821 3953 praestandi
839 3883 907 3953 siut,
931 3899 967 3941 an
984 3899 1050 3941 uero
1074 3885 1110 3940 ad
1128 3883 1218 3941 Seiam
1237 3901 1349 3941 uxorem
1370 3899 1405 3942 ιι
1422 3885 1515 3942 uerbis
1532 3885 1667 3955 epistulae
1684 3901 1746 3957 per·
1763 3891 1794 3932 ιι

280 3969 295 4015 ι
312 3972 426 4027 tineent
453 3971 595 4043 respondit
612 3987 646 4027 ex
665 3971 796 4028 codicillis
813 3972 849 4027 ad
866 3977 972 4042 patrem
996 3989 1044 4030 eos
1066 3975 1217 4030 naturalem
1240 3975 1351 4045 pietatis
1373 3975 1473 4030 intuitu
1493 3976 1638 4052 pertinere.
1675 3976 1745 4032 Feli-

313 4060 423 4116 cissimo
441 4067 470 4116 ιι
486 4061 682 4132 Fehcisrimae,
701 4060 800 4132 quibus
818 4061 972 4118 libertatem
991 4061 1112 4134 dederat,
1130 4061 1245 4119 landum
1263 4063 1449 4134 Gargilianum
1467 4064 1572 4134 legauit
1590 4079 1652 4120 oum
1671 4079 1745 4136 casa,

313 4153 342 4205 st
359 4149 412 4205 alio
430 4151 520 4220 capite
538 4151 612 4206 Titio
629 4149 699 4220 lilio,
718 4165 799 4220 quem
818 4165 853 4206 ex
870 4154 948 4220 parte
966 4157 1064 4223 quarta
1081 4151 1210 4208 heredem
1229 4153 1387 4224 scripserat,
1405 4154 1614 4224 praelegauerat
1630 4154 1658 4208 iu
1677 4153 1746 4210 haec

313 4237 412 4294 uerba:
432 4238 495 4294 ‘Titi
518 4239 570 4309 lili,
594 4238 646 4296 hoc
669 4240 786 4311 amphus
809 4239 844 4295 de
867 4241 957 4298 medio
980 4241 1081 4298 sumito
1103 4242 1197 4312 legata
1220 4255 1296 4312 mea,
1318 4255 1390 4312 qnae
1413 4241 1478 4298 mihi
1499 4248 1557 4299 tam
1579 4247 1659 4314 pater
1681 4249 1745 4300 mus

314 4335 556 4407 marobotos)

315 4481 425 4548 ¹qnam
443 4481 491 4534 del.
563 4478 740 4538 ¹coheredil

314 4612 332 4666 2
356 4610 391 4666 ab
414 4611 510 4668 eadem
533 4612 589 4669 filia
609 4612 687 4684 petit]
710 4611 771 4676 Ῡιτι
790 4632 821 4668 οιι
850 4613 880 4668 hi
906 4611 1002 4670 illimes
1054 4613 1149 4686 τιρτόιι
1177 4624 1237 4680 caer
1265 4616 1320 4670 τῶιι
1349 4614 1452 4679 rioms,
1481 4615 1539 4670 seia
1564 4615 1629 4682 Μ’,
1656 4616 1698 4673 ιιι
1721 4617 1744 4686 Q

314 4680 395 4744 siria
414 4683 497 4750 Blli
516 4685 532 4751 .)
577 4683 747 4742 babuuculo
846 4683 1001 4743 dabuncu-
1054 4687 1088 4742 21
1108 4699 1207 4742 uxores
1222 4687 1257 4739 F·
1299 4687 1335 4742 24
1353 4685 1577 4756 communicasse]
1591 4685 1653 4754 ΕΡ,
1672 4703 1745 4744 ccm-

313 4753 409 4818 lusFi
424 4704 562 4810 ιιιιιιξιιι
594 4757 627 4812 13
639 4756 783 4815 here's'des
796 4759 833 4814 pr
870 4758 1003 4815 renerus
1055 4759 1237 4814 manicassem
1247 4757 1417 4814 FWDI‘OK
1426 4757 1430 4830 l
1444 4756 1565 4813 iilii‘s'F⁸
1601 4759 1745 4815 26*di⁴mi·

313 4825 350 4878 Ρ
395 4823 544 4881 retortis
557 4828 594 4881 pr
642 4832 676 4887 16
693 4827 1007 4892 fideicommis's'issetF
1055 4827 1102 4884 dia
1119 4831 1157 4884 ι’
1204 4831 1239 4885 30
1257 4829 1364 4885 concidi
1381 4830 1417 4883 ιιι
1465 4830 1499 4884 33
1517 4829 1693 4886 manumis's'i
1708 4831 1745 4886 ἲ*

313 4896 348 4951 17
366 4895 499 4952 dodrante
516 4899 557 4966 rt
572 4899 665 4960 orthos
681 4907 718 4964 ιιι
764 4908 797 4966 19
815 4903 922 4971 *bortis
940 4897 1002 4970 F'!
1055 4901 1091 4956 to
1108 4899 1336 4970 hered‘e'ibusl'l
1352 4899 1471 4956 *arisit
1516 4901 1551 4956 36
1563 4900 1640 4972 suas]
1653 4903 1744 4958 suii'¹

313 4967 663 5036 ιιιιι]1)Ε*ΙθΚιιιιΒ,·
680 4974 1002 5050 ιῑιοκῶμωιηειιιιοι
1056 4973 1091 5027 37
1110 4973 1314 5029 manumisitl‘
1355 4974 1390 5028 42
1408 4971 1572 5028 filicissimae
1587 4973 1622 5027 F·
1659 4973 1745 5030 illa

313 5042 357 5106 (=
370 5037 459 5107 Seiae)
477 5039 542 5112 napi
556 5041 658 5116 Πὲτρογ
672 5059 890 5147 (ggflfflujff
910 5045 944 5106 τὸ
962 5042 1004 5098 τι·
1057 5049 1122 5115 gato
1141 5045 1177 5098 F·
1193 5047 1197 5114 Ι
1212 5042 1305 5100 mea'e'
1320 5045 1357 5098 F’
