3464 5444
170 157 379 280 {lxxxviiii
399 211 420 276 5
438 218 456 272 4
475 245 508 258 -
528 211 584 274 71
843 199 931 282 872
999 225 1300 274 nunmsnnrsnns.
1330 225 1428 273 nrum
1438 224 1596 274 nrsoumu

132 372 153 429 4
224 371 331 425 Maesa
348 367 416 422 libro
434 367 523 436 primo
542 366 577 421 de
596 363 834 436 appellationibus.
865 365 941 434 Eius,
960 363 1007 434 qui
1025 362 1087 418 ideo
1105 379 1218 420 causmn
1237 379 1321 434 agere
1339 361 1452 418 frustra-
1470 359 1598 445 [aar]
1612 375 1668 450 ᾗ

171 465 229 527 tur,
254 457 328 526 quod
347 456 414 510 dicit
432 471 463 510 se
480 454 601 510 libellum
621 453 735 524 principi
754 453 865 509 dedisse
889 457 918 508 et
936 467 1043 508 sacrum
1063 453 1226 523 rescriptum
1249 457 1409 523 expectare,
1433 440 1598 508 ausitidi
1704 429 1721 484 ⁸

171 547 275 602 derium
294 544 466 615 prohibetur:
485 547 514 598 et
530 543 556 598 si
574 541 610 598 ob
629 557 688 596 eam
709 557 820 597 cansam
838 541 1040 612 prouocauerit,
1058 541 1206 612 appellatio
1224 542 1285 597 eius
1303 541 1388 611 recipi
1405 541 1492 596 saeris
1508 543 1599 598 musi·

170 633 323 690 tutionibus
341 639 459 688 uebatur.

134 726 152 785 5
224 722 375 778 Unrrsuus
392 719 462 775 libro
480 723 578 789 quarto
597 719 632 774 de
651 717 890 789 appellationibus.
920 719 963 788 Ei,
982 719 1060 774 cuius
1077 719 1293 788 appellationes
1311 719 1450 788 recipitur,
1469 713 1595 803 [Q

171 809 281 880 sufficit,
300 811 324 864 si
342 810 429 880 possit
447 809 537 863 dicere
556 808 766 878 appellationem
785 823 862 862 suem
882 821 936 863 non
955 822 1017 862 esse
1035 811 1187 877 receptam:
1211 806 1286 877 qnod
1309 821 1421 876 quaqua
1438 809 1540 862 ratione
1555 809 1639 876 dcx

139 903 245 967 rceat,
270 899 430 954 admittetur
452 898 511 952 eius
534 897 689 966 appellatio.
727 897 787 952 Non
811 901 924 965 recepta
946 902 1039 952 autem
1064 895 1262 965 appellatione,
1286 895 1310 949 si
1329 895 1440 964 quidem
1458 897 1647 989 principer&

172 988 302 1058 appellari
321 987 454 1058 oportuit,
473 985 588 1055 principi
607 984 659 1038 erit
677 984 899 1054 supplicandum:
924 983 967 1040 siu
986 999 1052 1040 nero
1075 985 1143 1038 alius
1163 982 1355 1054 appellabatur
1371 999 1454 1052 quam
1472 985 1638 1090 princepffi

139 1079 216 1133 aille
235 1078 287 1132 erit
305 1074 457 1130 adeundus.
489 1072 544 1128 Sed
563 1073 632 1128 etsi
651 1073 717 1142 quid
736 1073 810 1128 uliud
828 1076 892 1142 post
904 1077 1043 1143 receptam
1056 1073 1268 1142 appellationem
1280 1071 1491 1141 impedimento¹
1503 1072 1631 1162 bouq,

139 1165 269 1234 eluerit,
294 1179 356 1219 cum
375 1162 444 1216 adiri
461 1165 583 1230 oportet,
606 1175 686 1230 quern
712 1161 849 1231 appellare
867 1161 929 1232 quis
948 1159 1040 1216 debet
1075 1162 1161 1216 Plane
1179 1161 1203 1216 si
1221 1161 1407 1230 appellatione
1425 1177 1478 1216 non
1494 1173 1625 1249 recept⁴
1650 1221 1662 1258 ¹

172 1269 227 1308 non
245 1254 335 1324 ipsum
355 1251 466 1320 adierit,
485 1264 566 1319 quern
585 1249 694 1318 debuit,
713 1249 762 1304 sed
781 1249 944 1324 principem,
962 1264 1013 1320 pro
1031 1264 1064 1305 eo
1083 1248 1241 1319 habebitur,
1260 1253 1345 1319 atque
1362 1250 1386 1304 si
1405 1249 1429 1304 ia
1447 1249 1530 1305 aditus
1545 1266 1616 1346 eet,
1664 1224 1674 1261 ⁰

139 1351 155 1396 4
172 1343 219 1412 qui
238 1341 307 1396 adiri
330 1338 439 1393 debuit:
462 1337 546 1408 idque
568 1338 708 1406 rescriptis
732 1337 905 1408 imperatoris
926 1339 1013 1393 nostri
1031 1337 1163 1394 Antonini
1181 1337 1346 1392 decluratur.
1382 1338 1464 1392 Plane
1481 1339 1503 1394 si
1518 1341 1608 1420 aliu,1¹

139 1439 153 1485 t
172 1444 222 1500 pro
240 1429 293 1483 alio
312 1427 380 1481 adiit
397 1441 451 1482 non
470 1425 629 1496 principem,
648 1425 713 1480 nibil
731 1426 757 1480 ei
775 1425 819 1482 hic
837 1441 912 1482 error
928 1427 1058 1496 proderit,
1076 1427 1141 1482 licet
1158 1441 1213 1482 non
1231 1427 1499 1482 uideatarcessasse.
1524 1428 1604 1502 lus»,

172 1518 323 1573 constituta
341 1521 433 1570 autern
452 1513 631 1584 appellatoris
648 1519 773 1584 tempora
791 1513 875 1570 debet
892 1515 924 1586 is,
943 1515 1022 1571 cuius
1040 1515 1187 1586 appellatio
1206 1531 1260 1571 nou
1279 1521 1324 1570 est
1336 1521 1455 1585 recepta,
1471 1517 1510 1571 uel
1525 1529 1597 1582 com.

172 1609 310 1676 petentem
329 1603 447 1658 iudicem
465 1603 509 1657 uel
528 1601 678 1672 prinoipem
697 1601 781 1658 adire.
1629 1631 1683 1669 ι,

136 1693 155 1750 6
225 1693 332 1748 ulons
350 1691 419 1747 libro
437 1691 558 1746 secundo
577 1690 612 1746 de
631 1689 869 1760 appellationibus.
906 1690 1053 1747 Sciendum
1072 1697 1130 1762 est,
1147 1707 1211 1747 cnm
1230 1692 1381 1762 appellatio
1399 1705 1453 1748 non
1482 1703 1590 1764 itanu)
1626 1707 1679 1760 ε

172 1782 309 1852 recipitur,
326 1779 448 1850 praecipi
466 1780 552 1834 sacris
570 1779 812 1835 constitutionibus
830 1780 922 1836 omnia
939 1779 968 1835 in
986 1779 1084 1836 eodem
1102 1785 1177 1836 statu
1195 1795 1258 1836 esse
1276 1781 1481 1850 necquicquam
1497 1777 1587 1858 nonan}

172 1870 281 1926 etiamsi
299 1874 394 1924 contra
412 1867 507 1922 fiscum
528 1867 693 1937 appellatum
713 1869 761 1924 sit:
781 1883 907 1938 eumque,
925 1869 973 1939 qul
991 1869 1200 1939 appellationem
1219 1884 1274 1925 non
1292 1870 1435 1940 receperit,
1452 1870 1584 1939 opinionem

173 1975 252 2016 suam
270 1955 413 2013 confestim
433 1971 482 2027 per
499 1955 658 2011 relationem
678 1955 852 2012 manifestare
871 1963 1039 2026 etecusam,
1057 1972 1107 2026 pro
1125 1971 1181 2027 qua
1199 1973 1255 2013 non
1273 1959 1379 2027 recepit
1390 1959 1585 2033 appellationes,

173 2050 286 2117 eiusque
304 2047 459 2115 exemplum
476 2045 607 2114 litigatori
625 2043 707 2099 edere
726 2044 827 2100 debers
846 2045 982 2101 mandatis
1000 2049 1123 2100 cauetur.
1639 2056 1686 2094 st

137 2135 155 2194 7
227 2137 346 2192 Psunus
369 2133 438 2189 libro
462 2133 593 2202 singulari
617 2133 652 2188 de
675 2133 914 2204 appellationibus.
951 2132 981 2189 Si
1005 2148 1050 2188 res
1074 2133 1232 2189 dilationem
1256 2149 1313 2189 non
1330 2133 1450 2204 recipiat,
1467 2130 1586 2218 [Q
1642 2137 1681 2189 8

173 2241 229 2281 non
247 2223 413 2294 permittitur
431 2223 582 2292 appellare,
601 2222 724 2278 uelatus
743 2227 938 2278 testamentum
957 2222 1096 2292 aperiatur
1114 2225 1157 2288 (ut
1174 2222 1257 2278 diuus
1274 2221 1430 2278 Hadrianus
1447 2225 1591 2293 contituit,

175 2329 209 2370 ne
228 2312 394 2368 frumentum
413 2312 441 2366 in
460 2327 539 2366 usum
560 2311 688 2380 militum,
713 2311 739 2366 iu
758 2325 883 2366 annonae
901 2310 1026 2366 subsidia
1043 2310 1233 2380 contrahatur,
1256 2325 1330 2366 neue
1349 2311 1463 2381 scriptus
1479 2310 1538 2366 berea
1550 2314 1597 2366 ἱῑι

143 2413 155 2458 1
176 2401 377 2474 possessionem
396 2400 550 2454 inducatur.
586 2399 655 2454 item
675 2399 698 2454 si
717 2415 752 2454 ox
769 2405 902 2470 perpetuo
921 2399 1012 2456 edicto
1030 2399 1133 2468 aliquid
1151 2398 1324 2469 decernatur,
1343 2399 1371 2454 id
1383 2413 1437 2468 quo
1448 2398 1594 2470 muubt,

133 2474 157 2546 ’2
176 2507 230 2546 non
248 2489 415 2559 permittitur
433 2488 579 2558 appellare.
616 2487 684 2543 Item
704 2502 758 2557 quo
778 2488 867 2542 minus
885 2489 986 2559 pignus
1004 2487 1125 2544 uendere
1142 2487 1234 2557 liceat,
1252 2488 1383 2558 appellari
1401 2502 1453 2543 non
1467 2493 1545 2558 potest
1644 2489 1684 2531 ¹⁵

188 2780 226 2856 lt
266 2777 330 2854 DE
357 2775 565 2852 LIBELLIS
593 2639 990 2868 DllssssoltlleluUl
1015 2773 1251 2852 APOSTOLI
1276 2773 1507 2852 DICUNTUR
1534 2775 1559 2852 u

140 2935 156 2990 1
229 2933 405 2988 Marcianus
427 2931 495 2986 libro
519 2929 640 2986 secundo
663 2929 699 2984 de
722 2929 960 2999 appellationibus.
996 2931 1064 2986 Post
1081 2930 1293 3000 appellationem
1312 2931 1452 3000 interposi·
1468 2921 1601 3012 [stiffi
1647 2922 1677 2973 S

176 3025 233 3076 tarn
252 3021 358 3076 litterae
377 3018 485 3074 dandae
503 3023 568 3072 sunt
586 3017 621 3072 ab
640 3033 682 3088 eo,
701 3033 719 3073 a
737 3033 792 3088 quo
810 3019 977 3088 appellatum
996 3024 1047 3088 est,
1066 3019 1102 3074 sd
1121 3033 1192 3088 eum,
1211 3019 1259 3088 qui
1276 3017 1313 3074 de
1325 3017 1601 3090 appellationeeogni·

176 3114 255 3164 turus
273 3115 324 3178 est,
343 3108 402 3162 aius
421 3107 571 3176 principem
591 3107 650 3162 siue
668 3121 750 3176 quem
770 3107 867 3176 alium,
885 3121 955 3176 quas
972 3107 1078 3163 litteras
1097 3107 1266 3164 dimissorias
1285 3108 1346 3163 siue
1363 3107 1493 3177 apostolos
1507 3105 1604 3174 apptl-
1647 3100 1682 3141 θ’

144 3209 157 3253 1
176 3199 242 3254 lant.
279 3196 381 3252 Sensus
400 3199 491 3250 autem
509 3195 661 3250 litterarum
679 3195 742 3251 tulis
761 3201 817 3250 est:
835 3197 988 3266 appellasse
1006 3201 1074 3266 puta
1092 3196 1206 3252 Lucium
1220 3197 1323 3251 Titium
1343 3212 1360 3250 a
1378 3195 1503 3250 sentonb‘a
1515 3194 1604 3258 llus,

144 3297 159 3342 2
177 3301 248 3356 quae
266 3285 414 3340 interillos
432 3283 506 3338 dicta
523 3287 574 3337 est.
605 3282 714 3339 Sufficit
731 3287 823 3339 autem
842 3285 945 3354 petisse
962 3285 1034 3340 intra
1051 3289 1161 3355 tempus
1179 3285 1350 3340 dimissorias
1368 3284 1493 3338 instanter
1502 3287 1606 3336 etun-

176 3375 248 3445 pius,
266 3378 298 3428 ut
313 3379 341 3428 et
352 3373 376 3428 si
394 3387 448 3426 non
467 3371 592 3440 accipiat,
610 3371 639 3426 id
657 3373 746 3442 ipsum
766 3371 963 3442 contesteltur:
982 3388 1045 3428 nam
1064 3373 1222 3430 instantiam
1236 3373 1357 3444 petentis
1369 3371 1520 3427 dimissorias
1528 3383 1606 3423 com-
1651 3357 1709 3406 ¹⁴²⁸

177 3463 334 3518 stitutiouea
352 3461 518 3516 desiderant.
547 3474 665 3530 aequum
684 3468 727 3516 est
744 3461 842 3532 igitur,
867 3461 958 3531 siper
980 3476 1043 3517 eum
1067 3463 1187 3533 steterit,
1211 3462 1258 3532 qui
1277 3460 1397 3518 debebat
1414 3459 1609 3520 dualitates,

176 3567 231 3622 quo
250 3551 340 3606 miuus
358 3550 413 3620 det,
432 3565 467 3605 ne
485 3549 537 3604 hoo
555 3549 698 3618 accipienti
718 3557 824 3604 noceat.
1662 3535 1686 3578 ³⁵

263 3839 300 3916 lt
340 3836 465 3914 NIHIL
495 3835 721 3914 INNOUARI
748 3701 1108 3914 APPAEriTIONE
1136 3836 1449 3915 INTERPOSITA
1484 3835 1514 3912 u

143 3993 156 4048 1
231 3993 382 4050 Unrrsnus
403 3992 472 4048 libro
490 3995 589 4061 quamn
607 3991 642 4046 de
660 3992 897 4062 appellationibus.
933 3991 1126 4063 Appellatione
1149 3993 1323 4064 interposita,
1346 3993 1406 4048 siue
1423 4007 1454 4046 ca
1470 3969 1623 4073 [2-2Ἳὲ
1670 3966 1686 4020 ⁸

177 4086 290 4152 recepta
307 4083 343 4136 sit
361 4082 420 4136 siue
439 4095 508 4150 nou,
527 4081 617 4136 medio
634 4085 758 4150 tempore
775 4081 841 4136 nihil
860 4081 955 4136 nouari
973 4086 1096 4151 oportet:
1121 4083 1144 4136 ai
1163 4081 1274 4151 quidem
1294 4081 1376 4137 luerit
1393 4087 1496 4150 recepta
1509 4070 1626 4146 appel‘

177 4172 256 4240 latio,
280 4171 346 4240 quia
363 4173 475 4240 recepta
493 4173 550 4224 est:
574 4169 598 4224 si
617 4184 683 4225 uero
702 4185 756 4224 uon
775 4175 817 4224 est
835 4175 959 4240 recepta,
977 4183 1012 4224 ne
1030 4169 1227 4240 praeiudicium
1247 4168 1309 4240 liat,
1329 4169 1421 4239 quoad
1437 4167 1622 4223 delimatur,
1667 4147 1687 4187 ⁴²

146 4271 158 4315 1
177 4263 268 4315 utrum
287 4257 445 4328 recipienda
463 4258 499 4312 sit
517 4257 665 4328 appellatio
683 4273 718 4313 an
737 4273 791 4313 non
810 4259 853 4312 sit.
890 4259 1013 4328 Recepta
1035 4263 1127 4314 autern
1151 4259 1336 4328 appellatione
1355 4257 1457 4312 tamdiu
1473 4254 1525 4310 nibil
1537 4245 1626 4305 erit

145 4358 160 4403 2
178 4347 377 4416 innouandum‚
401 4345 532 4416 quamdiu
550 4346 584 4401 de
603 4347 785 4416 appellatione
803 4345 885 4401 tirerit
903 4345 1116 4416 pronuntiatum.
1153 4345 1183 4401 Si
1204 4347 1267 4416 quis
1291 4361 1358 4416 ergo
1381 4344 1448 4401 sorte
1470 4343 1618 4410 retum

178 4434 231 4490 luit
248 4441 277 4490 et
295 4435 483 4505 appellauerit,
502 4450 556 4490 nou
575 4433 712 4490 arcebitur
729 4449 819 4504 neque
837 4435 882 4490 in²
894 4435 974 4490 ltalia
991 4449 1080 4504 neque
1098 4435 1143 4490 in¹
1161 4435 1313 4506 prouincia,
1332 4450 1388 4505 qua
1405 4433 1523 4503 relegatus
1536 4426 1612 4482 0⁵*-

145 4526 292 4594 sPropter
310 4523 425 4578 eandem
445 4523 578 4578 rationem
602 4527 631 4578 et
654 4523 677 4578 si
700 4523 762 4593 quis
786 4523 946 4594 deportatus
970 4521 1023 4578 fnit
1040 4521 1076 4580 ab
1094 4538 1142 4594 eo,
1166 4523 1211 4579 oui
1234 4523 1400 4594 deportandi
1421 4524 1460 4578 ius
1480 4524 1524 4588 est,
1540 4507 1607 4570 110¹
1655 4555 1660 4570 ·

177 4621 372 4690 Fffll'olou)

179 4765 189 4798 ¹
208 4759 433 4828 impedimentum
453 4759 555 4826 (Helii
626 4761 683 4816 ¹in
702 4763 748 4816 del.
767 4763 846 4829 (edd.)

178 4853 289 4946 {tirno
308 4892 334 4943 r
382 4891 416 4946 22
434 4852 676 4960 22222ιῶ2222
694 4909 729 4952 ns
744 4893 871 4950 xnroc
921 4893 1013 4949 arno
1061 4895 1096 4950 22
1115 4891 1254 4949 essert
1298 4893 1334 4949 aa
1352 4879 1573 4952 mutuandas
1705 4869 1717 4910 ’

180 4981 236 5018 cum
256 4961 481 5020 Brolouiuaur'r
501 4961 750 5036 &norrrjrr'sbrabr'tsu
770 4965 814 5021 uel
833 4981 868 5022 ne
921 4965 1053 5022 tendst’t
1087 4966 1122 5024 ul
1135 4966 1233 5022 nodari
1245 4965 1345 5022 tud-1²¹
1379 4949 1569 5031 tofiatlsidffl
1691 4931 1725 5002 Q

1684 696 1696 738 t

1676 779 1698 833 S
