3616 5468
250 249 385 318 XXXIII
407 252 424 317 l
446 258 481 314 21
931 246 1016 328 106
1205 268 1395 320 ιιιιιιιιιιιιι
1408 253 1683 319 ιιιιιιιιιιιιιο.

195 408 232 467 ll
304 409 383 464 Ιιιιιι
399 407 468 464 libro
486 409 617 466 uioeeimo
634 408 757 466 seeundo
774 408 953 480 digestorum.
982 408 1094 467 Liberto
1109 425 1161 468 sno
1178 411 1220 466 ita
1235 409 1352 480 legauit:
1371 408 1511 479 ‘praestari
1530 401 1686 491 Q

252 495 323 552 'uolo
339 496 458 566 PhilonI‚
477 512 564 568 usqne
582 497 648 554 dum
667 497 755 567 uiuet,
774 498 1045 569 quinquagesimam¹
1064 500 1153 556 omnis
1170 499 1288 568 redibas,
1306 497 1394 568 quae¹
1411 495 1532 566 praediis
1550 513 1568 552 a
1585 497 1686 552 oolonis

252 585 304 640 'nel
321 585 490 657 emptoribus
507 585 614 642 fruetus
636 602 671 642 ex
695 587 894 643 eonsuetudine
917 587 1016 644 domus
1039 601 1117 644 meae
1141 585 1332 658 praestantnr'.
1359 584 1474 642 heredes
1491 585 1607 656 praedia
1623 599 1686 640 uen-

251 673 392 744 diderunt,
416 689 452 730 ex
469 689 584 744 qnorum
603 675 694 731 reditu
711 677 939 746 quinquagesima
961 677 1057 732 reliota
1079 679 1135 732 est:
1158 676 1314 746 quaesitum
1335 677 1393 744 eet,
1416 689 1452 730 ιιι
1475 673 1557 744 pretii
1579 687 1686 741 usurae,

250 778 321 833 quae
339 778 374 818 ex
387 763 584 819 eonsuetndIns
596 765 624 820 in
636 765 779 834 prouinoia
791 769 1004 836 praestarentur,
1022 764 1251 834 quinquagesima
1261 762 1403 820 debeatur.
1430 761 1573 832 respondit
1583 761 1686 818 reditus

218 857 231 901 1
250 851 396 908 dumtaxat
412 853 654 923 quinquagesimas
671 854 790 924 legatae,
809 854 874 909 lieet
891 852 1005 924 praedia
1022 852 1135 908 uendite
1152 853 1242 908 euntl.
1278 851 1306 908 A
1323 851 1435 921 ilberto,
1453 851 1498 906 oui
1516 848 1632 906 fundum
1649 850 1686 906 le

250 947 366 1012 generat
388 939 522 998 ferentem
545 958 637 997 annua
659 942 816 1012 sexaginta,
838 956 890 1012 per
912 939 1153 998 fideioommissnm
1176 941 1290 997 dederat
1306 939 1465 1010 Pamphilae
1487 954 1581 994 annua
1603 938 1686 996 dena:

250 1031 405 1100 quaesitum
423 1035 475 1101 est,
494 1031 518 1086 si
534 1031 579 1086 lex
591 1030 713 1086 Paioidia
730 1029 828 1086 liberto
845 1031 967 1100 legatum
985 1031 1121 1100 minuerit,
1139 1045 1175 1085 au
1187 1027 1344 1099 Pamphilae
1356 1042 1466 1098 qaoque
1477 1042 1599 1084 annuum
1612 1025 1687 1084 fidei·

250 1119 427 1175 commissum
450 1119 584 1175 minutum
607 1119 747 1188 uideatur,
771 1134 834 1174 oum
856 1134 892 1174 ex
914 1119 1003 1175 reditu
1024 1120 1118 1188 legata
1135 1119 1203 1187 sint,
1225 1118 1273 1188 qui
1289 1117 1416 1187 largitur,
1440 1115 1548 1172 etiamsi
1566 1115 1688 1172 Falcidia

249 1213 356 1279 partem
374 1208 515 1264 dimidiam
533 1206 610 1264 fundi
629 1207 785 1277 abstulerit,
809 1223 927 1262 annuam
946 1207 1104 1278 Pamphilae
1125 1206 1348 1278 praestationem.
1375 1203 1518 1274 respoudit
1534 1203 1686 1260 seeundum

217 1301 232 1346 t
250 1311 284 1352 ea
302 1312 373 1366 quae
391 1300 608 1367 proponerentur
624 1311 680 1353 non
697 1296 785 1352 uideri
803 1296 945 1365 minutum,
963 1295 1016 1350 nisi
1034 1296 1058 1350 si
1076 1295 1130 1350 alia
1146 1309 1224 1350 mens
1235 1293 1376 1350 testatoris
1387 1292 1558 1364 probaretur.
1589 1292 1687 1348 Fidum

250 1399 286 1440 ex
303 1383 451 1456 dodrante,
474 1400 587 1442 uxorem
612 1401 647 1441 ex
669 1384 821 1455 quadrante
844 1384 965 1440 instituit
987 1384 1102 1440 heredes
1126 1388 1156 1438 ιι
1179 1380 1228 1438 filii
1245 1380 1310 1438 fidei
1328 1382 1476 1450 commisii,
1501 1385 1534 1436 ut
1550 1395 1686 1438 reuersae

249 1472 407 1530 restitueret
429 1473 622 1530 hereditatem:
647 1473 682 1529 ab
705 1489 739 1530 ea
761 1479 853 1530 autom
875 1474 960 1544 petit,
988 1479 1020 1530 ut
1045 1471 1230 1528 infirmitatem
1258 1467 1306 1526 filli
1330 1469 1549 1526 oommsndauam
1574 1469 1688 1526 baberet

249 1561 331 1631 eique
349 1565 504 1618 menstruos
523 1577 621 1618 aureos
638 1561 724 1617 denos
741 1566 904 1632 praestaret,
923 1561 1011 1619 donso
1028 1561 1065 1618 ad
1083 1561 1244 1616 nioeaimnm
1262 1559 1386 1629 qulntum
1402 1573 1503 1616 annum
1516 1559 1617 1614 ιιιιιιι
1628 1573 1687 1629 per·

249 1649 370 1720 uenerit,
393 1655 566 1706 sumentem
589 1651 731 1721 implesset
753 1666 814 1706 sam
837 1654 971 1722 aetatem,
994 1656 1100 1720 partem
1126 1648 1267 1706 dimidiam
1289 1647 1450 1704 hereditatis
1473 1648 1499 1702 ei
1520 1647 1686 1704 restitueret

249 1736 322 1794 filius
341 1738 460 1794 deduota
478 1738 620 1794 dodrantis
637 1743 715 1808 parte
733 1744 840 1810 quarta,
858 1754 893 1794 ιι
911 1755 966 1809 qua
983 1739 1126 1795 institutus
1144 1742 1211 1808 erut,
1229 1751 1365 1793 noneroae
1376 1735 1556 1792 hereditatem
1568 1736 1689 1792 restituit

251 1831 280 1882 et
296 1831 395 1896 postea
411 1827 536 1896 impleuit
558 1827 719 1882 uicesimum
742 1828 867 1897 quintum
885 1843 985 1882 annum
1008 1828 1116 1883 aetatis.
1143 1827 1298 1896 quaesitum
1321 1831 1378 1895 eet,
1401 1840 1464 1881 oum
1486 1839 1608 1882 uoueroa
1629 1825 1687 1880 uni·

250 1929 348 1972 uersae
370 1913 529 1970 hereditatis
552 1913 667 1971 baberet
688 1915 851 1972 dodrantem
874 1915 1042 1970 eemunoiam
1064 1921 1094 1970 ιι
1116 1915 1262 1986 aioilienm,
1284 1929 1321 1970 an
1344 1914 1404 1970 etus
1421 1919 1528 1983 partem
1547 1912 1688 1968 dImidiam

250 2003 376 2074 priuigno
395 2017 446 2058 suo
462 2003 628 2060 restitueret
656 2005 798 2075 rsepondit
815 2003 965 2062 seeundum
984 2018 1018 2058 ιι
1035 2019 1106 2073 quae
1124 2007 1340 2074 proponerentur
1356 2007 1464 2058 tantum
1478 2001 1687 2072 restituendum,

250 2095 383 2162 quantum
401 2105 464 2146 oum
482 2105 524 2161 eo,
542 2093 618 2162 quod
629 2093 767 2150 Paioidiae
780 2094 889 2150 nomine
907 2090 979 2147 filius
992 2091 1161 2163 deduxisset,
1180 2093 1323 2150 semissem
1336 2089 1447 2147 lateret.
1475 2090 1549 2146 idem
1560 2092 1687 2162 quaesiit,

249 2195 300 2250 au,
323 2179 397 2249 quod
415 2176 566 2236 iufirmitati
583 2179 633 2237 filii
650 2187 730 2253 pater
747 2183 889 2238 consulere
907 2181 1037 2250 uoluerit,
1061 2179 1168 2238 iruotus
1191 2195 1300 2251 quoque
1318 2178 1402 2236 medli
1418 2180 1550 2250 temporis
1567 2194 1689 2236 uoueroa

216 2269 276 2324 oei
292 2269 437 2326 restituere
456 2267 577 2324 deberet.
605 2271 748 2342 rsepondit
769 2271 921 2327 seeundum
945 2285 979 2326 ιι
1002 2285 1074 2340 qnae
1097 2274 1314 2342 proponerentur
1330 2267 1441 2326 debere.
1477 2267 1581 2330 Lusius
1598 2268 1688 2324 ‘litim

246 2361 415 2414 testamento
430 2357 537 2427 patriae
554 2373 622 2414 auae
640 2357 977 2416 oiuitati'Sebastanorum
996 2363 1105 2414 eentum
1123 2359 1241 2428 legauit,
1258 2359 1301 2414 uti
1318 2357 1430 2414 alternis
1447 2357 1527 2412 aunis
1544 2370 1580 2412 ex
1597 2356 1689 2412 usuris

248 2446 372 2502 eiusdem
390 2447 541 2503 oemamina
557 2446 610 2503 sub
628 2447 737 2504 nomine
755 2447 842 2518 ipsius
860 2447 1074 2517 eelebrerentur,
1097 2450 1126 2502 et
1148 2447 1249 2504 adieoit
1266 2445 1335 2502 baso
1353 2444 1451 2502 uerba:
1471 2444 1552 2514 'quod
1575 2445 1600 2501 si
1623 2459 1688 2502 oon-

249 2535 364 2592 ‘dioioue
381 2550 465 2604 supra
483 2536 586 2606 seripta
604 2537 725 2606 reeipere
743 2537 862 2606 legatam
881 2535 934 2592 sibi
951 2535 1096 2607 pecuniam
1115 2535 1212 2592 biuitae
1230 2533 1445 2592 Sebastenorum
1462 2533 1595 2604 uoluerit,
1613 2534 1688 2590 nullo
1805 2544 1808 2551 ⁴

249 2623 338 2680 'modo
356 2623 471 2680 heredes
489 2639 566 2680 meos
584 2623 721 2696 obligatos
744 2624 770 2680 ei
788 2639 850 2680 esee
867 2625 944 2694 uolo,
969 2623 1019 2680 sed
1042 2623 1143 2680 babere
1165 2623 1218 2680 eibi
1241 2621 1403 2694 peouniam'.
1430 2627 1528 2692 postea
1546 2621 1556 2691 I
1574 2636 1687 2692 praesse

247 2712 406 2784 prouinoiae
424 2727 460 2768 ex
478 2712 633 2770 nominibus
652 2711 806 2768 debitorum
824 2713 1049 2769 bereditariorum
1068 2713 1152 2782 elegit
1163 2713 1264 2768 idonea
1275 2713 1386 2768 nomiae
1396 2717 1426 2770 ιι
1437 2713 1466 2768 iu
1477 2725 1590 2767 oausam
1602 2710 1688 2781 legati

248 2802 288 2858 rei
305 2800 431 2872 publioae
449 2799 627 2871 adiudioauit,
645 2806 709 2871 post
727 2801 804 2857 ouius
822 2802 988 2858 sententiam
1005 2816 1051 2857 res
1069 2800 1179 2871 publiea
1196 2816 1215 2856 a
1231 2802 1368 2871 plerisque
1386 2799 1551 2856 adiudicabis
1569 2797 1623 2854 eibi
1640 2813 1687 2870 pe

248 2891 345 2946 suniae
362 2889 493 2960 pereepit.
520 2889 675 2960 quaesitum
688 2895 740 2960 eet,
759 2905 803 2960 an,
822 2890 846 2946 si
858 2905 902 2947 ιιι
914 2891 1025 2962 publiea
1036 2889 1242 2946 eondioionibus
1254 2894 1421 2946 ιιιιιιιιιιιιι
1432 2887 1578 2958 adseriptie
1588 2892 1688 2958 postea

248 2995 304 3036 non
320 2979 450 3050 paruerit,
468 2979 589 3048 legatum
608 2979 644 3033 ad
661 2977 732 3034 lilios
749 2977 864 3035 heredes
881 2980 1026 3050 pertineat.
1053 2977 1196 3048 respondit
1217 2993 1275 3034 rem
1293 2977 1431 3048 publieam
1448 2977 1585 3032 uoluntati
1603 2981 1687 3034 testa

248 3069 316 3124 toris
333 3082 431 3139 parere
448 3065 663 3137 compellandam
683 3082 724 3137 ιι,
743 3067 796 3122 nisi
813 3065 908 3138 faeiat,
932 3068 961 3122 in
978 3067 1021 3123 bis
1039 3067 1150 3137 quidem
1169 3067 1296 3137 summis,
1315 3081 1386 3137 quae
1403 3081 1453 3136 per
1471 3065 1687 3122 numerationem

249 3157 294 3214 uei
311 3157 487 3214 nouationem
505 3156 612 3211 solutae
630 3160 707 3227 aunt,
726 3156 786 3212 utili
804 3156 972 3225 repetitions
983 3155 1098 3212 heredes
1116 3155 1300 3212 adiuuandos:
1325 3155 1360 3210 ab
1378 3154 1421 3210 his
1438 3169 1504 3212 uero
1522 3153 1687 3224 nominibus,

248 3261 319 3316 quae
343 3261 432 3314 neque
456 3245 597 3300 uoluerunt
619 3244 659 3298 rei
682 3243 808 3314 publicae
834 3257 924 3314 neque
946 3245 1093 3300 uenatione
1117 3244 1310 3301 abseesserunt
1333 3259 1351 3299 a
1372 3244 1488 3314 prietIna
1510 3243 1687 3314 obligations,

215 3339 303 3391 enon
320 3333 514 3405 prohibendos,
532 3347 587 3402 quo
605 3333 696 3388 minue
714 3332 837 3390 debitum
855 3336 960 3403 petant.
996 3333 1132 3402 Largius‘
1144 3333 1328 3404 Eurippianus
1346 3333 1485 3388 oonsnluit
1501 3333 1612 3390 alumno
1630 3347 1687 3390 oer-

247 3427 306 3480 tam
323 3423 468 3493 peouniam
485 3425 631 3492 patronum
650 3426 817 3478 testamento
834 3422 943 3492 legasse
960 3421 1050 3492 deque
1069 3435 1103 3476 ea
1114 3436 1145 3478 re
1155 3425 1321 3478 ιιιιιιιιιιιιι
1333 3423 1373 3478 ita
1384 3422 1507 3478 moiseo:
1525 3420 1687 3492 paenulam,

249 3511 339 3582 ‘quam
357 3511 431 3566 Titio
448 3510 546 3567 liberto
568 3515 597 3566 et
615 3511 724 3566 alumno
747 3525 809 3566 meo
832 3511 937 3580 tegani,
961 3525 1023 3566 esse
1046 3509 1110 3566 uolo
1133 3525 1218 3580 penes
1235 3509 1362 3566 Publium
1379 3511 1516 3566 Maeuium
1539 3525 1629 3580 usque
1652 3509 1688 3565 ad

249 3599 358 3656 'aunum
376 3600 537 3656 uiessimum
556 3599 682 3669 quiritum
700 3600 801 3654 astatis
818 3600 878 3654 eius
896 3613 999 3669 proque
1022 3614 1057 3655 ea
1079 3600 1233 3669 eomputari
1255 3613 1318 3654 oum
1336 3613 1370 3656 eo
1388 3615 1486 3656 usuras
1504 3599 1686 3668 quadrantes:

249 3688 388 3760 ‘qnantum
407 3693 500 3744 autem
518 3689 547 3743 in
565 3693 704 3758 sumptum
722 3688 749 3744 ei
767 3688 944 3744 statuendum
963 3687 1012 3758 sit,
1035 3692 1081 3757 tu,
1104 3687 1184 3744 Publi
1200 3688 1305 3758 Μιιιιί,
1328 3703 1391 3744 oum
1409 3689 1494 3758 patrie
1512 3687 1688 3744 adeotnmei

248 3778 395 3848 ‘praestare
414 3776 530 3846 debeas,
555 3775 730 3832 aestimabis'.
758 3777 914 3846 quaesitum
931 3783 988 3848 est,
1013 3791 1049 3832 ιιι
1067 3775 1183 3832 heredes
1201 3791 1218 3832 a
1235 3775 1332 3834 Publio
1349 3777 1458 3834 Ilaeuio
1475 3776 1543 3832 ιιιίι
1561 3777 1687 3848 eooipere

247 3865 392 3922 debuerInt
408 3866 547 3920 soluentes
565 3881 627 3920 sam
645 3866 798 3935 psouniam.
824 3865 974 3935 rsepondit,
992 3881 1055 3920 oum
1067 3868 1235 3921 testamento
1247 3865 1322 3921 nulla
1335 3865 1488 3936 exigendae
1499 3865 1687 3922 satisdationie

247 3955 469 4012 oommsmoratio
490 3951 553 4023 fiat,
576 3953 644 4010 eatis
668 3953 797 4009 habuisse
819 3953 934 4010 heredes
956 3953 1107 4010 seeundum
1130 3953 1301 4010 uoluntatem
1325 3953 1447 4010 ᾱιιιιιιιι·
1464 3947 1560 4010 Publi0
1578 3954 1686 4010 blaseio

246 4044 392 4114 psonniam
409 4057 566 4098 numerare:
585 4048 614 4098 et
631 4041 694 4098 ideo
711 4057 763 4098 neo
781 4042 871 4098 Titius
890 4043 1016 4100 alumnus
1034 4043 1080 4098 uel
1096 4041 1212 4098 bersdee
1230 4043 1290 4098 eins
1308 4042 1397 4098 audiri
1414 4041 1534 4098 debeant
1551 4041 1687 4098 aduersus

246 4132 362 4188 heredes
380 4131 488 4202 patroni
506 4135 630 4202 agentes,
649 4130 723 4201 qnod
740 4131 808 4188 satie
826 4147 881 4186 non
899 4137 1062 4202 exegerunt:
1080 4145 1117 4186 ex
1134 4145 1170 4186 ιι
1186 4131 1259 4188 enim
1275 4131 1464 4188 numeratione
1480 4131 1563 4188 stiam
1582 4147 1602 4186 a
1612 4131 1687 4188 'litio

247 4237 281 4277 eo
298 4221 412 4291 proinde
431 4221 514 4276 etiam
533 4219 569 4275 ab
586 4219 734 4276 heredibus
752 4221 811 4276 eius
829 4219 958 4277 liberatos
972 4235 1035 4276 esse
1047 4235 1131 4290 supra
1142 4221 1259 4290 eoriptoe
1271 4219 1394 4292 heredes,
1413 4220 1465 4276 uisi
1477 4220 1590 4276 uiuente
1601 4225 1686 4276 testa-

213 4315 307 4366 ttore
324 4309 439 4366 Publius
457 4308 580 4365 Maenius
599 4308 732 4365 soluendo
750 4323 812 4365 esee
830 4308 956 4366 desierit:
975 4314 1042 4365 tune
1059 4309 1131 4364 enlm
1150 4309 1242 4366 ιιιιιο
1260 4308 1296 4366 ab
1313 4324 1347 4365 eo
1365 4307 1502 4379 erigenda
1518 4313 1571 4364 ιιι
1603 4309 1687 4366 Pater
1794 4302 1808 4311 ⁴

244 4407 489 4478 qwnnorom)

247 4533 256 4567 ¹
274 4531 537 4601 quinquagesimae?
596 4532 608 4566 ¹
625 4531 660 4587 de
679 4539 726 4586 ina.
789 4531 802 4566 ⁸
819 4546 855 4586 aa
873 4531 953 4600 pretii
971 4529 1200 4600 quinquagesima
1217 4529 1351 4586 debeatur
1367 4545 1530 4602 usuraeque,
1548 4548 1622 4603 quae

245 4606 458 4672 praestarentur,
476 4603 541 4658 lieet
558 4603 672 4672 praedia
683 4600 797 4656 uendita
811 4605 883 4657 sunt.
903 4603 1044 4672 respondit
1061 4601 1166 4657 reditus
1229 4602 1354 4673 legatae?
1418 4604 1431 4638 ⁴
1447 4603 1562 4660 Latoius
1580 4605 1685 4676 (Mere-

242 4683 318 4747 pius:
337 4676 438 4746 oſsaitn
452 4675 549 4728 Coram.
561 4675 586 4740 7,
605 4675 649 4730 ubi
667 4673 727 4730 tetra·
745 4673 982 4730 bernehardum
999 4673 1220 4744 Rutupinum?

246 4804 562 4874 2quaeprasdiis1ffl,
580 4819 650 4875 quos
662 4804 782 4875 praediis
792 4804 938 4871 would,
993 4806 1072 4861 Taua
1087 4824 1174 4861 erere
1236 4805 1271 4860 28
1290 4807 1473 4862 ssumntiam
1491 4807 1530 4861 F*
1583 4809 1619 4866 32
1637 4809 1685 4866 ad-

246 4889 318 4946 quae
336 4891 385 4946 pro
403 4875 523 4946 praedite
541 4877 579 4942 D,
602 4891 671 4946 quos
693 4891 743 4947 pro
763 4875 882 4948 praediis
900 4875 938 4932 Ε*
991 4875 1175 4932 iubandoeF¹
1220 4877 1254 4932 37
1273 4876 1471 4946 qua's'drantes
1484 4878 1522 4934 F*
1565 4879 1684 4938 38eit'u’

245 4947 465 5017 3praestantur]
484 4947 567 5012 lvo,
584 4954 741 5017 praestatur
758 4949 798 5013 E,
816 4953 938 5017 praesta·
991 4953 1023 5004 ιιι
1042 4947 1077 5002 F*
1131 4948 1168 5004 40
1184 4947 1356 5018 exigendae*
1374 4949 1410 5002 Γ*
1462 4950 1498 5006 41
1518 4965 1684 5010 eommsme

244 5017 414 5088 10erAE
431 5023 637 5094 praestarentur
655 5020 710 5076 ΙΚ·
757 5021 792 5078 19
809 5017 939 5090 respondi
991 5019 1059 5076 ratis
1076 5019 1103 5074 F
1150 5020 1186 5076 42
1203 5018 1331 5078 ao'ri'diri
1348 5019 1385 5073 Fi
