3616 5468
307 247 427 316 XXXII
449 237 565 310 oti-oo
997 237 1053 321 90
1524 263 1571 310 uu
1593 259 1736 310 hausura

307 406 397 462 cundo
414 405 505 476 refert,
525 405 548 460 si
565 406 609 461 oui
627 405 702 476 ligna
718 405 811 474 legata
822 408 922 474 essent,
941 403 1051 475 quaein
1064 401 1246 472 iuudoerant,
1265 402 1375 459 arbores
1388 401 1497 472 quidem
1510 399 1641 458 materiae
1654 415 1737 456 mursa

307 495 428 550 succisas
445 509 500 549 nou
518 492 624 549 deberi:
649 508 700 550 nee
717 493 831 564 adiecit,
855 493 879 549 sl
896 497 967 549 nou¹
986 491 1162 549 comburendi
1184 492 1274 562 gratia
1296 491 1420 547 succisae
1440 495 1518 561 suut,
1542 490 1578 546 ad
1595 506 1660 546 eum
1676 505 1736 561 per·

274 589 287 634 1
305 584 401 654 tinere,
419 583 468 638 sed
486 583 526 637 sic
543 583 663 653 intellegi
682 597 851 653 consequens
869 587 920 638 est.
950 580 1045 638 Ofilius
1063 596 1172 652 quoqne
1189 579 1258 636 libro
1276 581 1371 650 quinto
1385 581 1451 636 iuris
1462 579 1555 651 partiti
1567 579 1607 634 ita
1618 579 1736 650 scripsit,

307 672 350 727 cui
367 673 441 742 ligna
457 672 549 741 legata
567 675 645 741 suut,
669 671 705 725 ad
723 687 784 726 eum
804 672 895 727 omnia
912 671 987 741 ligna
1004 671 1154 742 pertinere,
1178 683 1249 738 quae
1267 669 1321 724 alio
1339 670 1448 725 nomine
1465 685 1520 725 non
1538 668 1735 738 appellantem,

306 761 391 815 ueluti
408 761 502 829 uirgae
520 759 652 816 carbones
670 760 758 815 nuclei
776 761 922 829 oliuarum,
946 759 1045 830 quibus
1069 757 1105 814 ad
1127 759 1228 813 nullam
1247 759 1327 813 aliam
1345 773 1402 813 rem
1421 758 1473 814 nisi
1490 758 1527 814 ad
1558 760 1735 817 D.to‚1o,1at
1752 763 1778 803 5

273 847 519 904 acomburendum
541 849 629 918 possit
651 850 706 903 uti:
730 848 779 904 sed
802 853 831 904 et
854 849 944 904 balani
966 849 1011 904 uel
1034 849 1057 902 si
1080 849 1126 918 qui
1149 847 1194 902 alii
1217 847 1315 902 nuclei.
1351 847 1427 902 Idem
1450 845 1518 902 libro
1542 847 1664 903 secundo
1681 841 1734 930 [ῥι

304 941 389 1008 negat
406 936 517 992 arbores
533 937 654 993 nondum
674 938 810 1007 concisas,
829 937 882 992 nisi
899 953 970 1008 quae
993 937 1147 994 minutatim
1170 935 1374 1006 conciduntur⁸,
1397 935 1485 991 uideri
1505 936 1532 991 ei
1548 937 1669 1007 legatas,
1692 935 1736 991 cui

305 1027 380 1096 ligna
397 1027 489 1096 legata
506 1033 578 1082 sunt.
606 1041 658 1096 ego
677 1031 769 1082 autem
788 1025 903 1082 arbitror
920 1027 973 1082 hoc
991 1042 1099 1098 quoque
1116 1025 1183 1094 ligni
1208 1025 1391 1095 appellatione
1409 1025 1554 1096 contineri,
1577 1024 1653 1096 quod
1669 1039 1735 1080 nou·

305 1117 370 1170 dum
389 1115 543 1170 minutatim
561 1114 615 1170 iuit
631 1117 782 1184 concisum,
802 1116 825 1170 si
843 1116 896 1170 iam
916 1115 1084 1170 concidendo
1102 1112 1155 1169 fult
1172 1114 1348 1170 destinatum.
1383 1115 1497 1186 proinde
1515 1115 1539 1170 si
1556 1115 1655 1170 siluam
1672 1113 1736 1170 huic

305 1205 344 1260 rei
362 1203 481 1259 habebat
499 1203 670 1274 destinatam,
689 1205 759 1259 silua
776 1203 885 1274 quidem
905 1219 958 1259 non
976 1204 1064 1270 cedet,
1082 1203 1205 1258 deiectae
1224 1209 1315 1259 autem
1334 1203 1446 1260 arbores
1462 1205 1597 1274 lignorum
1616 1203 1735 1274 appella·
1752 1209 1792 1248 Ι·

272 1300 286 1344 t
304 1294 378 1349 tione
396 1292 614 1362 oeutiuebuntur,
632 1293 685 1346 nisi
702 1293 775 1348 aliud
793 1298 909 1348 testator
927 1294 1020 1348 sensit.
1048 1293 1143 1362 lignis
1162 1296 1255 1348 autem
1268 1293 1366 1362 legatis
1377 1293 1451 1363 quod
1463 1293 1641 1349 comburendi
1652 1309 1735 1349 eausa

303 1387 428 1453 paratum
447 1387 491 1436 est
507 1381 674 1450 continetur,
699 1382 758 1436 siue
781 1382 816 1437 ad
838 1380 928 1437 balnei
951 1380 1157 1437 calefactionem
1181 1382 1241 1436 siue
1258 1381 1409 1437 diaetarum
1428 1381 1660 1453 hypocmstarum
1677 1382 1735 1437 siue

271 1471 341 1526 tad
359 1471 461 1526 calcem
484 1470 529 1525 uel
552 1469 588 1524 ad
610 1470 690 1524 aliam
714 1486 771 1526 rem
796 1471 966 1541 coquendam
990 1467 1096 1525 solebat
1119 1471 1168 1524 uti.
1205 1469 1299 1526 Ofilius
1319 1469 1330 1542 ΙΙ
1349 1469 1417 1526 libro
1441 1471 1536 1541 quinto
1557 1471 1625 1526 iuris
1642 1471 1734 1542 partit*
1750 1469 1792 1518 f·

303 1560 414 1630 scripsit
430 1573 482 1615 neo
500 1563 638 1614 sarmenta
655 1560 721 1629 ligni
739 1561 921 1631 appellatione
939 1559 1085 1614 contineri:
1109 1557 1158 1614 sed
1182 1559 1206 1614 si
1229 1560 1357 1615 uoluntas
1374 1575 1429 1616 non
1446 1558 1612 1631 refragatur,
1636 1565 1665 1615 et
1682 1560 1735 1615 uir·

303 1649 384 1720 gulae
402 1651 431 1703 et
448 1649 569 1718 gremia⁴
587 1653 616 1702 et
633 1653 771 1704 sarmenta
789 1655 817 1704 et
835 1651 1028 1719 superamenta
1045 1647 1219 1702 materiarum
1245 1653 1273 1703 et
1295 1649 1392 1704 uitium
1411 1649 1510 1720 stirpes
1528 1653 1611 1718 atque
1629 1648 1735 1704 radices
1752 1653 1780 1692 1

271 1745 285 1793 t
303 1737 523 1794 eouduebuutur.
549 1737 697 1807 Lignorum
717 1738 898 1808 appellatione
916 1738 943 1792 in
962 1735 1124 1808 quibusdam
1143 1735 1308 1808 regionibus,
1327 1743 1358 1794 ut
1375 1739 1403 1793 iu
1415 1737 1554 1810 Aegypto,
1572 1737 1620 1793 ubi
1637 1737 1735 1793 harun-

303 1827 367 1882 dine
384 1841 433 1898 pro
450 1827 525 1895 liguo
543 1829 669 1894 utuntur,
694 1830 722 1884 et
744 1826 909 1882 harundines
934 1831 962 1881 et
983 1843 1118 1898 papyrum
1142 1827 1327 1882 comburitur*
1345 1829 1375 1882 et
1391 1825 1520 1883 herbulae
1537 1827 1674 1897 quaedam
1691 1828 1736 1882 uel

303 1917 398 1986 spinae
417 1916 461 1970 uel
479 1929 577 1984 uepres
595 1915 814 1972 continebuntur.
841 1915 906 1986 quid
925 1915 1043 1970 mirum?
1065 1931 1127 1970 cum
1146 1916 1224 1978 ailus
1242 1916 1295 1972 hoo
1312 1919 1342 1972 et
1358 1931 1444 1972 naues
1461 1915 1570 1982 arsafio
1588 1917 1735 1987 appellant,

270 2015 284 2062 e
303 2020 375 2076 quaa
391 2003 459 2060 haee
477 2001 528 2058 iub
540 2005 595 2059 rba
614 2005 682 2059 'esda
701 2005 849 2060 deducunt.
878 2005 910 2060 In
929 2003 1092 2074 quibusdam
1109 2005 1258 2075 prouinciis
1275 2009 1304 2060 et
1321 2005 1396 2060 editu
1414 2003 1518 2060 bubum
1536 2005 1661 2060 adhunc
1678 2021 1735 2062 rem

270 2103 284 2150 t
302 2089 424 2150 utuntur.
452 2091 482 2148 Si
498 2093 602 2162 lignum
621 2095 658 2149 sit
674 2100 799 2164 paratum
819 2093 855 2149 ad
873 2093 1006 2149 carbones
1024 2093 1181 2163 coquendas
1200 2097 1282 2164 atque
1299 2091 1491 2163 conficiendas,
1509 2094 1548 2150 ait
1559 2091 1655 2150 Ofilius
1665 2093 1735 2151 libro
1752 2093 1792 2138 ⁵

302 2184 397 2254 quinto
415 2181 481 2238 iuris
499 2183 593 2252 partiti
611 2182 759 2239 carbonum
777 2183 959 2254 appellatione
976 2181 1131 2238 huiusmodi
1148 2183 1289 2238 materiam
1308 2198 1362 2238 nou
1380 2183 1524 2238 contineri:
1543 2179 1735 2268 [Qdi]

302 2271 352 2328 sed
370 2288 406 2326 au
423 2269 577 2341 lignorum?
603 2275 632 2326 et
653 2270 778 2328 fortassis
802 2273 863 2343 quis
886 2272 959 2328 dicet
983 2287 1034 2327 uec
1055 2272 1203 2342 lignorum:
1227 2287 1281 2327 uon
1303 2271 1375 2328 enim
1397 2272 1532 2342 lignorum
1555 2273 1646 2342 gratia
1667 2273 1735 2329 haec

302 2363 419 2416 testator
436 2359 539 2416 babuit.
571 2359 621 2416 sed
638 2364 667 2415 et
683 2361 794 2417 titiones
812 2367 841 2417 et
858 2361 911 2416 alia
928 2361 1003 2430 ligna
1021 2366 1100 2416 cocta
1121 2377 1156 2417 ne
1179 2360 1284 2417 furnum
1302 2359 1405 2417 iaciant
1421 2366 1512 2417 utrum
1529 2362 1604 2432 liguo
1622 2379 1659 2418 an
1676 2379 1734 2419 car·

270 2461 284 2506 a
302 2449 366 2505 boni
384 2465 420 2504 au
438 2464 488 2506 suo
505 2450 600 2519 generi
612 2449 871 2505 adnumerabimus?
897 2455 925 2504 et
942 2449 1031 2519 magis
1048 2456 1098 2521 est,
1117 2455 1148 2506 ut
1160 2451 1298 2521 proprium
1317 2465 1404 2521 genus
1418 2449 1559 2506 habeatur.
1586 2450 1734 2523 Sulpurata

269 2550 283 2596 a
302 2553 411 2610 quoque
429 2538 464 2594 de
482 2539 557 2608 ligno
574 2553 661 2608 aeque
679 2539 795 2594 eandem
812 2537 953 2594 habebunt
971 2537 1165 2594 definitionem.
1192 2539 1238 2594 Ad
1256 2538 1331 2595 iaces
1342 2555 1450 2610 quoque
1467 2545 1564 2610 parata
1581 2555 1637 2597 uon
1653 2547 1735 2598 erunt
1751 2538 1792 2584 Ι

254 2639 284 2685 10
301 2629 436 2698 lignorum
454 2627 637 2698 appellatione
655 2627 859 2698 comprehensa,
878 2628 931 2683 nisi
949 2627 1017 2683 haec
1034 2626 1087 2683 luit
1104 2629 1240 2684 uoluntas.
1269 2629 1312 2684 De
1323 2629 1388 2698 pinu
1402 2633 1495 2685 autem
1513 2629 1612 2699 integri
1630 2629 1734 2686 atrabili

300 2718 368 2788 ligni
385 2717 567 2787 appellatione
585 2715 804 2772 continebuntur.

244 2805 283 2864 56
353 2807 472 2862 Pauuus
489 2805 558 2862 libro
576 2813 673 2876 quarto
692 2806 727 2860 ad
744 2804 884 2862 Sabinum.
911 2806 969 2861 Pali
987 2811 1015 2860 et
1031 2805 1151 2876 perticae
1169 2805 1197 2861 in
1215 2807 1348 2862 numero⁶
1365 2799 1735 2890 [ffugi—Ham
1751 2805 1792 2858 Ε

300 2895 431 2951 materiae
449 2895 591 2964 redigendi
610 2900 681 2965 arunt,
700 2899 728 2950 et
746 2895 808 2950 ideo
826 2896 961 2965 lignorum
981 2895 1161 2965 appellatione
1180 2909 1235 2952 uon
1252 2895 1434 2952 continentur.
1751 2895 1792 2941 Ι

244 2984 283 3044 57
353 2985 525 3040 Postremus
536 2983 605 3039 libro
616 2985 757 3053 trigesimo
769 2983 804 3039 ad
817 2982 956 3040 Sabinum.
983 2983 1095 3039 Seruius
1112 2983 1261 3054 respondit,
1279 2983 1324 3040 cui
1340 2985 1429 3040 omnis
1445 2986 1560 3042 materia
1590 2997 1734 3056 astate
1751 2981 1792 3036 Ε

300 3075 393 3145 legata
410 3074 453 3144 sit,
472 3073 498 3128 ei
516 3088 567 3128 uec
585 3089 676 3128 arcam
694 3087 745 3128 nec
763 3073 908 3128 armarium
925 3074 1046 3144 legatum
1065 3088 1136 3129 esse.
1592 3063 1734 3074 *m

244 3162 282 3222 58
354 3165 504 3220 Unrmuus
521 3161 590 3218 libro
608 3166 706 3231 quarto
724 3161 948 3232 disputationum.
985 3162 1054 3219 dum
1077 3162 1157 3218 uxori
1180 3177 1247 3218 suae
1265 3162 1326 3232 qum
1344 3177 1390 3234 ea,
1408 3177 1480 3234 quae
1497 3164 1557 3219 eius
1590 3161 1734 3236 aaas‘ss'e
1751 3161 1792 3217 Ξ

300 3269 385 3310 causa
402 3258 498 3324 parata
515 3256 588 3322 sunt,
606 3251 734 3321 legasset,
752 3250 851 3306 dehinc
869 3251 950 3307 uiuus
968 3268 1103 3324 purpuras
1118 3257 1305 3322 comparasset
1319 3251 1347 3306 iu
1358 3251 1499 3322 prouincia
1510 3242 1734 3312 pereffluis

300 3343 467 3412 aduenisset,
485 3341 646 3411 rescriptum
664 3339 760 3396 estad
778 3340 917 3396 mulierem
935 3357 1069 3412 purpuras
1087 3342 1230 3411 pertinere.
1751 3340 1792 3389 ε

243 3429 282 3491 59
353 3433 494 3488 lucrosus
515 3429 584 3485 libro
606 3431 746 3499 trigesimo
764 3433 862 3498 quarto
881 3428 1058 3498 digestorum.
1096 3430 1147 3496 Qui
1165 3429 1374 3501 chirographum
1391 3431 1480 3502 legat,
1503 3447 1557 3488 non
1589 3429 1733 3504 aaa&
1750 3426 1792 3486 Ξ

299 3525 405 3576 butum
424 3520 459 3575 de
477 3519 577 3575 tabulis
596 3519 712 3589 cogitat,
737 3519 786 3573 sed
808 3519 892 3574 etiam
915 3519 950 3573 de
974 3518 1141 3588 actionibus,
1165 3535 1279 3589 quarum
1303 3520 1428 3590 probatio
1445 3520 1546 3577 tabulis
1564 3510 1734 3581 contine-tur:

300 3611 482 3681 appellatione
499 3609 572 3664 enim
590 3607 762 3678 chirographi
780 3608 820 3662 uti
838 3623 888 3663 nos
906 3623 956 3678 pro
974 3609 1040 3679 ipsis
1059 3607 1212 3664 actionibus
1233 3610 1324 3680 palam
1348 3615 1404 3680 est,
1428 3625 1489 3666 cum
1507 3611 1627 3668 uenditis
1646 3614 1732 3672 obbo·

299 3699 411 3769 graphia
428 3699 611 3768 intellegimus
629 3713 728 3752 nomeu
746 3697 863 3752 uenisse.
892 3699 1056 3768 quinetiam
1075 3698 1099 3754 si
1117 3713 1216 3754 nomen
1233 3699 1295 3768 quis
1313 3699 1453 3770 legauerit‚
1471 3699 1501 3756 id
1512 3700 1585 3771 quod
1602 3702 1630 3758 iu
1649 3705 1732 3760 actio

299 3787 380 3844 uibus
398 3793 441 3844 est
457 3789 578 3858 legatum
597 3787 770 3856 intellegitur.
1750 3792 1792 3836 μ’

243 3877 282 3936 60
352 3875 493 3933 marus
515 3875 584 3932 libro
608 3875 729 3930 secundo
753 3875 921 3944 digestorum
945 3875 1082 3932 aPsuuc
1102 3877 1321 3948 epitomatorem.
1357 3876 1425 3933 Gom
1444 3893 1556 3948 quaere
1588 3890 1732 3951 a.44,a,us
1749 3870 1792 3934 „⁵-

299 3969 384 4036 rrtur,
407 3967 472 4036 agni
493 3967 597 4036 legatil
620 3969 756 4035 quatenus
779 3961 950 4034 uiderentur,
973 3963 1084 4036 quidam
1110 3966 1219 4022 aiebant
1242 3983 1344 4038 agnum
1368 3967 1511 4022 dumtaxat
1533 3981 1583 4023 sex
1606 3985 1731 4028 mensum

298 4063 541 4134 marmanios)

300 4185 497 4256 ¹conficiandi,
515 4187 565 4242 sed
584 4196 630 4241 aas.
685 4187 839 4256 ²quaeque
852 4185 1024 4255 appellantur
1037 4194 1084 4242 tus.
1137 4187 1213 4243 ⁸nisi
1225 4203 1251 4258 q.
1265 4205 1300 4243 m.
1314 4187 1494 4245 conciduntur
1506 4191 1553 4245 det
1605 4191 1732 4249 ⁴cremia

299 4257 385 4324 (Hatr
403 4259 485 4331 ομ).
494 4259 537 4324 24,
547 4258 572 4322 3,
584 4259 609 4324 7,
624 4259 687 4326 12st
741 4255 939 4312 ‘comburitur
957 4259 1003 4313 det
1061 4260 1234 4314 ⁶numerum
1253 4263 1269 4314 l.
1281 4281 1346 4332 pem.
1408 4261 1633 4333 ⁷aguiaiegatis,
1647 4264 1732 4335 agni?

298 4387 451 4459 3partiti'i'
463 4390 503 4444 ita
520 4389 558 4442 Ρ
597 4390 868 4460 domnialegnaF⁰
905 4391 988 4446 boli·
1041 4391 1209 4462 quendaeffl
1237 4395 1481 4451 23anearuoniF¹
1512 4395 1729 4465 24geueri⁴F⁶l

297 4459 394 4515 barum
424 4461 451 4513 F
475 4464 590 4586 (mis)
659 4463 736 4518 dab
762 4461 835 4517 idem
861 4466 876 4516 l.
899 4472 947 4518 tna.
968 4465 993 4516 F
1041 4463 1280 4521 adnumerauimus
1305 4467 1341 4519 5¹
1363 4469 1368 4535 1
1393 4468 1533 4537 sulpurata
1560 4483 1671 4538 quoque
1697 4468 1731 4524 de

298 4531 426 4600 'lnagatl
445 4532 520 4602 legat
563 4543 574 4564 ⁶
618 4531 753 4603 81ign'o'i
772 4534 952 4605 appellatione
968 4536 994 4587 li
1040 4535 1125 4606 liguo]
1145 4536 1207 4591 baec
1226 4558 1242 4591 a
1256 4537 1364 4593 Graecis
1376 4541 1547 4595 reddideritis
1566 4541 1604 4595 rai
1619 4539 1652 4594 ri
1670 4560 1731 4595 rra-

298 4605 332 4658 15
350 4609 488 4659 sarmenta
496 4603 570 4672 ‘ligni
587 4620 604 4658 a
624 4606 770 4674 pellatioue
788 4607 920 4660 contineri
938 4605 987 4660 sed
1041 4606 1111 4678 oapi
1135 4607 1198 4670 aisa
1225 4612 1294 4675 (num
1317 4617 1355 4664 stc
1379 4611 1491 4682 Taposiri
1517 4612 1606 4679 ιοάιιι)
1633 4619 1732 4667 monuit

297 4675 321 4730 si
345 4675 470 4730 uoluntas
494 4691 548 4731 non
568 4621 728 4746 reKagatur'
746 4682 775 4731 et
792 4675 828 4732 F*
849 4679 854 4745 Ι
876 4693 987 4747 supera·
1042 4679 1185 4750 Haupttaa:
1208 4681 1291 4742 rea'ca
1315 4688 1381 4734 enim
1399 4687 1424 4736 et
1439 4682 1538 4746 rtaooa
1557 4701 1574 4737 a
1593 4685 1731 4756 Byzantiis

297 4747 400 4818 menta]
425 4747 536 4812 FECK,
564 4745 698 4803 framenta
717 4748 759 4814 W,
785 4745 938 4818 fragmenta
964 4747 986 4812 I,
1040 4753 1600 4824 appellariquaeGraecisdicaatarderdosa
1635 4755 1730 4810 26110·

297 4819 986 4962 littltsthtl“tlltliuttlt'sitttt‘
1039 4821 1142 4946 itti
1154 4825 1730 4968 ttffltt‘tttsut‘da'tstta

296 4961 403 5018 buritur
421 4961 457 5016 F‘
512 4963 547 5018 18
569 4961 683 5032 spinae
701 4963 737 5016 pa
758 4967 762 5032 Ι
782 4975 883 5032 satirae
908 4963 987 5017 Tuas.
1039 4963 1119 5018 uiuos
1137 4964 1173 5016 pr
1220 4965 1257 5020 40
1273 4911 1469 5035 urfaererentur
1486 4967 1512 5020 F
1549 4969 1584 5022 41
1603 4983 1730 5025 mensum

297 5053 384 5090 erroro
426 5035 459 5090 19
477 5033 592 5106 bubum]
610 5035 655 5102 Ρ,
673 5034 775 5093 bouum
788 5039 825 5094 Ρ
865 5037 902 5093 20
919 5047 986 5104 quo·
1039 5043 1119 5091 *esse*
1137 5035 1176 5089 F*
