3638 5460
223 17 239 48 l

203 263 352 332 XXXVII
373 264 394 330 5
416 271 530 327 15-23
877 260 965 342 290
1168 285 1214 332 ns
1237 282 1380 332 nnesnrs
1403 279 1635 330 rnnnsnnnnrs

171 425 282 478 ttextu
305 421 378 477 dotis
401 422 514 490 legetur.
552 420 581 476 Si
605 427 735 478 extraneo
757 421 857 477 herede
881 423 1007 478 instituto
1029 419 1081 476 sub
1106 420 1157 476 hao
1177 422 1337 477 eondioione
1356 418 1395 504 [Β.
1406 433 1523 486 ee,r,e1.
1536 431 1636 485 stete

203 516 335 580 exceptae
353 525 487 580 personae
503 510 624 579 legatum
643 512 692 581 sit,
711 511 735 566 si
753 510 846 566 heredi
864 511 958 566 desem
977 511 1097 578 dederit,
1116 511 1155 564 its
1172 511 1197 566 ei
1216 512 1367 582 legatorum
1386 511 1459 565 notio
1477 509 1596 578 dabitur,
1614 508 1636 562 si

203 601 238 668 ei,
256 601 303 668 qui
321 605 416 655 eontra
432 599 541 654 tabulas
559 597 691 654 bonorum
709 601 910 670 possessionem
929 601 1044 671 aeeepit,
1062 598 1177 670 dederit,
1195 615 1250 655 non
1268 601 1292 656 si
1310 599 1403 655 benedi
1421 599 1557 669 instituto,
1576 597 1638 667 quia

204 688 353 744 absurdum
371 694 414 743 est
431 689 506 744 iilum
525 688 669 744 commoda
682 688 840 745 hereditatis
853 689 962 758 habere,
981 691 1063 744 alium
1076 705 1160 744 onera
1171 691 1306 745 sustinere
1318 689 1346 744 in
1358 687 1527 760 praestando
1539 687 1636 756 iegato.

204 778 253 833 sed
271 783 299 832 et
317 779 340 832 si
357 778 431 833 Titio
449 778 540 833 iussus
558 776 640 833 inerit
658 777 732 850 dare,
750 794 805 835 non
823 779 869 850 iiii,
887 779 936 834 sed
955 775 1010 835 tilio
1029 779 1095 834 dare
1113 779 1204 834 debet.

149 863 186 922 16
257 865 407 923 Unrrarrus
424 867 493 922 libro
512 873 609 938 quarto
627 868 850 938 disputationum.
879 866 909 924 Si
927 867 981 922 duo
999 873 1186 938 proponantur
1203 883 1264 922 esse
1282 881 1355 921 unus
1370 867 1397 922 in
1409 867 1549 937 potestate
1561 877 1660 934 prae.

203 957 316 1025 teritus,
341 957 410 1011 aliur
434 957 622 1027 emanoipatus
644 957 799 1028 institutus,
823 961 938 1028 apparet
960 959 1134 1014 commissum
1160 973 1221 1012 esse
1239 955 1358 1012 edietum
1377 971 1427 1026 per
1445 971 1522 1025 enm,
1546 953 1637 1024 quiin

204 1049 341 1115 potestate
360 1051 416 1100 est:
440 1047 509 1101 etsi
528 1045 609 1101 ambo
626 1047 761 1116 petissent
778 1053 874 1102 eontra
891 1045 998 1101 tabulas
1016 1045 1147 1102 bonorum
1158 1046 1381 1116 possessionem,
1406 1045 1430 1099 is
1448 1043 1574 1114 quidem,
1593 1041 1637 1111 qui

203 1135 232 1190 in
250 1137 387 1204 potestate
404 1136 514 1205 mansit,
532 1150 593 1190 eom
608 1151 664 1191 rem
678 1136 713 1192 ab
723 1137 854 1192 intestato
867 1135 975 1205 habeat,
993 1152 1048 1191 non
1059 1135 1211 1206 praestabit
1222 1133 1314 1190 liberis
1326 1138 1354 1188 et
1365 1133 1526 1203 parentibus
1538 1133 1637 1202 legata

204 1225 393 1294 emanoipatus
416 1239 481 1280 uero
500 1225 633 1296 numquid
651 1241 701 1281 nee
719 1226 779 1297 ipse
797 1229 931 1296 praestat,
955 1225 1020 1295 quia
1037 1227 1063 1280 ei
1081 1241 1137 1280 rem
1156 1223 1288 1294 auferret,
1312 1225 1360 1293 qui
1376 1227 1567 1293 praestaturus
1584 1235 1638 1275 non

203 1319 271 1384 erat,
290 1314 314 1370 si
332 1314 406 1369 solos
424 1313 520 1368 esset?
546 1313 595 1369 sed
613 1315 705 1370 uerius
723 1320 766 1370 est
784 1315 827 1370 uei
846 1313 918 1370 hune
936 1315 1032 1370 saitem
1051 1314 1152 1370 debere
1168 1314 1261 1369 liberis
1280 1318 1308 1368 et
1324 1311 1484 1382 parentibus
1496 1313 1637 1381 praestare

203 1403 303 1472 legata.
334 1403 448 1473 proinde
471 1403 495 1458 si
518 1409 614 1458 eontra
639 1403 748 1459 tabulas
772 1419 826 1460 non
850 1403 968 1474 aooepit,
994 1403 1139 1459 dioendum
1164 1408 1207 1459 est
1229 1401 1361 1458 tuendum
1385 1416 1447 1455 enm
1476 1401 1505 1455 in
1531 1404 1636 1470 partem

203 1497 233 1547 et
249 1493 344 1562 utique
361 1491 454 1548 liberis
471 1493 684 1564 parentibusque
707 1494 799 1564 legata
821 1499 1032 1564 praestaturum.
1062 1493 1112 1548 sed
1136 1509 1171 1548 an
1194 1497 1223 1547 et
1245 1490 1384 1560 omnibus,
1409 1488 1522 1544 dubito:
1545 1493 1637 1544 tamen

204 1581 269 1652 quia
292 1582 374 1651 plena
394 1580 499 1638 frustm
520 1584 674 1653 uoluntate,
699 1583 809 1654 plenum
834 1586 863 1638 et
886 1581 1048 1652 obsequium
1072 1585 1213 1653 praestare
1233 1580 1374 1638 testatoris
1395 1579 1496 1635 indicio
1518 1593 1568 1648 pro
1589 1591 1638 1632 sua

203 1671 282 1740 parte
301 1669 391 1726 debet.

149 1757 187 1815 17
258 1759 398 1816 Imauus
416 1759 485 1816 libro
497 1759 657 1830 trigensimo
669 1765 748 1816 sesto
760 1760 940 1830 digestorum.
968 1759 997 1816 si
1010 1757 1340 1831 ennnoipatotttoprae-
1371 1769 1518 1826 ereren.
1531 1769 1638 1826 teste

204 1848 287 1904 terito
311 1853 390 1918 pater
413 1853 571 1904 extraneum
596 1848 723 1904 heredem
743 1850 907 1906 instituisset
924 1855 952 1905 et
970 1848 1005 1906 ab
1023 1865 1057 1905 eo
1075 1865 1132 1905 rem
1151 1850 1271 1920 legasset
1288 1863 1375 1918 eaque
1394 1848 1470 1903 adita
1487 1847 1638 1902 hereditate

205 1937 269 1993 doio
287 1937 381 2008 scripti
399 1937 507 1993 heredis
524 1937 648 2008 perisset,
668 1939 801 1994 aduersus
819 1939 1022 2008 emnnoipntum
1040 1939 1115 1994 utilis
1133 1939 1204 1994 aetio
1223 1938 1282 1994 dari
1300 1937 1412 1994 debebit
1424 1938 1450 1992 ei
1462 1937 1569 1992 soilioet
1580 1951 1645 2006 per-

206 2041 303 2098 sonae,
323 2028 367 2082 oui
384 2026 456 2082 iilius
474 2028 566 2097 legata
583 2033 723 2098 praestare
741 2029 856 2098 tegitur,
875 2029 940 2098 quia
957 2029 1076 2099 praetori
1093 2029 1263 2098 propositum
1283 2033 1327 2084 est
1344 2028 1402 2083 sine
1419 2027 1519 2082 iniuria
1537 2031 1655 2082 aetera-

205 2131 264 2172 rum
282 2131 460 2187 personarum
478 2115 610 2172 bonorum
630 2119 833 2188 possessionem
852 2123 946 2174 eontra
964 2115 1072 2174 tabulas
1090 2119 1247 2173 testamenti
1266 2117 1333 2173 dari.
1713 2119 1734 2160 ²⁰

149 2204 187 2263 18
258 2205 430 2262 Armesrrus
447 2205 516 2262 libro
534 2211 632 2276 quarto
650 2208 849 2277 quaestionum.
879 2209 971 2278 Nepos
989 2207 1036 2278 qui
1054 2208 1081 2262 in
1099 2211 1236 2276 potestate
1255 2207 1356 2262 mansit
1373 2208 1401 2260 et
1418 2202 1491 2258 filius
1509 2217 1577 2259 snus
1594 2201 1666 2258 he-
1713 2193 1728 2246 S

205 2293 285 2350 redes
308 2295 426 2350 instituti
449 2301 525 2351 sunt:
549 2295 642 2366 nepoti
660 2297 781 2366 legatum
800 2296 889 2352 dedit:
914 2302 992 2368 pater
1010 2297 1070 2352 eius
1088 2297 1276 2367 emancipatus
1293 2295 1364 2366 petit
1380 2293 1514 2350 bonorum
1532 2306 1668 2362 posses—

206 2384 324 2440 sionem:
347 2401 433 2456 nepos
451 2386 543 2454 iegato
562 2388 706 2440 contentus
725 2391 775 2442 est.
808 2385 919 2456 quidam
937 2386 965 2442 in
983 2399 1045 2440 eum
1064 2385 1166 2454 solum,
1185 2387 1233 2455 qui
1250 2386 1278 2440 in
1295 2388 1432 2456 potestate
1450 2387 1539 2452 esset,
1556 2377 1674 2450 legati

206 2474 340 2529 sotionem
365 2475 458 2544 nepoti
476 2473 595 2528 dandam
613 2475 825 2545 responderunt,
849 2476 914 2545 quia
931 2476 957 2530 ei
975 2475 1041 2530 nibil
1059 2473 1199 2530 anferatur
1216 2479 1245 2530 et
1261 2473 1450 2544 emancipatus
1466 2476 1576 2542 partem
1594 2465 1698 2524 titi.

206 2562 250 2618 sui
273 2568 402 2632 oooupet,
425 2563 454 2618 in
477 2577 533 2633 qna
552 2577 621 2618 onus
639 2564 790 2633 legatorum
809 2577 864 2620 non
883 2565 1052 2620 consisteret
1083 2564 1133 2620 sed
1150 2565 1252 2619 reotins
1270 2563 1376 2620 dioetur
1391 2563 1420 2617 in
1439 2559 1693 2630 emanoipstunn
1716 2557 1736 2599 ²⁵

208 2651 295 2706 solum
315 2651 433 2706 dandam
452 2666 514 2707 esse
532 2652 667 2708 notionem
685 2653 787 2724 nepoti,
806 2653 962 2724 etquidem
980 2667 1035 2709 non
1053 2653 1125 2709 nitra
1141 2653 1329 2724 quadrantem,

151 2741 188 2799 19
260 2739 338 2794 Inest
349 2739 418 2796 iibro
431 2741 526 2811 quinto
537 2741 737 2811 quaestionum.
764 2743 837 2813 quia,
855 2747 884 2797 et
896 2743 919 2798 si
931 2757 1026 2799 omnes
1037 2739 1172 2813 petissent
1182 2741 1315 2798 bonomm
1327 2739 1540 2812 possessionem,
1559 2735 1705 2792 semia
1719 2721 1733 2776 θ’

208 2828 314 2898 nepotis
332 2829 482 2886 inteream
500 2835 530 2885 et
546 2837 652 2902 patrem
670 2832 730 2887 eius
748 2831 924 2887 diuideretur.

151 2919 191 2978 20
260 2918 435 2974 Maecianus
452 2919 520 2976 libro
538 2923 636 2990 quarto
654 2921 817 2991 regularum.
845 2919 874 2976 Si
892 2919 965 2976 fliius
983 2921 1171 2992 emancipatus
1190 2922 1285 2976 eontra
1301 2923 1342 2976 ta·
1361 2914 1521 3002 [111133.
1533 2931 1574 2985 44,
1583 2916 1710 2984 st,5
1724 2906 1750 2976 ss
1811 2945 1815 2960 ·

208 3005 287 3062 bulas
310 3007 444 3064 bonorum
467 3010 668 3080 possessionem
686 3010 809 3080 petierit,
834 3009 952 3066 tuendos
969 3010 1078 3080 quidem
1097 3009 1198 3066 liberos
1216 3014 1245 3064 et
1260 3013 1388 3079 parentes
1406 3012 1541 3062 murtae.
1576 2993 1713 3063 sed*
1727 2999 1747 3040 ⁵⁰

209 3097 232 3150 si
256 3097 331 3152 uarie
353 3097 483 3152 donatum
501 3097 584 3153 inerit
601 3100 724 3170 exeeptis
741 3099 865 3169 personis
883 3115 900 3154 s
917 3103 1048 3156 testatore
1067 3100 1161 3154 mortis
1179 3113 1278 3168 eausa,
1302 3111 1352 3168 pro
1369 3101 1430 3152 rata
1447 3095 1593 3152 ooniereut
1608 3079 1717 3152 a&

177 3197 189 3240 1
208 3186 313 3240 uirilem
337 3187 520 3258 emancipato,
544 3188 616 3243 siout
638 3188 738 3244 aooidit
761 3189 789 3244 in
810 3189 981 3260 portionibus
1002 3189 1172 3244 hereditariis
1196 3194 1226 3244 et
1247 3187 1355 3258 legatis.
1390 3187 1527 3242 Intestato
1551 3185 1721 3242 enters)

208 3280 316 3330 mortuo
339 3281 417 3346 patre
441 3293 523 3348 snper
546 3276 739 3334 donationibus
763 3280 858 3334 mortis
880 3293 965 3334 eausa
986 3277 1067 3334 saetis
1090 3293 1145 3334 non
1167 3278 1269 3348 poterit
1291 3275 1363 3332 filius
1381 3275 1490 3346 quaeri,
1514 3273 1726 3346 quoniouss

209 3365 377 3435 temperatio
395 3366 470 3420 nulla
486 3366 638 3435 legatorum
657 3367 783 3422 occurrit.

153 3453 190 3512 21
261 3455 442 3511 Pannissus
459 3454 529 3510 libro
546 3455 628 3512 tertio
646 3455 753 3512 deoimo
770 3457 971 3528 quaestionum.
1007 3455 1036 3512 Si
1053 3457 1143 3526 portio
1161 3455 1329 3525 hereditatis,
1347 3469 1429 3524 quam
1448 3459 1568 3526 exeepta
1585 3423 1766 3526 per‘JP

170 3551 173 3557 '
210 3557 279 3599 sona
301 3542 435 3600 benefitio
457 3545 526 3615 legis
549 3545 651 3602 babere
672 3547 773 3616 potuit,
798 3546 968 3616 repudietur,
992 3561 1043 3618 pro
1060 3561 1094 3602 ea
1111 3559 1220 3616 quoqne
1238 3549 1316 3615 parte
1334 3541 1420 3614 filins,
1443 3545 1492 3614 qni
1509 3537 1741 3600 honoror-:1³
1767 3571 1772 3584 ·

209 3634 411 3706 possessionem
431 3635 545 3704 sucepit,
563 3650 617 3691 non
636 3636 696 3690 aliis
714 3649 796 3704 quam
814 3636 937 3706 exeeptis
955 3636 1079 3706 personis
1097 3635 1189 3704 legata
1205 3633 1365 3706 praestabit.
1800 3673 1813 3720 ᾖ

154 3723 192 3782 22
263 3723 341 3778 Ioum
358 3723 426 3778 libro
444 3724 539 3794 quinto
557 3737 757 3794 responsorum.
787 3725 926 3780 Bonorum
944 3725 1119 3795 possessione
1136 3728 1232 3780 souma
1248 3722 1372 3793 taibulas
1388 3722 1550 3778 testamenti
1568 3683 1783 3792 pff?

210 3812 291 3867 terito
314 3813 486 3882 omanoipeto
506 3811 562 3868 filio
580 3813 659 3882 data,
683 3812 802 3882 seriptns
819 3813 898 3869 heres
917 3814 986 3868 aiter
1002 3811 1088 3883 titius,
1112 3813 1159 3883 qui
1176 3813 1379 3884 possessionem
1398 3812 1508 3882 sooepit
1524 3813 1571 3867 uei
1588 3796 1757 3867 iurs‘11·re

211 3901 284 3956 oiuili
302 3905 446 3958 contentus
464 3916 518 3958 uon
537 3903 651 3972 uooepit,
669 3901 761 3970 legata
778 3902 926 3972 praeeipua
943 3917 997 3958 non
1015 3900 1135 3958 habebit.
1780 3945 1799 4003 P

155 3990 193 4048 ee
264 3991 522 4048 manoonnnrus
539 3990 608 4046 noro
625 3990 707 4046 tortio
725 3990 791 4046 run·
803 3992 993 4061 optematum.
1021 3991 1065 4062 nr,
1084 3987 1182 4061 quibus
1193 3991 1239 4047 uo
1250 3991 1374 4046 oneum
1387 3991 1432 4045 uer
1445 3990 1553 4046 armen
1566 3971 1767 4045 namt·

211 4113 413 4186 rfflnoron)

1744 3349 1765 3392 11

1776 3871 1797 3914 ii

214 4304 222 4338 ¹
242 4303 307 4356 idem
322 4301 431 4358 Graeci:
450 4303 508 4358 siue
525 4302 641 4358 heredes
659 4283 753 4374 scripti
772 4308 836 4359 sunt
854 4265 912 4360 siue
930 4304 1022 4374 legate
1040 4307 1212 4374 acceperunt,
1231 4301 1335 4360 utnon
1353 4302 1443 4359 minus
1459 4317 1545 4374 quam
1563 4269 1775 4360 audiisti

212 4375 300 4443 portio
318 4375 486 4444 relinquatur
504 4376 674 4445 emancipato
694 4383 740 4430 ins.
759 4377 802 4450 (⁶s·
821 4397 846 4431 a.
859 4375 894 4429 32
912 4376 984 4430 sieut
1001 4375 1112 4444 oceidit)
1183 4375 1195 4412 ¹
1212 4379 1242 4430 et
1259 4383 1306 4431 ias,

212 4558 460 4645 4herediiat'em’is
473 4560 509 4613 F*
544 4561 771 4632 speraremus*
807 4562 899 4617 titum
953 4559 1123 4626 &sarsinaten
1141 4561 1173 4617 τὸ
1196 4559 1333 4617 initiatos
1352 4561 1424 4631 11τῷ
1443 4563 1494 4617 BS
1512 4529 1766 4628 (Dor-ow)

214 4650 262 4685 orn.
276 4633 313 4684 F·
367 4633 401 4686 10
419 4632 452 4701 er]
472 4636 501 4686 et
519 4633 554 4685 F¹
610 4635 644 4688 14
661 4633 751 4704 piena]
769 4633 849 4702 plane
862 4633 899 4687 F¹
954 4635 1093 4706 iisdemque
1101 4637 1164 4704 sere
1180 4633 1266 4688 aeriis
1284 4635 1433 4700 B(Aaorr.)
1487 4635 1524 4689 33
1542 4635 1699 4690 mertis&
1714 4599 1762 4671 ι’]

215 4703 248 4757 18
267 4702 389 4772 seripti's'
408 4703 445 4756 pa
505 4705 539 4758 19
562 4703 635 4759 oui‘s'
653 4705 690 4757 pr
711 4707 715 4771 Ι
736 4705 818 4774 quia⁴
837 4704 898 4772 Fi!
954 4709 1041 4760 morte
1065 4705 1102 4759 F¹
1155 4705 1190 4759 34
1208 4711 1333 4760 ooourrat
1350 4703 1387 4760 F*
1440 4705 1477 4760 38
1495 4687 1751 4775 possesstoffl'

212 4772 411 4842 praetori‘s'F‘
454 4775 489 4829 23
506 4775 534 4828 in
552 4789 614 4830 eum
627 4773 789 4846 'qui'squm
804 4775 901 4846 quiF‘
953 4774 1079 4832 ne'm’F’
1122 4774 1428 4846 depresserunt
1443 4779 1448 4843 Ι
1463 4762 1743 4834 narrabemtss

214 4847 249 4900 25
261 4847 289 4899 in
302 4852 373 4914 qua*
383 4845 421 4898 F’
436 4846 441 4912 Ι
456 4845 595 4915 onns‘qne'
608 4847 645 4902 ἲ*
686 4850 720 4903 16
733 4849 902 4903 essem·
953 4847 999 4902 uel
1017 4847 1132 4918 uiriiem]
1151 4849 1179 4911 F,
1197 4849 1243 4902 uei
1260 4849 1384 4904 relietum
1401 4847 1447 4902 uel
1459 4849 1569 4904 uirilem
1588 4835 1732 4920 ped

213 4917 249 4972 28
267 4917 356 4986 neptis
369 4918 394 4970 F
432 4917 466 4972 31
486 4919 578 4972 uariae
589 4919 623 4971 F:
641 4918 665 4972 εἰ
677 4918 706 4972 b'e
719 4919 809 4991 aoprrc
822 4917 901 4980 stoica
954 4918 1059 4973 monem
1080 4919 1112 4986 Q,
1133 4919 1256 4974 rebeum
1275 4925 1329 4984 (est
1346 4929 1393 4974 iae·
1408 4920 1441 4986 0)
1459 4921 1570 4976 uirilem
1588 4911 1721 4991 porl'

213 4987 492 5132 gg'peemcangaegffic’
521 4988 658 5078 &perdetne
689 4991 738 5116 fs
765 4991 902 5118 ἑῼοωυς.)
953 4991 1056 5117 {pultem
1078 4990 1143 5056 Dc,
1166 4991 1290 5048 telletum
1312 4993 1341 5048 in
1362 4991 1469 5046 uirilem
1493 4983 1708 5064 portionem&

491 5077 498 5115 ἕ
517 5079 555 5116 Cic
572 5079 605 5115 ΤΟ
622 5079 690 5116 ANNI
707 5081 763 5133 ΗΡω
783 5079 839 5116 HM!
852 5079 901 5116 wit
