3600 5460
291 278 413 348 XXXX
433 280 455 343 4
475 283 593 340 45-53
961 271 1052 352 434
1453 295 1500 343 ns
1523 293 1731 342 memsam

234 439 273 495 45
344 435 422 490 lnam
444 433 513 488 libro
537 473 635 489 ......
659 433 866 504 pandectarum.
909 431 988 498 Quod
1012 433 1095 502 uolgo
1117 431 1218 488 dicitur
1240 431 1292 487 snb
1315 432 1438 502 plumbus
1461 433 1558 488 condi·
1577 425 1753 514 [Q.

291 522 414 579 cionibus
433 523 499 578 data
516 521 642 578 libertate
660 523 827 578 leuissimum
846 520 1034 577 condicionem
1053 520 1232 590 spectandam
1250 535 1326 592 esse,
1349 521 1388 577 ita
1410 537 1506 578 aarum
1531 525 1591 590 ast,
1614 521 1640 576 si
1657 535 1727 591 seps·

290 613 370 666 ratim
389 611 564 667 condiciones
583 613 638 666 sint
656 611 752 668 datae:
775 610 891 682 quodsi
909 609 1075 665 coniunctim
1094 609 1176 664 datae
1194 615 1271 679 sunt,
1294 611 1347 665 nisi
1365 610 1493 666 omnibus
1510 609 1650 681 paruerit,
1667 609 1730 664 liber

290 716 345 756 non
363 702 423 756 erit.
477 737 478 740 η
1744 709 1756 748 a

232 793 272 850 46
343 789 515 844 Pourourus
534 789 603 845 libro
620 789 737 857 septimo
755 803 790 843 cx
808 788 892 843 uariis
910 785 1082 843 lectionibus.
1110 785 1204 842 Aristo
1221 787 1334 842 Neratio
1350 785 1496 856 Appiano¹
1515 801 1559 841 rc·
1578 781 1730 869 [Q
1746 792 1780 864 lif

291 879 408 949 scripsit,
427 881 593 936 testamento
610 877 679 932 libor
691 892 753 932 esse
765 877 864 946 iussus,
884 892 946 932 unm
959 891 1092 931 annonam
1105 875 1218 944 triginta
1229 881 1311 946 esset,
1330 881 1477 945 numquam
1490 875 1525 930 ad
1540 889 1601 930 mm
1615 881 1729 930 aetatem

281 969 447 1037 ¹perueniret
464 968 487 1022 si
506 968 533 1022 in
553 967 691 1021 metallum
710 965 857 1021 damnatus
875 965 912 1021 sit
929 979 962 1020 ac
979 970 1077 1035 postca
1091 971 1245 1035 renouetur,
1264 965 1323 1020 sine
1342 963 1514 1020 dubitatione
1531 979 1596 1020 cum
1608 963 1731 1020 libertate

290 1062 413 1126 rogatum
437 1057 473 1112 ad
498 1069 560 1112 eum
584 1055 721 1124 pertinere
744 1069 834 1125 neque
855 1053 1026 1110 metallorum
1044 1053 1196 1124 pecusius
1214 1054 1273 1108 eius
1292 1053 1405 1110 mutari:
1429 1069 1481 1109 nco
1499 1053 1589 1123 aliud,
1613 1054 1639 1109 si
1657 1053 1753 1116 haam,

291 1128 371 1200 esset
384 1144 436 1200 sub
455 1145 616 1199 condicione
634 1144 788 1200 institutus:
807 1142 928 1198 futurum
947 1143 1020 1198 enim
1039 1143 1203 1198 aumatium
1223 1143 1417 1198 necessarium.
1747 1152 1758 1193 r

231 1237 271 1295 47
343 1235 525 1290 Peenameus
548 1231 617 1288 libro
641 1236 720 1288 sexto
744 1232 944 1302 quaestionum.
982 1231 1050 1287 Cum
1073 1245 1107 1285 ex
1125 1229 1202 1285 falsie
1221 1231 1352 1286 codicillis
1369 1245 1420 1302 per
1437 1245 1557 1286 errorem
1576 1225 1769 1314 [ΜΡ

290 1321 415 1392 libertas,
438 1323 502 1377 lieet
520 1337 574 1377 non
593 1320 700 1390 debita,
718 1322 853 1391 praestita
869 1327 962 1375 umen
981 1319 1016 1375 ab
1035 1319 1135 1375 beredo
1153 1317 1260 1390 inisset,
1279 1320 1377 1390 uiginti
1395 1319 1498 1376 solidus
1513 1335 1535 1374 a
1552 1319 1670 1389 singulis
1687 1319 1730 1374 ho

257 1424 268 1467 1
290 1411 409 1466 minibus
427 1410 583 1466 inserendos
602 1425 663 1466 esse
682 1410 776 1465 heredi
793 1411 921 1480 princeps
940 1409 1090 1464 constitnit.
1122 1407 1177 1463 Sed
1195 1413 1224 1463 et
1241 1409 1265 1463 si
1283 1409 1450 1464 condicionis
1467 1409 1628 1478 implendae
1646 1409 1730 1478 grstia

290 1515 399 1556 seruum
419 1499 563 1554 institutus
580 1499 769 1554 manumiserit
787 1515 820 1553 ao
837 1503 936 1569 postea
953 1497 1025 1552 lilius
1044 1497 1079 1552 de
1096 1495 1250 1552 inofficioso
1269 1497 1378 1567 agaimo
1394 1498 1514 1553 tenuerit
1525 1497 1573 1552 uel
1584 1501 1729 1552 mammen

289 1593 348 1644 tum
368 1587 466 1644 salsum
487 1587 568 1644 fuerit
585 1589 804 1659 pronuntiatum,
829 1601 1000 1658 consequens
1023 1587 1075 1642 erit
1087 1585 1167 1641 idem
1185 1586 1214 1641 in
1236 1585 1289 1642 hac
1313 1587 1406 1658 specie
1422 1584 1497 1656 deri,
1515 1585 1593 1656 quod
1611 1588 1641 1642 in
1658 1585 1728 1642 falsis

290 1677 421 1734 codicillis
440 1678 620 1733 constitutam
639 1679 690 1732 est.
1741 1683 1768 1725 rs

231 1767 271 1826 48
342 1767 420 1822 Ionas
438 1765 507 1823 libro
526 1766 633 1822 docimo
652 1765 853 1836 quaestionum.
882 1762 911 1818 si
929 1763 1021 1819 socius
1039 1767 1204 1820 testamento
1216 1762 1370 1824 libertatem
1382 1765 1422 1819 ita
1433 1763 1556 1820 dederit:
1575 1757 1759 1848 Q?

291 1855 468 1925 Pamphilus,
488 1856 511 1910 si
530 1869 593 1911 cnm
612 1855 703 1911 socius
722 1853 923 1922 manumiserit,
941 1851 1104 1923 liberalite,
1123 1851 1236 1908 Seruius
1253 1852 1409 1923 rcspcnidit
1427 1853 1503 1910 socio
1521 1855 1724 1909 manumittente
1737 1851 1787 1903 lut

289 1957 462 2000 communem
481 1942 540 1998 lieri
558 1941 684 2000 libertum
704 1941 823 1998 familiae
842 1946 925 2010 atque
944 1943 1163 1998 manumissoris:
1181 1957 1270 2012 neque
1289 1943 1361 1997 enlm
1379 1957 1481 1998 nouum
1501 1943 1723 2013 antinoognitnm

258 2081 259 2084 ,
291 2038 334 2088 est
352 2034 429 2088 uado
447 2033 506 2087 iure
525 2031 663 2087 communi
681 2031 818 2100 mancipio
836 2030 990 2086 libertatem
1008 2032 1161 2102 optingere.
1736 2035 1755 2077 1⁹

232 2122 271 2180 49
343 2121 421 2176 lusu
433 2121 508 2176 :libro
527 2127 607 2176 sexto
626 2135 828 2190 responsorum.
856 2121 1035 2175 Testamenta
1053 2119 1145 2175 militis
1164 2120 1204 2174 ita
1216 2119 1412 2176 manumissam
1426 2117 1556 2176 ‘Samiam
1576 2112 1752 2205 Q?

274 2205 324 2265 'fin
343 2209 470 2266 libertate
488 2223 550 2264 esse
569 2208 643 2264 iussi'
663 2207 795 2264 directam
814 2207 968 2264 libertatem
987 2209 1045 2264 iure
1063 2209 1176 2264 militiae
1195 2207 1301 2279 cepisse
1319 2209 1430 2279 placuit.

233 2300 272 2358 50
341 2299 420 2356 louu
442 2297 512 2353 libro
535 2311 607 2352 nono
630 2311 832 2367 responsurum.
869 2295 954 2363 Quod
972 2298 1037 2353 diuo
1057 2297 1147 2354 Marco
1171 2313 1222 2368 pro
1245 2297 1418 2354 libertatibus
1438 2311 1549 2353 conscr-
1575 2289 1750 2382 [esu-Qui

289 2387 388 2442 aandls
406 2385 518 2456 placuit,
536 2387 626 2442 locum
645 2385 728 2442 babet
745 2387 822 2440 irrito
840 2389 1006 2444 testamento
1024 2385 1106 2455 iacto,
1125 2387 1149 2441 si
1167 2385 1240 2442 bona
1256 2387 1384 2442 uenitura
1402 2387 1469 2442 siut:
1491 2387 1616 2457 alioquin
1633 2401 1719 2444 uacan-

258 2486 270 2530 1
289 2471 364 2530 tibus
382 2473 450 2531 fisco
468 2475 617 2532 uindicatis
634 2491 689 2530 non
707 2474 809 2530 habere
827 2475 1050 2530 constitutionem
1069 2475 1158 2530 locum
1171 2479 1266 2546 aperte
1278 2481 1400 2531 cauetur.
1428 2474 1531 2532 Seruos
1544 2479 1719 2531 anumrsstc

290 2569 383 2619 mento
402 2564 598 2633 manumissos,
617 2569 649 2618 ut
666 2563 740 2618 bona
757 2563 921 2633 suscipiant,
941 2564 999 2618 iure
1018 2566 1172 2620 cautionem
1191 2564 1318 2620 idoneam
1335 2565 1447 2634 offerre,
1466 2579 1522 2620 non
1541 2565 1634 2620 minus
1651 2579 1718 2634 quau
1731 2565 1750 2608 ¹⁵

290 2657 397 2708 ceteros
422 2650 544 2708 defuncti
563 2651 675 2707 libertos
694 2657 743 2708 aut
759 2653 894 2708 exharios
912 2651 1074 2708 deelarauit:
1098 2653 1172 2723 quod
1190 2651 1366 2722 beneficium,
1390 2652 1542 2708 minoribus
1561 2653 1641 2709 aunis
1657 2653 1718 2708 bere·

291 2740 372 2796 dibus
391 2741 499 2811 scriptis
518 2741 649 2796 auxilium
667 2739 748 2795 bonis
765 2739 959 2810 praestitutum
978 2755 1054 2797 more
1072 2743 1154 2798 solito
1172 2737 1400 2812 desiderantibus,
1419 2756 1474 2797 nou
1493 2740 1627 2798 aufertur.

234 2829 288 2900 51,
344 2830 422 2884 Inna
446 2829 516 2885 libro
540 2834 638 2899 quomo
662 2829 768 2884 decimo
792 2843 993 2900 responsorum.
1030 2830 1211 2886 Testamenta
1233 2831 1357 2886 centurio
1375 2845 1471 2886 seruos
1488 2845 1558 2886 suos
1573 2821 1744 2916 {Qui

291 2919 385 2974 uenire
402 2917 542 2987 prohibuit
560 2934 592 2973 ac
610 2919 687 2988 petit,
706 2922 787 2988 prout
804 2920 920 2988 quisque
938 2919 1091 2989 monuisset,
1109 2935 1158 2975 ecs
1176 2919 1343 2975 manumitti
1369 2919 1512 2974 libertates
1531 2921 1636 2975 utiliter
1653 2921 1715 2974 dua

291 3007 441 3077 rospondit,
459 3019 531 3076 oum,
550 3008 573 3061 sl
591 3021 672 3062 nemu
690 3019 831 3062 sesamum
851 3007 1004 3078 offenderit,
1023 3021 1119 3063 omues
1137 3009 1172 3063 ad
1191 3007 1344 3063 libertatem
1362 3007 1506 3078 peruenire
1523 3014 1656 3078 possunt:
1671 3004 1744 3076 qui-³l

259 3102 271 3146 1
290 3095 408 3151 busdam
427 3099 519 3150 autem
537 3109 586 3166 per
604 3097 736 3151 offensam
756 3097 874 3151 exclusis
893 3096 994 3151 residui
1013 3097 1041 3150 ln
1058 3095 1213 3151 libertatem
1230 3097 1403 3166 perueniunt.
1431 3095 1501 3152 Cum
1514 3098 1555 3152 ita
1567 3097 1714 3153 testamento

291 3185 459 3255 adscriptum
483 3189 571 3239 esset:
595 3184 688 3254 serui,
713 3185 759 3254 qui
784 3185 842 3240 sine
866 3185 972 3240 offensa
992 3183 1115 3254 fuerunt,
1139 3185 1218 3241 liberi
1236 3184 1334 3254 sunto',
1357 3185 1548 3240 condicionem
1568 3187 1714 3257 adscriptam

237 3313 238 3316 η
290 3272 379 3328 uideri
396 3273 513 3343 placuit,
537 3274 615 3328 cuius
632 3274 884 3343 interpretationem
902 3275 986 3329 talem
1005 3273 1171 3344 iaciendum,
1195 3279 1227 3329 ut
1244 3275 1279 3329 de
1297 3274 1340 3330 bis
1358 3275 1385 3328 in
1404 3271 1532 3330 libertato
1550 3275 1643 3331 danda
1658 3269 1713 3340 coli·

290 3367 366 3418 tasse
384 3377 440 3418 non
457 3361 593 3432 uideatur,
615 3375 684 3430 quos
702 3375 792 3432 poena
810 3363 932 3420 coercuit
949 3368 998 3418 aut
1014 3361 1050 3418 ab
1069 3361 1172 3418 honore
1190 3363 1361 3418 ministrandi
1379 3363 1424 3418 nol
1442 3362 1672 3420 administrandas
1685 3356 1714 3414 rei

291 3451 404 3520 negotio
421 3451 547 3506 remouit.
727 3469 728 3472 ¹
910 3463 913 3470 ·
995 3491 996 3494 ,
1727 3446 1745 3489 ⁸⁵

235 3535 273 3592 52
344 3541 464 3595 Psunue
478 3537 548 3595 libro
561 3538 724 3596 duodecimo
735 3535 936 3608 quaestionum.
964 3541 1147 3610 Imperatores
1159 3541 1288 3596 Missenio
1300 3540 1445 3596 Frontonis
1459 3541 1565 3596 Testa·
1577 3528 1715 3624 [affe]
1728 3531 1745 3587 P

291 3627 391 3684 'mento
410 3627 504 3683 militis
522 3627 564 3682 his
583 3627 677 3682 uerbis
687 3623 833 3698 'adscripta
850 3628 992 3685 libertate:
1011 3629 1195 3700 “Stephanum
1208 3643 1319 3685 seruum
1334 3643 1425 3684 mcum
1437 3627 1555 3685 liberum
1574 3617 1642 3686 esee
1651 3620 1715 3682 uclc''

293 3709 345 3772 ‘nel
363 3716 476 3773 ''iubeo'’
494 3716 577 3772 adita*
587 3716 739 3772 hereditate
756 3716 874 3772 libertas
886 3719 1032 3789 competit:
1056 3723 1085 3774 et
1102 3719 1165 3774 ideo
1183 3733 1229 3789 ea,
1249 3733 1322 3789 quse
1339 3723 1437 3788 postea
1455 3717 1566 3773 adiecta
1582 3723 1659 3773 sunt:
1674 3709 1718 3768 “oc

293 3805 414 3875 '‘tamen,
432 3809 465 3861 ut
483 3821 545 3861 uum
563 3805 664 3861 herede
682 3821 744 3861 mco
762 3807 800 3860 sit
816 3821 869 3876 quc
887 3822 975 3876 usque
994 3808 1102 3864 iuuenis
1120 3809 1169 3863 sit:
1191 3808 1265 3877 quod
1283 3809 1307 3862 si
1325 3807 1443 3862 noluerit
1462 3813 1512 3862 aut
1530 3802 1718 3876 mnunpsait

293 3893 366 3949 ''iure
384 3895 525 3950 seruitutis
548 3893 690 3950 teneatur''
709 3895 744 3949 ad
767 3896 949 3951 reuocandam
971 3895 1140 3967 libertatem,
1165 3909 1236 3965 quae
1259 3895 1404 3966 competit,
1429 3909 1483 3952 non
1507 3899 1575 3951 sunt
1594 3887 1753 3951 effluat-⁴⁰

292 3981 365 4036 idem
385 3986 414 4037 et
431 3983 458 4037 in
476 3999 647 4053 paganorum
665 3984 839 4038 testamentis
858 3983 1029 4040 obseruatur.
1659 4049 1660 4052 Ἴ

236 4067 274 4124 53
345 4071 424 4125 Inane
440 4071 509 4127 libro
528 4072 624 4141 quinto
641 4071 748 4128 decimo
760 4087 962 4142 responsorum.
992 4073 1094 4128 Lucius
1106 4073 1197 4129 Titius
1209 4087 1291 4128 seruo
1303 4072 1457 4129 libertatem
1471 4073 1557 4144 dedit,
1577 4064 1723 4157 Q
1736 4067 1755 4124 Ρ

284 4159 317 4214 si
334 4159 468 4215 rationem
486 4163 565 4218 achas
583 4161 626 4216 sui
645 4175 680 4216 ex
697 4159 752 4216 lide
771 4160 894 4217 dedisset
911 4161 982 4218 Gaio
1000 4160 1064 4217 Seio
1081 4161 1138 4218 iilic
1156 4177 1221 4218 suo:
1245 4177 1308 4218 cnm
1327 4175 1414 4218 annos
1431 4162 1589 4233 pubertatis
1606 4175 1726 4234 egram

293 4263 512 4335 ΝΧΓΖΜΟΟ)

294 4409 303 4442 ¹
322 4406 460 4478 Appiano]
480 4407 574 4465 Prisco
592 4409 780 4476 (Bertraaduar
799 4410 881 4482 ομ).
894 4410 937 4494 20,
950 4410 975 4476 3,
987 4410 1036 4478 3)?

293 4547 506 4604 diaeuissimam
520 4551 560 4616 Fi
576 4563 671 4605 uerum
684 4553 728 4605 est
737 4549 787 4606 ‘ost
798 4549 935 4606 uerum'si
947 4552 984 4605 1³⁶
1038 4549 1196 4606 dui't'inF‘
1231 4552 1332 4607 33inte
1366 4551 1610 4608 r'a'etstioncmF’
1644 4551 1731 4610 34bo

293 4620 400 4686 besse]
425 4623 486 4676 este
504 4621 541 4672 F¹
562 4623 566 4687 Ι
587 4629 645 4691 post
668 4625 743 4676 esset
767 4631 813 4677 ius.
833 4624 871 4676 sai
890 4624 983 4677 ‘habeis
1037 4621 1148 4678 nore‘m'
1162 4623 1333 4678 ministrandi
1369 4625 1381 4658 ¹
1428 4623 1732 4694 &duodecimum

293 4691 404 4755 hurirou
422 4691 486 4745 rdls
505 4691 553 4744 RS
569 4694 667 4759 (Dan),
688 4709 717 4747 er
734 4695 905 4765 supplemento
918 4701 984 4763 *pulo
1039 4695 1077 4748 sai
1102 4693 1262 4765 iurirpausu
1285 4695 1301 4748 ὁ
1320 4693 1440 4757 Buculeio
1462 4696 1587 4753 Menenio
1606 4695 1734 4752 manuni

293 4761 488 4829 eiusleinsul
519 4763 633 4831 illicet]
645 4765 714 4818 sicet
723 4765 759 4814 Ρ
792 4765 825 4818 13
835 4765 876 4832 aa]
887 4764 939 4818 hac
949 4765 984 4818 F·
1039 4767 1188 4830 BstDor.)
1234 4767 1268 4820 37
1281 4765 1370 4821 essc‘t'
1382 4767 1418 4819 Fi
1462 4767 1498 4821 39
1511 4768 1589 4837 quod
1601 4783 1691 4838 usqne
1702 4769 1733 4822 F:

292 4831 328 4886 20
352 4833 475 4902 samiam}
501 4833 612 4888 cautuae
637 4835 685 4888 RS
703 4835 793 4900 (Dor.)
852 4837 887 4890 22
904 4835 984 4889 liber-
1024 4835 1092 4890 *icoc
1104 4835 1149 4890 ὅτε
1161 4836 1200 4890 eiu
1215 4835 1588 4908 uemrcpocBSliubemisF'
1611 4839 1733 4910 munes]

292 4902 429 4958 tat'e'ihns
448 4904 485 4957 Ρ*
533 4905 569 4958 25
587 4905 740 4975 suscipiunt
758 4905 794 4958 ΓΙ
843 4907 877 4960 et
896 4905 984 4960 aulen·
1038 4909 1131 4978 queF
1168 4909 1205 4962 43
1223 4923 1274 4962 suo
1287 4909 1356 4963 ‘cum
1374 4909 1734 4980 annospubertatisegrss

292 4977 338 5028 tur
355 4976 399 5039 Ρ,
423 4973 561 5030 suferetur
580 4977 617 5028 ΙΝ
669 4977 704 5030 29
722 4975 932 5032 libertates‘atis'
948 4977 984 5030 F‘
1038 4993 1086 5033 sus
1104 4977 1148 5032 sit’
1162 4993 1225 5035 cum
1244 4995 1330 5036 annos
1347 4979 1509 5050 pubertatis·
1521 4995 1656 5050 Qrsssus
1672 4981 1735 5038 iuis

292 5046 328 5100 30
351 5045 489 5102 offendirit
507 5047 543 5100 F·
594 5048 629 5102 31
654 5051 746 5102 autum
770 5067 819 5102 om.
836 5048 873 5101 5¹
893 5052 899 5118 Ι
918 5047 984 5104 resi·
1039 5053 1082 5105 set
1100 5045 1149 5103 Ρ*
1350 5061 1352 5068 ’
