3584 5454
22 263 26 270 ·
69 257 115 305 nn
137 255 284 306 raneosrs
305 257 458 348 nmuunrs
683 261 690 270 ·
745 232 831 314 ‘183
1128 239 1308 308 XXXXVII
1332 242 1374 306 10
1395 246 1510 302 33-4o

69 399 163 450 mente
182 395 360 464 magistratus
378 394 453 466 facit,
472 399 503 450 ut
520 393 646 450 iniuriam
665 391 756 464 faeiat,
775 393 826 449 sed
844 393 880 449 ad
899 393 1048 450 uindictam
1067 395 1219 452 maiestatis
1234 395 1360 466 publicae
1372 395 1510 466 respiciat,

70 485 180 539 actione
198 484 357 540 iniuriarum
376 499 431 540 non
450 486 567 540 tenatur.

11 575 49 634 34
125 571 219 628 Gneus
242 571 312 628 libro
335 571 549 628 tertiodecimo
573 570 609 626 ad
632 569 752 628 edictum
771 572 946 642 prouinciale.
984 572 1014 628 Si
1031 574 1123 644 plures
1142 574 1216 630 serui
1234 574 1315 628 simul
1334 567 1510 655 [ffstssa'a
1541 575 1562 629 S

70 659 190 730 aliquem
214 660 363 715 ceciderint
386 665 435 714 aut
456 659 610 716 conuicium
633 659 715 715 alicui
737 657 867 728 fecerint,
890 660 1058 730 singulorum
1082 663 1220 733 proprium
1239 666 1283 717 est
1300 661 1462 716 maleficium
1482 666 1511 715 et

69 753 149 806 tanto
167 749 254 804 maior
271 749 378 819 iniuria,
396 753 501 818 quanto
519 765 536 804 a
553 747 677 820 pluribus
695 747 817 804 admissa
834 753 885 804 est.
913 749 997 805 immo
1015 751 1098 806 etiam
1116 757 1159 807 tot
1175 751 1291 806 iniuriae
1309 755 1383 819 sunt,
1401 756 1469 820 quot
1482 753 1510 803 et
1529 759 1542 799 ⁵

70 851 206 908 personam
223 837 350 894 iniuriam
367 835 535 894 facientium.

11 927 52 986 35
125 925 276 984 uernans
300 925 369 982 libro
392 927 474 982 tertio
498 925 533 982 de
551 925 678 982 omnibns
695 923 886 980 tribunatibus.
923 924 953 982 Si
971 927 1033 997 quis
1051 927 1176 983 iniuriam
1196 931 1316 983 atrocem
1335 921 1511 1010 [QQ
1541 931 1563 986 d

70 1011 177 1085 facerit,
194 1016 241 1085 qui
260 1016 271 1087 Ι
290 1019 465 1072 contemnere
482 1015 642 1070 iniuriarum
661 1013 791 1070 iudicium
810 1015 897 1084 possit
914 1015 950 1070 ob
966 1013 1106 1071 infamiam
1120 1033 1199 1072 suam
1211 1021 1413 1086 magestatem,
1432 1031 1509 1085 prae·
1528 1021 1543 1067 t.
1555 1019 1609 1069 eao'
1648 1071 1652 1076 ,

70 1107 115 1160 tor
133 1105 233 1160 acriter
251 1105 350 1174 exequi
368 1103 440 1160 hanc
457 1119 515 1158 rem
534 1102 618 1158 debet
635 1107 665 1158 et
682 1117 739 1172 eos,
757 1103 805 1172 qui
822 1103 949 1158 iniuriam
967 1101 1100 1174 fecerunt,
1118 1120 1254 1162 coercere.
1529 1113 1542 1152 ι

11 1192 53 1251 36
123 1191 267 1250 lusurus
293 1191 363 1248 libro
389 1191 620 1263 quadragensimo
647 1191 742 1261 quinto
769 1191 949 1260 digestorum.
985 1191 1015 1248 Si
1041 1191 1089 1250 filii
1115 1195 1310 1250 seminecum
1335 1185 1510 1275 [OEffl
1540 1196 1561 1250 S

70 1284 150 1351 patre
173 1281 332 1336 iniuriarum
357 1295 440 1351 agera
463 1281 545 1336 uelim
567 1285 597 1336 et
614 1279 638 1335 is
656 1283 859 1349 procuratorem
878 1280 939 1350 det,
964 1296 1019 1336 non
1036 1282 1203 1352 intellegitur
1213 1281 1292 1338 'fitius
1310 1281 1433 1352 defendi,
1459 1282 1511 1336 nisi

70 1370 223 1426 iudicatum
241 1370 311 1426 solui
329 1369 492 1426 satisdator:
511 1375 540 1426 et
557 1369 620 1426 ideo
639 1369 711 1423 actio
729 1367 863 1424 aduersus
881 1367 975 1440 filium,
994 1374 1135 1441 mmquam
1153 1367 1261 1442 apat're
1272 1386 1327 1427 non
1340 1369 1510 1440 defendatur,

71 1457 165 1516 &uda
182 1459 243 1515 erit.

12 1547 53 1606 37
117 1547 301 1602 Maroneus
323 1545 393 1601 libro
417 1543 645 1616 quartodecimo
668 1545 894 1601 institutionum
917 1546 1165 1604 constitutionibus
1183 1548 1318 1618 principa·
1337 1543 1511 1631 [fasga-Ta
1542 1551 1564 1606 S

71 1633 145 1692 libus
161 1641 276 1692 cauetur
293 1650 336 1705 ea,
353 1649 424 1704 quae
442 1633 592 1690 infamandi
611 1633 723 1690 alterius
741 1649 827 1690 causa
843 1635 872 1690 in
891 1640 1068 1692 monumenta
1085 1635 1196 1706 publiea
1213 1637 1304 1706 posita
1315 1643 1388 1706 sunt,
1406 1637 1462 1692 tolli
1476 1636 1511 1690 de
1531 1645 1559 1686 re

39 1723 172 1779 tmedio.
209 1724 299 1779 Etiam
327 1737 363 1778 ex
388 1724 450 1793 lege
474 1722 600 1779 Cornelia
623 1723 782 1780 iniuriarum
806 1723 879 1780 actio
902 1725 1020 1781 ciuiliter
1043 1725 1148 1782 moueri
1169 1729 1262 1796 potest
1284 1724 1511 1781 condemnatione

72 1812 264 1868 aestimatione
282 1811 380 1868 iudicis
397 1809 533 1868 facienda
649 1825 650 1829 ’

14 1898 54 1958 38
126 1899 286 1956 Sernuona
308 1899 377 1958 libro
400 1906 499 1971 quarto
523 1900 688 1970 regularum.
725 1898 844 1956 Senatus
862 1902 987 1957 consulto
1006 1917 1050 1957 ca·
1083 1914 1111 1960 cr.
1122 1913 1152 1960 D.
1163 1915 1202 1970 aa,
1215 1914 1251 1970 re,
1262 1915 1300 1970 aa,
1311 1914 1332 1960 ι.
1350 1913 1377 1958 Β.
1385 1895 1509 1968 anessa-t
1540 1906 1562 1962 S

72 1993 167 2059 trebir,
192 2003 226 2044 ne
248 1989 311 2059 quis
332 1989 480 2060 imaginem
504 1989 677 2060 imperatoris
695 1989 723 2044 iu
740 1989 872 2044 inuidiam
891 1990 1003 2046 alterius
1020 1978 1209 2060 portar‘effit
1226 1992 1274 2060 qui
1292 1995 1388 2045 contra
1406 1987 1509 2057 fecerit,

15 2129 18 2134 .
72 2079 102 2134 in
120 2077 230 2134 uincula
246 2077 357 2148 publiea
374 2079 507 2135 mittetur.
1528 2091 1558 2130 so

15 2164 54 2224 39
126 2165 299 2222 Usuuucrus
316 2165 386 2222 libro
404 2166 526 2223 secundo
543 2165 714 2236 publicorum
733 2165 903 2222 iudiciorum.
931 2165 1044 2222 Uestam
1063 2167 1201 2224 sordidam
1217 2167 1256 2222 rei
1268 2181 1316 2224 no·
1335 2160 1509 2250 [W
1539 2173 1560 2228 S

73 2255 147 2310 mine
164 2255 193 2311 iu
209 2254 320 2325 publico
336 2254 438 2312 habere
455 2256 618 2325 capillumue
635 2255 806 2310 summittere
824 2255 891 2310 nulli
908 2255 980 2326 licet,
998 2257 1051 2312 nisi
1068 2257 1107 2312 ita
1118 2257 1280 2312 coniunctus
1293 2260 1336 2312 est
1348 2253 1483 2310 adfinitati
1491 2257 1509 2324 ¹,

72 2349 105 2400 ut
122 2344 226 2402 inuitus
243 2343 271 2398 in
289 2359 366 2400 reum
384 2345 572 2402 testimonium
591 2344 682 2400 dicere
700 2344 763 2414 cogi
781 2359 836 2400 non
854 2345 951 2414 possit.

14 2433 56 2492 40
126 2433 234 2488 mosa
258 2431 328 2488 libro
355 2433 476 2489 secundo
503 2433 675 2504 publicorum
701 2433 872 2488 iudiciorum.
909 2433 998 2488 Diuus
1024 2432 1144 2488 Seuerus
1168 2433 1302 2504 Dionysio
1327 2432 1445 2502 Diogeni
1471 2432 1511 2488 ita
1542 2429 1577 2484 S*

73 2523 196 2592 scripsit:
215 2520 334 2576 'Atracis
355 2522 470 2578 iniuriae
488 2522 634 2578 damnatus
652 2522 681 2577 in
699 2521 793 2576 ordine
812 2521 990 2578 decurionum
1008 2536 1070 2578 esse
1088 2538 1143 2579 non
1160 2522 1278 2593 pateam.
1310 2537 1361 2577 nee
1378 2521 1510 2591 prodesse
1530 2533 1559 2575 aa

73 2611 131 2668 'tibi
150 2609 234 2666 debet
251 2625 326 2666 error
343 2609 499 2680 praesidum
518 2616 568 2666 aut
585 2611 652 2678 eius,
671 2610 718 2680 qui
737 2610 772 2666 de
790 2615 818 2665 te
836 2609 939 2680 aliquid
955 2610 1151 2682 pronuntiauit,
1169 2615 1218 2666 aut
1235 2625 1339 2680 eorum,
1357 2609 1404 2680 qui
1416 2615 1512 2666 oontm

73 2698 197 2756 ‘formam
215 2683 283 2754 iuris
301 2699 436 2755 mansisse
454 2704 482 2755 te
500 2698 642 2754 inordina
660 2698 838 2754 decurionum
856 2698 1040 2768 putauerunt.

15 2789 54 2846 41
126 2789 281 2846 tineamus
300 2786 369 2843 libro
388 2788 484 2858 quinto
502 2785 730 2844 membranarum.
767 2789 862 2858 Pater,
887 2789 964 2844 onius
984 2786 1038 2842 tilio
1056 2786 1131 2842 facta
1149 2792 1193 2843 est
1210 2787 1316 2858 iniuria,
1336 2780 1511 2871 [Q
1543 2794 1583 2867 Ss

74 2893 129 2934 non
147 2881 191 2932 est
208 2876 407 2946 impediendus,
426 2891 480 2946 quo
499 2875 590 2932 minus
607 2875 717 2932 duobus
734 2875 842 2932 iudiciis
861 2881 891 2932 et
908 2892 985 2931 suam
1004 2877 1129 2932 iniuriam
1147 2882 1329 2946 persequatur
1347 2882 1375 2931 et
1392 2874 1449 2930 filii.
1531 2890 1560 2930 so

17 2966 56 3024 42
127 2965 247 3022 Faunus
264 2963 334 3020 libro
351 2965 447 3036 quinto
465 2965 670 3020 sententiarum.
697 2965 786 3020 ludici
804 2963 840 3020 ab
852 2964 1065 3034 appellatoribus
1078 2980 1141 3022 oon·
1161 2959 1512 3050 Wtffffi)
1542 2973 1569 3027 Ρ

74 3055 176 3110 aicium
195 3052 254 3110 feri
272 3069 328 3109 non
345 3051 469 3124 oportet:
487 3053 608 3123 alioquin
625 3051 739 3108 infamia
755 3058 892 3109 notantur.

17 3143 57 3202 ts
129 3141 223 3200 Gaius
241 3141 310 3198 libro
327 3143 409 3200 tertio
427 3144 593 3212 regularum.
629 3141 681 3208 Qui
698 3141 858 3198 iniuriarum
877 3142 1012 3198 actionem
1030 3157 1080 3211 per
1098 3142 1261 3198 calumniam
1280 3143 1320 3198 in·
1339 3136 1512 3225 [Q
1542 3150 1585 3222 Ρ]

74 3231 178 3302 stituit,
202 3235 281 3286 extra
302 3231 425 3287 ordinem
449 3230 608 3286 damnatur:
631 3229 660 3286 id
683 3235 727 3287 est
749 3231 860 3286 exilium
878 3235 928 3286 aut
944 3231 1140 3301 relegationem
1159 3235 1208 3287 aut
1225 3231 1327 3287 ordinis
1345 3232 1511 3287 amotionem

74 3321 205 3392 patiatur.
1531 3331 1561 3372 aa

16 3411 57 3469 44
128 3410 301 3466 Isuormrtue
322 3406 391 3466 libro
414 3422 486 3464 nono
509 3423 544 3462 ex
567 3406 765 3477 posterioribus
782 3407 928 3464 Labeonis.
964 3407 994 3464 Si
1017 3405 1175 3463 inferiorum
1193 3407 1320 3463 dominus
1339 3404 1512 3491 [QQP
1533 3415 1573 3470 Ἐ

75 3497 186 3555 sedium
204 3497 352 3568 superioris
371 3497 454 3553 uicini
471 3495 625 3565 fumigandi
643 3511 727 3552 causa
745 3494 851 3552 fumum
869 3495 979 3568 faceret,
998 3501 1048 3553 aut
1064 3497 1088 3552 si
1106 3497 1229 3567 superior
1246 3497 1353 3552 uicinus
1367 3505 1393 3550 ta
1404 3495 1512 3552 inferio-

75 3603 121 3644 res
139 3586 223 3662 aedes
241 3585 308 3656 quid
325 3591 374 3646 aut
391 3585 537 3656 proiecerit
553 3590 603 3640 aut
619 3583 758 3655 infuderit,
776 3589 861 3655 negat
878 3585 971 3642 Labeo
982 3586 1140 3642 iniuriamm
1154 3586 1199 3656 agi
1212 3600 1308 3655 posse:
1327 3584 1511 3655 quodfalsum

75 3679 153 3746 puto,
171 3675 196 3730 si
213 3679 306 3730 tamen
323 3675 438 3730 iniuriae
456 3672 599 3729 faciendae
617 3689 702 3730 causa
719 3675 874 3730 inmittitur.
1228 3715 1230 3718 -

11 3767 57 3825 45
129 3763 389 3820 Huuuoouursrtus
406 3761 475 3818 libro
493 3763 589 3832 quinto
608 3763 798 3832 epitomarnm.
831 3763 874 3818 De
893 3763 991 3818 iniuria
1009 3779 1082 3818 nunc
1100 3766 1178 3818 axtm
1196 3763 1318 3819 ordinem
1338 3758 1512 3844 [meast-aa
1532 3769 1574 3822 'P

75 3867 110 3908 ex
130 3867 215 3907 causa
232 3857 261 3906 et
277 3865 396 3922 persona
413 3851 498 3906 statui
516 3853 594 3908 sciet.
622 3857 651 3908 et
668 3853 742 3908 serui
759 3851 869 3920 quidem
885 3850 999 3920 flagellis
1012 3853 1085 3908 oaesi
1098 3851 1215 3907 dominis
1228 3851 1416 3920 restituuntur,
1435 3851 1512 3906 liberi
1532 3864 1561 3904 ro

75 3955 143 3996 nero
161 3939 312 3996 humiliaris
329 3939 440 4010 quidem
458 3940 511 3996 ioci
528 3937 648 3996 fustibus
666 3939 848 4011 subiciuntur,
865 3940 950 3996 ceteri
963 3945 1055 3996 autern
1067 3941 1112 3996 uel
1124 3941 1206 3996 exilio
1217 3940 1361 4010 temporali
1373 3941 1418 3996 uel
1430 3941 1512 3996 inter-

75 4030 197 4085 dictione
219 4033 311 4085 sertae
328 4028 367 4083 rei
385 4033 555 4085 coercentur.

74 4151 270 4223 amuco)
461 4203 481 4240 0

75 4333 84 4368 ¹
105 4327 243 4386 adfinitati
260 4331 307 4385 det.
378 4329 488 4400 ¹potes
506 4329 605 4398 (add.)?

77 4503 287 4575 lfaoiatlt'acit
300 4507 326 4559 F
335 4507 340 4574 Ι
355 4505 501 4576 publioeF
543 4505 775 4562 ascenderisest
823 4507 946 4571 ιγιιιῑιιτιι
966 4507 1029 4560 aar&
1048 4506 1193 4571 ιγπὲιιειιιι
1216 4507 1367 4573 Β(Αιιοιι.)
1421 4507 1457 4562 24
1475 4507 1514 4562 ita

75 4577 387 4646 oarrstoltantnnF1
447 4577 522 4632 ide
541 4577 677 4646 omnibus]
696 4577 769 4634 deoi-
822 4579 1030 4663 *rescripsitF’
1078 4579 1114 4633 30
1131 4579 1215 4633 iudici
1234 4577 1269 4633 ab
1281 4577 1513 4648 appellatoribus

74 4647 205 4704 monibus
228 4649 264 4701 F·
331 4649 365 4703 10
387 4648 514 4718 iulianus]
538 4647 619 4710 Oian.
639 4650 666 4704 Β
686 4651 691 4716 Ι
711 4647 768 4717 filii]
822 4649 976 4706 conuicium
995 4651 1041 4714 Ρ,
1061 4650 1214 4704 conuicium
1239 4649 1323 4704 iudici
1341 4649 1376 4704 ab
1395 4650 1514 4718 appella·

75 4717 134 4776 tito
152 4720 188 4772 Ρ
251 4719 284 4773 11
304 4718 423 4789 dependi
440 4720 477 4772 F¹
542 4722 575 4774 12
595 4717 681 4774 fitium
699 4725 769 4774 tam·
822 4719 928 4776 toribus
947 4721 1025 4775 Parit
1042 4722 1103 4774 fibra·
1152 4721 1187 4775 32
1205 4719 1286 4790 qui'n’
1299 4720 1458 4775 iniuriarum
1476 4720 1514 4772 Ρ

75 4789 170 4860 qum]
196 4789 242 4853 Γ),
265 4787 336 4846 filius
359 4805 441 4860 quam
465 4789 501 4844 F¹
566 4791 599 4845 15
622 4791 651 4845 in
675 4805 769 4846 mona·
822 4789 933 4846 3301?
934 4791 1009 4846 ilium
1023 4791 1059 4844 Β*
1107 4792 1143 4846 35
1160 4791 1341 4861 posteriorum
1356 4791 1390 4843 1¹⁴¹
1438 4791 1473 4845 36
1485 4790 1513 4844 in

75 4866 173 4918 menta
189 4859 308 4930 publica]
332 4859 361 4916 ἒιι
386 4860 549 4923 Ῡποιιιιιὶιιιιι
568 4862 703 4916 baaocr'orc
721 4860 769 4914 BS
823 4862 910 4916 om.F
961 4863 995 4916 37
1018 4859 1165 4932 profecerit
1187 4863 1224 4916 F¹
1245 4865 1250 4931 Ι
1272 4861 1347 4932 agis'
1370 4875 1452 4931 posse
1477 4859 1514 4912 F‘

75 4939 101 4988 et
119 4933 147 4986 B
201 4933 236 4986 22
260 4932 421 4988 coniunctus
440 4937 484 4988 est
503 4930 648 5000 adfinitati]
667 4933 711 4996 Ρ,
730 4931 770 4986 in·
822 4933 857 4987 tr
876 4931 1008 4988 rrmiiioris
1026 4935 1051 4986 F

74 5001 189 5060 imatus
206 5006 250 5058 bot
267 5001 402 5059 adfinitati
422 5004 472 5057 F’:
495 5003 518 5057 ei
537 5002 571 5058 ιιιὶ
590 5003 683 5078 odrice¹
698 5001 770 5068 ιῩτῴ

11 5347 14 5358 ¹
41 5333 43 5338 Ι
54 5321 86 5376 ’.ἡ
97 5345 110 5369 ·,

11 5349 156 5429 mars*
