3728 5452
140 269 181 316 rr
203 268 397 318 uoururaus
419 268 541 318 sonum
814 242 901 324 355
1295 247 1458 318 XXXVIII
1482 251 1578 316 1010

139 406 227 462 aieem
246 411 411 462 materterae
429 409 517 475 munt,
535 409 564 460 et
582 404 679 462 eadem
698 405 803 464 ratione
822 405 939 460 masculi
954 404 1052 475 puelIIs
1068 406 1196 462 auunculi
1209 410 1237 462 et
1248 405 1311 462 illae
1323 407 1375 462 illis
1389 412 1469 462 erunt
1480 409 1580 462 mater·

138 499 222 550 terae.
251 495 337 550 amita
354 498 398 550 eat
415 494 501 564 patrIs
519 509 597 550 soror
614 494 686 550 sicut
703 510 788 564 supra
805 493 984 563 accipiendi¹.
1012 499 1159 550 matertera
1184 499 1227 549 est
1249 496 1344 550 matris
1363 510 1440 551 soror
1458 496 1581 551 slmiliter

139 589 281 654 utsupra
309 583 374 638 illud
395 583 545 642 nomadum
563 587 607 638 est
624 598 688 651 non,
707 581 937 652 quemadmodum
956 583 1043 652 patrIs
1056 584 1206 654 matrisque
1218 583 1316 640 iratres
1329 589 1357 639 et
1369 600 1477 640 sorores
1488 584 1580 654 patrui

139 673 249 740 amitae,
267 672 396 728 auunculi
415 675 578 726 materterae
592 671 728 740 dIcuntur,
747 671 788 726 ita
799 669 891 726 fratris
904 671 1059 740 sororisque
1071 669 1141 726 lilios
1154 670 1224 727 filias
1236 688 1336 728 nomen
1348 674 1467 743 speciale
1480 689 1580 742 cogna-

138 761 221 815 tionIs
245 759 361 829 babere,
386 759 435 814 sed
459 759 499 813 ita
523 758 705 813 demonstrari
727 757 819 814 fratrls
838 759 992 828 sororisque
1010 757 1080 813 filios
1099 758 1181 814 illias:
1206 760 1279 830 qnod
1298 761 1407 831 quidem
1427 768 1456 816 et
1474 763 1502 816 in
1520 763 1612 817 aldes

139 849 265 904 accidere
290 865 325 904 ex
347 846 544 919 posterioribus
568 845 719 917 apparebit.
755 863 893 919 pronepos
916 861 1025 916 quoque
1047 852 1076 902 et
1098 849 1239 918 proneptis
1262 847 1454 917 quadrifariter
1476 851 1580 905 Intelle-

139 943 257 1008 gentur:
276 943 325 992 aut
343 937 414 991 enim
433 951 469 990 ex
486 939 587 1005 nepote
606 951 640 990 ex
659 933 714 990 filio
733 941 781 992 aut
799 951 833 990 er
853 941 952 1006 nepote
971 949 1005 989 ex
1023 933 1079 989 lilia
1097 935 1276 1006 descendunt,
1296 941 1345 991 aut
1362 953 1397 992 ex
1414 943 1496 1008 nepte
1516 939 1526 1008 ΙΙ
1546 953 1580 993 ex
1598 941 1615 990 l.
1627 942 1680 989 174ι

93 1031 124 1078 st
139 1025 194 1080 lilio
213 1031 264 1080 aut
281 1041 316 1080 ex
334 1030 415 1095 nepte
435 1040 469 1079 ex
487 1023 543 1079 lilia
560 1029 757 1093 propagantur.
790 1023 892 1090 Quarto
911 1023 999 1093 gradu
1016 1039 1150 1094 personae
1170 1026 1343 1079 continentur
1360 1027 1508 1096 octoginta.
1533 1025 1581 1081 ab·

139 1130 224 1184 suns,
251 1115 330 1169 cuius
352 1114 506 1168 intellectus
530 1113 558 1166 in
581 1117 645 1167 octo
669 1128 801 1183 personas
824 1113 985 1183 porrigitur:
1010 1119 1052 1166 est
1071 1113 1142 1167 enim
1161 1114 1256 1182 proaui
1274 1115 1381 1183 paterni
1399 1120 1447 1169 aut
1464 1115 1580 1170 materni

138 1209 233 1274 pater,
258 1219 328 1274 quos
351 1201 473 1270 singulos
497 1199 599 1270 duplici
621 1201 703 1256 modo
721 1201 920 1270 Intellegendoe
938 1201 1071 1270 diximus,
1095 1205 1143 1256 aut
1161 1203 1291 1271 proauiae
1309 1208 1441 1272 paternae
1459 1208 1507 1258 aut
1524 1219 1580 1258 ma·
1601 1211 1629 1251 1⁰

139 1297 234 1347 ternae
253 1297 345 1361 pater,
365 1306 435 1360 quae
455 1294 484 1344 et
501 1289 578 1359 ipsae
597 1289 722 1359 siugulae
740 1290 886 1366 dupliciter
904 1291 1083 1359 accipiuntur.
1116 1289 1229 1345 abania:
1249 1291 1363 1345 ethaeo
1382 1292 1468 1346 octies
1486 1306 1581 1346 nume·

138 1387 227 1434 ratur:
252 1384 296 1434 est
319 1380 390 1434 enim
413 1380 509 1449 proaui
530 1379 637 1446 paterni
656 1383 705 1433 aut
722 1379 852 1446 materni,
877 1379 942 1432 item
962 1378 1092 1448 proauiae
1109 1383 1241 1448 paternae
1260 1381 1308 1433 aut
1327 1385 1465 1434 maternae
1484 1385 1580 1435 mater.

138 1473 255 1538 patruus
277 1483 396 1536 magnus
418 1471 461 1522 est
484 1465 568 1521 irater
591 1467 651 1522 aui:
675 1468 721 1536 qul
747 1467 843 1536 arnual,
867 1467 932 1521 item
954 1463 1039 1520 irater
1057 1481 1120 1520 curn
1139 1466 1247 1522 duobus
1266 1468 1355 1522 modis
1378 1469 1581 1537 intelleguntur,

138 1561 273 1626 quattuor
294 1571 427 1626 personas
452 1555 503 1610 boe
526 1570 626 1611 nomon
650 1556 835 1624 amplectitur,
858 1561 889 1610 ut
909 1556 945 1611 sit
963 1555 1009 1609 aul
1026 1555 1135 1624 paterni
1153 1556 1197 1610 uel
1215 1556 1332 1611 materni
1350 1554 1446 1626 trater,
1471 1557 1518 1625 qui
1537 1555 1581 1612 uel
1655 1551 1657 1554 ’

138 1645 235 1700 eodem
256 1651 342 1714 patre,
361 1643 389 1698 id
407 1647 451 1698 est
468 1657 580 1714 proauo,
599 1644 643 1698 uel
662 1647 769 1698 tannim
788 1649 875 1698 matre
894 1643 999 1712 eadem,
1018 1643 1046 1696 id
1065 1648 1109 1697 est
1125 1644 1240 1712 procula
1258 1647 1409 1699 natusest:
1428 1645 1475 1714 qui
1488 1650 1580 1700 autem
1601 1652 1629 1694 ¹⁵

139 1733 203 1788 mibi
221 1737 338 1802 patruus
357 1747 474 1802 magnus
493 1737 544 1801 est,
563 1733 586 1788 Is
604 1733 676 1802 patri
694 1747 756 1787 meo
775 1733 819 1787 uel
839 1733 919 1787 matri
938 1746 1015 1788 meae
1032 1737 1148 1801 patruus
1166 1737 1218 1787 est.
1251 1733 1336 1788 amita
1354 1749 1457 1801 magna
1474 1737 1518 1788 eet
1535 1733 1581 1788 aei

139 1838 230 1877 seror:
253 1835 323 1876 auus
340 1825 446 1888 autem,
464 1821 530 1874 item
550 1836 634 1891 soror,
652 1825 785 1891 utsupra
803 1821 930 1890 diximus,
949 1819 1095 1890 dupliciter
1112 1820 1307 1889 intelleguntur
1325 1825 1354 1875 et
1371 1821 1433 1876 ideo
1452 1821 1496 1876 hie
1514 1835 1581 1891 quo·

139 1927 190 1980 que
213 1913 346 1979 quattuor
367 1923 500 1979 personas
523 1909 719 1978 intellegimus:
743 1909 868 1964 similiter
888 1924 959 1978 quae
976 1908 1062 1977 patris
1081 1908 1135 1962 mei
1153 1908 1198 1962 uel
1216 1910 1311 1964 matris
1329 1924 1408 1964 meae
1427 1910 1512 1964 amita
1529 1913 1580 1979 est,

139 1999 201 2054 mibi
221 1999 275 2052 erit
293 1999 377 2052 amita
395 2013 502 2066 magna.
532 1999 684 2052 auunculus
703 2014 820 2068 magnus
838 2003 881 2052 est
899 1997 978 2051 auiae
997 1994 1094 2050 irater:
1114 2001 1245 2066 quattuor
1256 2012 1390 2067 personae
1403 1997 1466 2052 bulo
1478 1998 1581 2052 nomini

140 2087 235 2142 eadem
259 2086 366 2140 ratione
389 2085 529 2140 subiectae
550 2090 615 2140 sunt
633 2085 754 2156 mihique
773 2087 797 2141 is
816 2090 858 2140 est
877 2085 1029 2140 auunculus
1048 2101 1179 2154 magnus,
1203 2085 1250 2154 qui
1268 2086 1338 2154 patri
1357 2100 1419 2140 meo
1437 2086 1482 2140 uel
1500 2085 1581 2140 matri
1600 2095 1629 2136 ao

140 2191 216 2231 meae
234 2175 387 2231 auunculus
406 2179 457 2230 est.
485 2178 634 2230 matertera
652 2191 754 2244 magna
771 2179 814 2228 est
832 2174 911 2228 auiae
930 2188 1019 2228 soror:
1039 2179 1169 2242 quattuor
1188 2173 1277 2228 modis
1295 2172 1403 2228 ethaeo
1416 2173 1451 2229 ob
1464 2173 1580 2229 eandem

140 2279 250 2320 mnsam
276 2263 456 2332 Intellegitur:
482 2264 540 2333 ea⁸,
565 2278 636 2332 quae
659 2263 731 2332 patri
756 2279 816 2318 meo
841 2263 884 2318 uel
905 2262 987 2316 matri
1005 2277 1082 2316 meae
1102 2266 1250 2316 matertera
1267 2266 1323 2330 est,
1349 2261 1414 2316 mihi
1433 2267 1582 2318 matertera

140 2369 240 2422 magna
258 2357 382 2406 uocatur.
415 2350 512 2406 eodem
531 2351 619 2420 gradu
638 2355 703 2406 sunt
721 2356 750 2406 et
767 2351 804 2405 illi
823 2351 870 2420 qui
888 2356 1022 2406 uocantur
1040 2348 1138 2405 iratres
1155 2351 1303 2420 patrueles,
1322 2351 1387 2404 item
1407 2367 1514 2407 sorores
1532 2367 1580 2422 pa-

139 2444 254 2511 trueles,
274 2448 376 2494 amitini
394 2449 523 2507 casiliaco,
542 2439 698 2496 consobrini
716 2438 909 2495 consobrinae:
928 2437 956 2493 bi
975 2444 1066 2493 autem
1086 2445 1158 2508 sunt,
1176 2439 1224 2510 qui
1242 2455 1276 2494 ex
1295 2437 1424 2494 iratribus
1442 2441 1487 2494 uel
1505 2455 1580 2497 soro-

140 2531 212 2586 ribus
232 2533 391 2584 nascuntur.
419 2544 488 2598 quos
506 2527 617 2598 quidam
636 2528 675 2582 ita
693 2527 890 2596 distinxerunt,
909 2531 941 2582 ut
959 2542 1007 2582 cos
1025 2527 1145 2598 quidem,
1165 2527 1211 2596 qul
1229 2543 1264 2582 ex
1282 2525 1412 2582 iratrIbus
1430 2528 1487 2582 nati
1506 2533 1579 2599 sunt,
1600 2538 1629 2580 aa

140 2617 237 2674 iratres
255 2617 419 2688 patrueles⁴,
437 2618 502 2672 item
523 2633 578 2686 ene,
597 2632 668 2686 quae
681 2632 715 2671 ex
728 2614 857 2671 fratribus
870 2621 951 2671 natae
963 2623 1035 2687 sunt,
1055 2633 1162 2672 sorores
1174 2617 1326 2686 patrueles:
1345 2631 1379 2670 ex
1392 2614 1475 2672 iratre
1487 2621 1579 2672 autem

140 2713 166 2762 et
186 2722 282 2762 sorore
301 2705 428 2760 amitinos
447 2706 587 2760 amitinae:
611 2721 659 2760 cos
677 2721 743 2760 uero
762 2709 791 2760 et
809 2719 871 2774 eas,
895 2703 941 2773 qui
960 2721 1066 2774 quaeue
1085 2721 1119 2760 ex
1137 2704 1276 2760 sororibus
1295 2705 1352 2759 nati
1370 2709 1488 2759 nataeue
1507 2709 1580 2776 sunt,

141 2795 317 2851 consobrinos
342 2793 519 2848 consobrinas
542 2793 621 2864 quasi
644 2794 846 2849 consororInos:
871 2793 920 2848 sed
942 2794 1064 2863 plerique
1086 2794 1137 2849 hos
1160 2792 1451 2868 omnesconsobrinos
1469 2797 1580 2864 uocant,

141 2885 209 2940 dont
220 2881 379 2938 Trebatius.
407 2880 458 2936 sub
477 2881 529 2936 bac
547 2882 730 2952 appellatione
749 2883 888 2937 nomicum
908 2897 1042 2952 personae
1061 2882 1163 2937 cadunt
1174 2883 1295 2938 sedecim
1308 2881 1368 2936 bae.
1396 2883 1486 2950 patrui
1499 2880 1579 2954 lilius,

140 2973 201 3028 item
220 2970 278 3027 filia
295 2969 420 3026 bilariam
440 2971 511 3025 sicut
529 2987 613 3040 supra
630 2974 809 3024 numerantur
827 2973 901 3036 (nam
919 2971 1006 3040 patris
1025 2971 1078 3025 mel
1097 2969 1181 3048 frater
1199 2987 1260 3025 esse
1279 2975 1371 3041 potest
1389 2971 1433 3024 uel
1450 2985 1485 3025 ex
1501 2975 1580 3041 patre
1599 2979 1629 3021 ao

141 3063 212 3116 solo⁸
231 3060 276 3114 uel
295 3060 377 3114 etiam
397 3075 432 3114 ex
450 3065 537 3114 matre
555 3059 639 3125 sola):
661 3059 761 3114 amitae
779 3057 866 3128 filius,
885 3059 951 3114 item
969 3057 1038 3113 lilia:
1057 3061 1187 3114 auunculi
1205 3057 1289 3129 lilius,
1308 3061 1374 3114 item
1392 3058 1461 3114 filia:
1481 3065 1579 3115 mater·

141 3153 213 3203 terae
231 3147 316 3217 lilius,
339 3148 404 3202 item
423 3145 488 3218 filla,
507 3147 592 3202 amita
609 3147 744 3202 auunculo
763 3151 910 3202 matertera
928 3147 1049 3216 acceptis
1068 3146 1170 3216 duplici
1187 3147 1326 3203 Intellecta
1345 3147 1495 3202 secundum
1515 3163 1579 3204 eau-

141 3237 199 3292 dem
222 3237 366 3292 rationem.
399 3234 491 3290 fratris
515 3236 670 3304 sororisque
689 3251 775 3305 nepos
794 3251 827 3290 ac
845 3237 936 3306 neptis
955 3235 1052 3292 eodem
1070 3235 1159 3305 gradu
1177 3241 1253 3292 sant:
1277 3237 1326 3290 sed
1345 3241 1373 3291 et
1390 3234 1488 3307 frater,
1512 3238 1579 3292 imm

141 3340 223 3395 soror,
241 3339 365 3396 neposne
383 3329 412 3378 et
429 3324 520 3394 neptis
539 3323 684 3394 dupliciter
702 3325 809 3394 accepti
826 3323 1006 3380 continebunt
1022 3339 1155 3395 personas
1172 3325 1292 3380 sedecim
1312 3324 1361 3380 sic.

352 3437 443 3494 fratris
461 3438 558 3496 eodem
577 3445 654 3509 patre
673 3440 731 3494 nati
748 3455 835 3510 nepos
853 3455 888 3494 ex
906 3439 962 3496 lilio
1084 3513 1086 3518 ,
1166 3456 1253 3511 nepos
1271 3438 1380 3496 catilla
1599 3447 1628 3488 ³⁵

352 3525 443 3582 fratris
456 3527 553 3582 eadem
566 3533 662 3598 matre,
671 3529 724 3584 alio
737 3513 815 3598 patre
829 3529 885 3584 nati
898 3543 984 3598 nepos
996 3527 1094 3585 exfilio
1166 3544 1251 3598 nepos
1270 3543 1305 3583 ex
1323 3525 1379 3582 lilia

351 3614 444 3670 fratris
462 3617 560 3672 eodem
578 3622 656 3688 patre
675 3618 732 3672 nati
751 3618 840 3687 neptis
858 3633 893 3672 ex
911 3615 966 3672 filio
1165 3617 1256 3686 neptis
1274 3632 1309 3671 ex
1328 3613 1385 3672 filia

352 3702 443 3760 lratrls
456 3706 508 3761 alio
517 3709 596 3776 patre
609 3705 705 3761 eadem
720 3709 806 3760 matre
821 3706 879 3760 neti
891 3706 980 3776 neptis
993 3720 1028 3760 ex
1040 3703 1095 3760 lilio
1166 3705 1256 3775 neptia
1274 3719 1309 3760 ex
1327 3702 1383 3758 filia

140 3819 290 3890 eademque
307 3834 394 3874 eausa
410 3826 473 3876 octo
491 3835 625 3891 personae
644 3819 771 3889 efficient,
790 3823 839 3876 utl
857 3822 926 3876 allae
944 3825 1008 3876 octo
1026 3821 1162 3876 accedunt
1174 3835 1208 3874 er
1220 3834 1313 3876 sorore
1325 3823 1451 3874 natorum
1464 3822 1579 3888 nepotes
1656 3825 1659 3830 '

139 3913 290 3979 neptesque
309 3913 339 3964 et
356 3909 480 3964 elmiliter
497 3913 676 3966 numerantur
693 3925 711 3964 a
728 3908 816 3966 nobis.
843 3908 935 3965 fratris
953 3915 1045 3966 autem
1064 3909 1118 3964 mei
1136 3924 1222 3980 nepos
1237 3909 1381 3978 neptIsque
1394 3922 1438 3962 me
1449 3912 1579 3976 patruum
1597 3915 1627 3956 4⁰

140 4031 342 4100 rmaororr)

728 4144 781 4151 -ο

140 4199 348 4270 ¹aceipicnda‘?
444 4201 526 4270 'qui
550 4201 629 4269 auus]
653 4215 777 4268 anusque
799 4201 842 4272 (cs.
857 4221 884 4271 p.
898 4199 958 4264 357,
974 4199 1022 4266 9)?
1111 4199 1254 4269 ³eaque?
1342 4197 1511 4268 ⁴appellent
1530 4205 1578 4252 ins.

137 4272 293 4411 {azoelg‘iluess
309 4272 414 4396 geg?
459 4273 471 4308 ⁶
489 4272 641 4342 eademqne
660 4287 745 4328 eausa
762 4274 825 4328 octo
843 4285 977 4342 personae
995 4269 1116 4327 efficient
1133 4271 1174 4342 ut]
1192 4275 1256 4328 octo
1273 4285 1407 4341 personae
1426 4268 1580 4325 ellicicntur

137 4512 253 4566 lilla⁴e
272 4509 311 4564 F‘
369 4512 548 4566 3notantum
567 4513 594 4564 F
641 4509 829 4580 Sapparebit]
884 4511 919 4564 24
932 4508 1037 4564 amitini
1050 4509 1179 4564 amitinae
1192 4509 1277 4564 om.F
1319 4509 1354 4563 25
1366 4507 1446 4578 quos]
1459 4507 1579 4577 quodF¹

135 4582 266 4653 apparuit
279 4583 315 4636 F¹
361 4579 558 4652 8quart'u'o'r’
567 4581 685 4649 gradu's'
697 4597 831 4651 personae
886 4582 919 4635 27
930 4579 1090 4636 amit'a'inae
1100 4581 1137 4634 F‘
1165 4581 1199 4636 28
1209 4579 1329 4635 om‘i'nes
1340 4575 1389 4634 1²2⁴
1415 4582 1450 4634 29
1460 4578 1579 4634 no‘n’mI·

135 4655 173 4706 F*
194 4655 199 4722 Ι
221 4653 375 4721 octoginta]
393 4654 533 4722 octaginta
551 4653 587 4706 F¹
645 4653 776 4722 9proabi
794 4653 832 4706 F¹
885 4667 950 4706 utrm
965 4651 1001 4704 F⁶
1050 4653 1083 4705 31
1104 4651 1171 4719 solo]
1192 4652 1313 4715 soroF¹,
1331 4651 1412 4706 odem
1431 4653 1579 4718 (aolntteo-

137 4723 697 4794 11paam]pratarnneFr1ecolesma!⁷
738 4725 771 4778 12
784 4728 833 4777 aul
886 4722 960 4787 dem)
974 4722 1011 4774 F*
1021 4741 1132 4775 errorem
1145 4724 1280 4776 emendans
1292 4723 1328 4776 od
1339 4743 1362 4775 a.
1373 4723 1407 4775 35
1449 4722 1484 4776 33
1497 4721 1579 4776 ratio·

135 4795 363 4850 materninnaF1
408 4796 442 4850 13
455 4801 498 4850 est
508 4795 538 4850 'a'
548 4793 632 4849 irater
645 4795 682 4846 F*
719 4797 753 4848 14
765 4809 832 4862 qua·
887 4793 958 4860 nem]
980 4793 1024 4857 F’,
1044 4791 1214 4848 retron'a‘em
1234 4791 1271 4847 F*
1287 4795 1291 4858 Ι
1307 4794 1369 4862 qne]
1388 4794 1433 4856 F⁴,
1451 4793 1498 4861 qui
1517 4791 1577 4857 ΡΙ

134 4869 199 4922 teor
218 4867 245 4920 F
287 4868 322 4920 16
340 4871 468 4935 patruum
487 4882 604 4935 magnus
618 4866 653 4918 F¹
703 4867 736 4920 18
755 4865 832 4920 intel·
886 4865 942 4920 siut
955 4865 980 4916 F
1019 4865 1054 4918 35
1072 4861 1230 4919 fratrisP
1274 4863 1309 4918 39
1328 4861 1496 4920 efficiantF¹
1514 4863 1518 4930 Ι
1534 4877 1579 4918 ao·

133 4935 284 5007 legimu'r's
303 4936 341 4990 F*
361 4939 366 5002 Ι
387 4936 451 5007 mel]
475 4952 552 4992 meae
576 4937 613 4989 F¹
633 4939 638 5001 1
659 4937 772 4991 matris⁴
796 4936 834 4990 F’
886 4933 987 4992 cedam
1005 4934 1044 4988 F’

135 5010 169 5065 21
189 5007 273 5065 eat'e'
284 5013 433 5063 matertera
451 5007 487 5061 pa
541 5009 577 5063 22
594 5007 677 5078 patri]
697 5008 777 5062 matri
794 5007 832 5058 F1

1305 5091 1367 5146 23*
