3584 5454
291 261 471 330 llllllllllll
494 262 534 326 12
553 267 633 322 3-5
965 251 1052 334 786
1281 275 1328 322 na
1351 272 1559 322 anemonae
1582 271 1737 320 uronsro

291 419 322 473 ‘si
345 419 407 488 qrris
429 417 457 472 in
479 415 623 486 sepulchro
641 414 704 470 dolo
723 415 795 470 malo
813 413 980 469 habitauerit
998 399 1187 468 aedificiumue
1206 401 1293 481 aliud,
1317 415 1472 482 quamque¹
1492 409 1636 480 sepulchri
1656 425 1738 464 causa

292 505 403 561 'fautum
422 507 472 573 sit,
491 503 629 559 habuerit:
649 505 677 558 in
695 519 772 573 eum,
792 504 896 572 siquis
915 517 948 558 eo
966 501 1076 558 nomine
1095 515 1178 570 agere
1196 500 1279 568 uolet,
1297 499 1480 556 ducentorum
1500 513 1651 554 aureorum
1669 497 1738 552 iadi-

259 605 272 649 1
292 594 371 649 'oium
394 591 483 648 dabo'.
519 593 611 646 Prima
634 592 719 646 uerba
742 591 892 646 ostendunt
917 605 980 645 eum
998 589 1107 644 demum
1127 603 1162 643 ex
1179 588 1231 644 hoc
1248 589 1345 658 plecti,
1369 590 1417 658 qui
1435 588 1500 644 dolo
1520 589 1595 642 malo
1613 586 1736 641 uiolauit.

292 684 315 738 si
333 683 417 751 igitur
434 681 514 736 dolus
532 679 612 748 absit,
631 679 752 734 cessabit
769 679 919 735 eiusdem¹.
946 691 1080 747 personae
1097 677 1182 746 igitur
1194 677 1248 732 doli
1261 691 1315 732 non
1328 693 1453 748 capaces,
1472 683 1505 730 ut
1523 675 1676 730 admodum
1689 674 1737 727 im-

259 781 273 825 2
291 770 423 841 puberes,
446 770 511 824 item
535 783 644 836 omnes,
668 768 715 837 qui
734 783 788 823 non
808 769 899 822 animo
917 766 1037 822 uiolandi
1056 765 1204 834 accedunt,
1225 767 1349 821 excusati
1367 771 1440 820 sunt.
1477 763 1627 833 Sepulchri
1646 768 1764 817 autema

259 869 273 914 t
293 858 474 928 appellatione
492 873 600 912 omnem
619 859 775 928 sepulturae
793 858 882 912 locum
902 855 1034 910 contineri
1052 854 1263 909 existimandum
1283 859 1333 908 est.
1363 853 1473 923 Siquis
1491 853 1520 907 in
1541 851 1736 906 hereditarium

292 946 465 1016 sepulchrum
488 945 600 1016 inferat,
615 935 749 1015 'quamuis
772 945 865 1015 heres,
889 951 982 1000 minen
1002 949 1096 1013 potest
1112 942 1249 1012 sepulchri
1268 943 1363 997 uiolati
1381 941 1481 1010 teneri,
1507 939 1625 996 siforte
1644 945 1736 994 eontra

292 1037 461 1090 uoluntatem
479 1036 619 1090 testatoris
637 1035 740 1089 intulit:
759 1035 824 1088 licet
841 1035 914 1089 enim
933 1048 1031 1088 cauere
1049 1033 1188 1102 testatori,
1207 1047 1242 1086 ue
1259 1033 1322 1100 quis
1340 1046 1374 1086 eo
1392 1028 1534 1097 inferatur,
1553 1033 1587 1084 ut
1605 1029 1734 1096 rescnpto

292 1124 464 1194 imperatoris
482 1121 614 1178 Antonini
632 1127 759 1177 cauetur:
779 1123 882 1177 seruari
901 1123 973 1177 enim
992 1123 1161 1176 uoluntatem
1181 1121 1240 1174 eius
1258 1125 1393 1188 oportere.
1420 1133 1489 1187 ergo
1508 1118 1582 1172 etsi
1601 1117 1688 1186 cauit,
1706 1119 1735 1170 nt

258 1221 364 1268 tanus
381 1216 488 1266 tannim
507 1211 637 1266 heredum
656 1209 777 1280 inferret,
797 1211 960 1279 seruabitur,
978 1217 1010 1265 ut
1027 1211 1102 1265 solus
1120 1207 1228 1264 inferat.
1259 1209 1320 1264 Non
1337 1211 1489 1278 perpetuae
1509 1207 1669 1276 sepulturae
1682 1209 1732 1258 tra·
1749 1214 1772 1255 ιι

292 1300 351 1354 dita
368 1313 484 1370 corpora
501 1313 584 1369 posse
602 1298 743 1354 transferri
761 1299 851 1355 edicto
870 1299 926 1354 diui
946 1299 1041 1354 Seueri
1059 1297 1226 1366 continetur,
1246 1312 1301 1366 quc
1319 1296 1480 1364 mandatur,
1500 1309 1537 1349 ne
1556 1309 1673 1364 corpora
1689 1292 1732 1348 de·

291 1389 444 1443 tinerentur
470 1392 520 1442 aut
546 1393 713 1443 uexarentur
737 1393 785 1443 aut
808 1387 1018 1458 prohiberentur
1040 1401 1089 1458 per
1110 1386 1245 1440 territuria
1267 1385 1429 1454 oppidorum
1452 1381 1627 1438 transferri¹.
1657 1382 1731 1436 diuus

291 1479 386 1530 tamen
404 1475 512 1530 llaroua
537 1477 677 1546 rescripsit
699 1478 801 1532 nullam
825 1491 942 1547 poenam
962 1476 1094 1530 meruisse
1113 1489 1176 1543 eos,
1199 1473 1246 1541 qui
1264 1489 1364 1542 eorpus
1382 1473 1410 1528 in
1428 1473 1527 1526 itinere
1547 1469 1671 1526 defuncti
1686 1485 1730 1540 per

292 1565 371 1620 uicos
390 1569 438 1618 aut
455 1563 586 1634 oppidum
605 1569 826 1634 transuenernnt,
845 1565 972 1634 quamuis
990 1565 1057 1618 talia
1074 1561 1133 1617 fieri
1151 1563 1211 1617 sine
1228 1563 1363 1631 permissu
1381 1576 1485 1629 eorum,
1505 1559 1609 1628 quibus
1628 1559 1728 1629 permit

259 1661 274 1709 t
292 1652 368 1706 teudi
385 1653 429 1707 ius
446 1657 497 1722 est,
517 1667 571 1707 non
590 1651 718 1708 debeant.
755 1653 843 1708 Diuus
862 1653 1017 1708 Hadrianus
1035 1652 1167 1720 rescripto
1185 1666 1302 1721 poenam
1321 1651 1419 1706 statuit
1436 1648 1625 1718 quadraginta
1642 1661 1727 1702 aureo·
1742 1655 1763 1697 ιι

292 1757 352 1794 rum
377 1741 404 1795 in
428 1755 477 1796 eos
495 1741 543 1809 qui
560 1741 588 1795 in
607 1741 719 1796 ciuitate
738 1742 888 1810 sepeliunt,
912 1755 994 1810 quarn
1013 1739 1081 1795 tisoo
1099 1738 1191 1795 inferri
1209 1741 1302 1808 iussit,
1328 1740 1401 1794 etin
1421 1738 1605 1806 magistratus
1623 1735 1727 1791 eadem

292 1829 340 1898 qui
357 1829 432 1898 passi
451 1834 528 1898 sunt,
553 1829 689 1884 stlocum
708 1829 841 1900 publicari
860 1830 940 1884 iussit
958 1835 987 1884 et
1005 1843 1104 1899 corpus
1122 1827 1271 1882 transferri.
1305 1827 1370 1896 quid
1389 1832 1497 1895 umen,
1516 1827 1541 1880 si
1559 1827 1605 1881 lex
1625 1823 1725 1880 munici-

292 1916 362 1986 palis
386 1917 527 1986 permittat
549 1918 576 1972 in
602 1918 714 1973 ciuitate
738 1917 866 1987 sepeliri?
898 1923 961 1987 post
984 1919 1116 1987 rescripta
1138 1917 1300 1987 principalia
1323 1932 1359 1970 sn
1383 1914 1419 1970 ab
1443 1915 1496 1970 hoe
1521 1914 1672 1970 discessum
1687 1912 1724 1979 ait,

292 2003 460 2074 uidebimus,
485 2007 550 2074 quia
573 2007 712 2076 generalia
736 2012 800 2061 sunt
822 2006 955 2074 rescripta
972 2011 1002 2060 et
1019 2011 1128 2075 oportet
1145 2005 1295 2074 imperialia
1314 2008 1419 2060 statuta
1437 2019 1516 2058 suam
1536 2004 1595 2058 uim
1614 2003 1723 2072 optinere

259 2103 274 2150 o
294 2097 323 2147 et
341 2093 368 2146 iu
386 2094 460 2148 omni
477 2095 538 2148 loeo
556 2093 657 2150 uslere.
685 2093 715 2150 Si
733 2093 795 2163 quis
813 2093 841 2148 in
859 2093 1004 2164 sepulchro
1022 2093 1175 2148 habitasset
1192 2093 1383 2148 aedificiumue
1400 2091 1555 2160 habuisset,
1574 2093 1600 2146 ei
1612 2091 1657 2160 qni
1668 2087 1754 2143 nolito

260 2191 274 2236 7
293 2181 394 2249 mendi
417 2185 541 2251 potestas
563 2181 602 2236 fit.
639 2182 782 2238 Aduersus
801 2195 862 2252 cos,
886 2183 934 2252 qui
952 2182 1089 2238 cadauera
1107 2183 1239 2252 spoliant,
1258 2181 1416 2251 ‘praesides
1435 2171 1721 2263 [ιιιιιιιιιιιξίῗιῖ

294 2269 417 2324 seuerius
434 2269 612 2340 interuenire,
637 2273 755 2326 maxime
773 2271 796 2324 si
816 2287 898 2325 manu
917 2276 1024 2325 armata
1041 2271 1250 2340 adgrediuntur,
1276 2277 1320 2340 ut,
1345 2271 1369 2324 si
1387 2269 1488 2324 armati
1506 2283 1584 2324 more
1601 2269 1717 2322 latronrm

293 2357 323 2412 id
340 2359 461 2428 egerint,
485 2359 567 2414 etiarn
587 2361 678 2430 eapite
696 2361 865 2430 plectantur,
887 2363 919 2414 ut
937 2359 1018 2414 diuus
1037 2359 1156 2414 Seuerus
1174 2360 1326 2428 rescripsit,
1350 2359 1453 2414 sisino
1472 2359 1571 2426 armis,
1595 2367 1675 2422 usque
1690 2348 1717 2403 ad

147 2451 150 2456 '
260 2458 410 2516 upoenam
433 2447 535 2502 mamili
553 2448 731 2517 procedunt⁶.
768 2447 819 2514 Qui
838 2447 873 2502 da
892 2447 1029 2518 sepulchri
1047 2449 1143 2503 uiolati
1162 2449 1271 2502 actione
1289 2446 1426 2515 iudicant,
1451 2447 1581 2502 aestima·
1599 2432 1715 2527 [tu-Q)

293 2534 376 2602 bunt,
395 2541 530 2604 quatenus
548 2535 668 2606 intersit,
688 2537 793 2592 scilieet
811 2552 845 2591 ex
864 2536 963 2591 iniuria
980 2551 1050 2606 quae
1068 2535 1143 2591 faeta
1161 2541 1217 2606 est,
1236 2537 1301 2591 item
1321 2549 1356 2590 ex
1373 2535 1449 2588 lucro
1469 2535 1530 2588 eius
1548 2534 1596 2604 qni
1613 2528 1712 2594 uiohuit,
1724 2535 1741 2576 n

293 2625 338 2679 uel
362 2639 396 2678 ex
420 2623 521 2680 damno
546 2625 619 2694 quod
643 2625 771 2696 contigit,
794 2625 839 2680 uel
862 2639 896 2678 ex
919 2625 1075 2679 temeritate
1096 2626 1155 2680 eius
1174 2626 1221 2694 qui
1239 2623 1317 2680 fecit:
1343 2639 1493 2692 numquam
1512 2627 1606 2676 minen
1624 2616 1711 2674 minoris

261 2711 396 2768 adebeut
418 2713 613 2784 condemnare,
638 2730 720 2784 quam
743 2715 833 2769 solent
856 2717 987 2768 extraneo
1011 2719 1118 2782 agente.
1155 2713 1185 2768 Si
1209 2713 1244 2768 ad
1262 2714 1354 2784 plures
1371 2713 1415 2766 ius
1433 2710 1574 2780 sepulchri
1591 2707 1708 2779 pertineat,

294 2806 385 2856 utrum
403 2799 530 2856 omnibus
548 2801 645 2858 damus
664 2804 799 2858 actionem
818 2817 853 2856 au
871 2802 897 2855 ei
916 2803 963 2870 qui
981 2801 1147 2872 occupauit?
1173 2801 1267 2856 Labeo
1285 2799 1412 2857 omnibus
1430 2800 1552 2854 dandam
1571 2798 1635 2851 dicit
1646 2796 1705 2857 ructa

245 2899 275 2946 ιο
294 2890 359 2958 qula
376 2889 403 2942 iu
422 2887 458 2958 id,
478 2889 551 2957 quod
570 2892 785 2961 uniuscuiusque
803 2891 925 2958 interest,
944 2891 1043 2958 agitur.
1072 2890 1100 2946 Si
1113 2891 1145 2959 is,
1165 2891 1243 2944 cuius
1255 2891 1376 2958 interest,
1395 2888 1535 2958 sepulchri
1546 2887 1704 2950 ulciscerer

294 2977 391 3046 nollet,
413 2981 506 3046 potest
523 2979 692 3047 paenitentia
711 2985 786 3048 aeta,
809 2984 956 3047 antequam
975 2979 1008 3034 lis
1027 2979 1062 3034 ab
1081 2979 1134 3035 alio
1153 2984 1336 3046 contestetur,
1355 2978 1447 3032 dicere
1465 2978 1539 3032 uelle
1556 2991 1587 3030 se
1604 2984 1671 3041 ιιιιι
1683 2969 1702 3018 02
1713 2972 1730 3014 ¹⁰

246 3077 274 3122 ιι
294 3065 428 3120 audietur.
466 3063 495 3120 Si
520 3082 617 3122 seruus
641 3068 669 3122 in
694 3067 838 3138 sepulchro
860 3066 967 3122 habitat
989 3068 1035 3122 uel
1059 3067 1227 3136 aedifioauit,
1252 3067 1358 3121 noxalis
1376 3066 1450 3120 actio
1468 3071 1561 3120 cessat
1578 3069 1607 3117 et
1621 3063 1644 3116 in
1657 3067 1700 3110 tull

294 3159 403 3224 praetor
421 3153 491 3208 hano
508 3155 644 3210 actionem
662 3157 814 3226 pollicetur.
844 3156 868 3210 si
885 3159 980 3210 umen
997 3171 1052 3211 non
1064 3156 1177 3225 habitet,
1196 3155 1246 3212 sed
1258 3155 1450 3211 domunculam
1464 3153 1504 3208 ibi
1516 3153 1613 3208 habeat
1623 3155 1698 3207 ntuli

246 3253 276 3298 ιι
294 3243 392 3298 noxale
409 3243 540 3297 iudicium
559 3244 611 3298 erit
628 3243 759 3312 dandum,
778 3243 801 3297 si
820 3243 902 3298 modo
920 3244 1021 3300 habere
1039 3261 1122 3314 posse
1141 3243 1266 3299 uidetur,
1291 3244 1367 3298 Haeo
1385 3244 1459 3298 actio
1477 3241 1615 3312 popularis
1629 3239 1695 3318 est„

256 3331 276 3387 4
349 3333 359 3402 ιι
378 3332 497 3386 Faunus
514 3330 584 3386 libro
602 3333 752 3386 uicensimo
771 3333 888 3401 septimo
907 3332 943 3386 ad
961 3333 1081 3388 edietum
1100 3333 1242 3402 praetoris.
1270 3331 1421 3402 Sepulchra
1436 3331 1557 3387 hostium
1576 3315 1694 3412 [ΜΨ
1705 3315 1721 3370 Β
1733 3305 1774 3358 ¹¹⁸⁹

293 3419 423 3488 religiosa
439 3419 519 3475 uobis
536 3435 592 3475 nou
610 3423 688 3475 sunt:
706 3420 823 3488 ideoque
841 3421 947 3490 lapides
965 3421 1029 3477 inde
1048 3421 1171 3478 sublatos
1190 3423 1218 3478 iu
1234 3420 1386 3491 quemlibet
1404 3436 1485 3476 usum
1498 3405 1693 3480 conuerteret&
1704 3409 1721 3450 ³⁵

294 3523 403 3563 sumus:
421 3509 492 3562 nonl
511 3508 649 3578 sepulchri
667 3509 762 3565 uiolati
781 3510 853 3570 aetio
871 3511 1011 3579 competit.

257 3595 276 3653 5
348 3597 519 3652 Ponuonrus
536 3597 605 3652 libro
624 3603 702 3652 sexto
721 3612 756 3652 ea
773 3597 890 3653 Plautio.
919 3598 1026 3654 Utimur
1044 3613 1077 3654 eo
1096 3599 1162 3669 iure,
1182 3597 1341 3654 utdomiuis
1353 3596 1510 3677 fundorum,
1529 3575 1689 3679 511an
1710 3579 1727 3651 f

293 3683 394 3754 quihus
416 3685 561 3755 sepulchra
583 3685 710 3755 fecerint,
733 3687 815 3740 etiam
839 3691 903 3756 post
918 3677 1055 3742 'uenditor
1075 3685 1176 3743 fundos
1195 3686 1382 3742 adeundorum
1401 3671 1644 3756 sepulchrorum'sit
1656 3675 1688 3728 iu

293 3773 401 3842 legibus
419 3789 537 3844 namque
555 3775 728 3844 praediorum
747 3775 956 3830 uendundorum
975 3779 1103 3845 canetur,
1127 3781 1159 3832 ιιι
1176 3775 1212 3831 ad
1230 3774 1387 3845 sepulchra,
1412 3791 1485 3844 qnae
1504 3776 1532 3830 in
1550 3772 1629 3830 fandis
1641 3763 1688 3822 llll

293 3861 359 3916 item
379 3863 456 3917 eius⁸
474 3863 565 3918 aditus
583 3863 703 3919 ambitus
721 3863 828 3920 funeril
848 3863 966 3920 faciendi
984 3865 1028 3920 sit

294 3967 488 4036 MXYMOO)

295 4103 305 4136 ¹
324 4116 406 4170 quam
425 4101 497 4170 quod
517 4101 619 4168 (Helii
706 4101 718 4136 ²
736 4063 869 4172 eiusdem]
889 4102 1010 4158 edietum
1030 4089 1070 4168 ιεᾶ
1082 4125 1115 4151 =
1126 4091 1180 4156 s'd:
1199 4102 1373 4169 d'Amondli
1445 4103 1524 4173 ⁸per
1540 4099 1629 4172 oppida
1641 4083 1687 4144 elim

295 4187 350 4226 non
363 4171 465 4226 debent
476 4170 618 4227 transferri
635 4176 763 4228 similiare
775 4174 921 4228 reciderunt
990 4173 1129 4228 ⁴eandem
1142 4173 1244 4240 (dett)?
1315 4174 1428 4228 ‘solent
1441 4183 1488 4228 ina.
1558 4155 1688 4242 ‘prouida‘

296 4242 397 4308 (detuli
467 4243 548 4298 'neo
567 4243 668 4309 (deuii
738 4244 833 4298 8ίιιιιι
854 4245 921 4314 eius]
942 4245 998 4300 itus
1016 4245 1178 4313 wernerius:
1197 4265 1220 4298 u.
1234 4243 1283 4311 alf
1353 4247 1364 4279 ⁰
1373 4247 1435 4316 snit
1452 4243 1575 4300 sacrificii
1591 4237 1650 4308 (ut)

1698 3847 1716 3887 tt

296 4371 895 4460 1aedificiumue...2habueritlisuouicer
911 4377 925 4430 ir
940 4377 984 4448 cxi
1039 4378 1074 4431 31
1088 4376 1298 4431 ιιι“ἰ’(1ἰιιιιιιι“*“
1329 4375 1612 4432 32domunroulamf
1642 4361 1688 4434 333¹

295 4445 458 4499 oixohorraua
482 4445 516 4498 uti
540 4443 647 4499 ιἰιιιὶκωιι
671 4448 710 4515 τῷ
732 4447 809 4514 recep
832 4449 858 4501 B
877 4449 985 4516 (Aaou.)
1039 4449 1121 4504 modo
1139 4447 1239 4502 habero
1251 4447 1466 4516 posscuidetnr]
1487 4441 1689 4518 strepuerunt·

295 4514 477 4570 31ιίιόοΰἰ
533 4517 694 4586 'iquambis
713 4519 748 4569 l*
804 4519 838 4572 10
856 4517 993 4573 inferetF
1040 4539 1088 4573 usn
1107 4519 1231 4580 diaecesi
1250 4537 1272 4571 τι
1291 4517 1360 4586 ἒχειιι
1378 4518 1428 4572 ron
1451 4519 1555 4576 οἰκὲιιιιι
1574 4517 1616 4572 138
1629 4497 1688 4578 (Μ)

296 4588 330 4640 11
349 4601 556 4655 corporeposse
568 4589 605 4640 ΕΙ
655 4589 688 4642 12
700 4593 767 4643 *aut*
778 4589 987 4658 prohiberentur
1038 4591 1075 4645 40
1092 4591 1158 4644 item
1177 4590 1236 4644 eius
1254 4589 1355 4656 aditus]
1373 4590 1402 4654 F,
1422 4591 1488 4644 item
1502 4591 1528 4644 ei
1541 4567 1689 4652 (eislflfii

295 4657 354 4740 F’J
369 4657 499 4711 tirritoria
509 4659 534 4709 F
574 4659 608 4712 16
620 4663 649 4712 et
660 4659 688 4713 in
700 4661 877 4729 magistratus
889 4660 985 4716 eadem
1039 4665 1084 4714 tua
1100 4660 1189 4723 YMO,
1208 4662 1273 4714 item
1292 4659 1383 4714 aditus
1401 4661 1443 4714 eis
1460 4661 1505 4716 X:
1523 4662 1564 4715 ina
1581 4659 1594 4711 ir
1611 4649 1658 4740 spii
1669 4651 1689 4690 ἲ*

295 4742 343 4812 qul
354 4729 430 4796 passi
442 4728 515 4796 suut]
528 4728 567 4782 sai
581 4728 596 4782 ὁ
608 4727 786 4800 ἆιιιιχόιιειιοε
799 4731 886 4802 ippone
899 4732 925 4785 μ’
940 4751 984 4786 no·
1039 4732 1150 4784 usuaria
1168 4729 1197 4785 ὲιι
1216 4731 1272 4786 τοῖς
1290 4728 1378 4800 a'rrpoic
1400 4730 1467 4785 bura
1491 4732 1592 4787 eicoboo
1611 4721 1690 4796 ιιειθῦ,ΥΕ
1735 4781 1738 4792 ,

295 4816 405 4852 arcuata
423 4799 489 4862 (cod.
503 4799 561 4865 ια’)
580 4799 628 4853 BS
682 4803 717 4854 2⁴2
736 4802 948 4870 adgraudiautur
966 4803 991 4854 F
1039 4803 1229 4864 erutainoaroc
1243 4801 1334 4856 ἓιιεκειι
1350 4802 1511 4863 Φγλᾶττιιτιι
1523 4804 1578 4858 reio
1589 4795 1690 4864 ιιειιιικοῦ

295 4869 331 4923 23
343 4869 451 4938 agerint
462 4870 499 4922 1⁴⁴¹
539 4870 576 4924 24
588 4870 792 4926 aestimabunt
805 4871 839 4925 ll
881 4873 985 4928 25uio-
1039 4873 1088 4926 BS
1105 4874 1204 4939 (Dora).
1232 4871 1365 4944 chrefIi
1384 4880 1461 4930 inser.
1480 4895 1506 4928 ιι.
1517 4873 1594 4928 aaa:
1614 4853 1691 4932 (W)

295 4940 363 4994 lauit
385 4941 448 4994 *uel*
471 4955 506 4994 ex
531 4941 581 4994 F2:
610 4941 624 4994 ir
654 4939 679 4994 'ez
703 4941 743 4996 ὡκ
767 4941 911 4997 ὲιιιιιίωοειι
937 4943 985 4997 BS
1038 4944 1175 5012 mancipio
1198 4946 1363 5011 acceperunt
1444 4949 1474 4998 et
1497 4944 1534 4999 ad
1556 4957 1614 5000 oum
1632 4933 1691 4994 llllm

295 5011 330 5065 30
356 5011 508 5080 penitentia
533 5017 614 5068 *acta*
640 5013 663 5065 F
667 5013 679 5046 ²
702 5016 707 5080 ι
734 5014 797 5082 alio]
829 5014 919 5068 ualiao
949 5015 986 5068 F·
1038 5014 1107 5068 itum
1131 5015 1236 5070 aditum
1259 5018 1350 5070 aetum
1375 5013 1514 5070 ambitum
1537 4991 1691 5072 malitiis*

1556 5201 1775 5438 m
