3728 5452
174 241 338 309 XXXVIII
360 242 381 308 2
399 247 481 303 r-3
847 231 934 315 328
1442 253 1490 299 nu
1514 250 1613 300 sorore

175 403 303 471 nepotem
321 399 349 453 in
366 402 504 468 potestate
524 397 569 453 ani
586 396 749 466 reliquisset,
768 394 902 451 bonorum
920 394 1122 464 possessiouem
1140 393 1227 464 partis
1244 391 1374 447 dimidiae
1387 389 1508 445 dandam
1523 390 1549 444 ei
1560 387 1613 444 filio

175 489 298 543 intestati
315 486 414 556 liberti,
433 486 560 556 quamuis
578 486 637 541 iure
656 486 716 555 ipso
734 484 858 553 legitima
875 483 1012 538 hereditas
1031 483 1066 537 ad
1086 488 1213 552 nepotem
1230 481 1375 552 pertineat,
1394 480 1460 550 qnia
1478 482 1614 534 utcontra

174 576 284 631 tabulas
302 576 362 631 eius
379 575 469 630 liberti
487 573 543 630 fiho
560 575 653 644 potius
670 572 804 629 honorum
822 572 961 643 possessio
979 572 1065 642 partis
1084 571 1194 627 debitae
1212 571 1332 625 daretur.

74 650 79 662 ’
137 663 157 723 3
227 665 378 720 Uerrauue
396 663 465 719 libro
484 662 713 733 quadragensImo
732 662 819 732 primo
838 661 873 716 ad
892 660 1022 715 edietum.
1049 660 1166 715 Etiamsi
1183 661 1226 714 ius
1245 660 1385 715 anulorum
1399 652 1650 716 consecutiestis
1702 660 1768 719 ρ,
1798 672 1818 726 ,q

173 753 288 809 libertus
307 769 324 807 a
341 753 477 822 principe,
497 752 631 807 aduersus
648 751 730 806 huius
748 750 857 805 tabulas
875 751 951 806 uenit
968 755 1108 820 patronus,
1126 754 1159 804 ut
1176 748 1268 803 multis
1287 747 1426 817 rescriptis
1444 745 1612 800 continetur:
1629 754 1642 796 s
1719 765 1763 806 e
1795 772 1806 812 3

142 852 156 897 1
174 841 218 896 hie
235 842 309 896 enirn
327 841 398 897 uiuit
416 841 494 911 quusi
513 842 657 910 ingenuus,
676 840 790 896 moritur
808 840 888 909 quasi
896 838 1027 898 tibertus.
1056 839 1139 894 Plane
1157 838 1181 893 ei
1199 835 1337 892 caulibus
1354 835 1480 891 redditus
1493 835 1538 904 sit,
1557 849 1613 888 ees·

142 935 219 986 tsat
239 935 335 985 contra
352 928 461 985 tubulus
478 928 612 984 honorum
630 930 783 997 possessio:
809 928 885 982 Idem
903 932 933 982 ct
950 929 973 983 si
992 944 1009 982 e
1026 926 1149 997 principe
1167 925 1279 981 liberam
1298 925 1456 980 testamenti
1474 918 1613 1007 [Q

142 1029 156 1073 s
174 1017 321 1074 iaotIoucm
345 1018 510 1088 impetrauit.
548 1015 603 1071 Sed
626 1016 650 1071 ei
668 1015 720 1071 hae
737 1018 799 1086 lege
817 1017 885 1071 emit
902 1016 978 1086 quis,
1002 1021 1034 1071 ιιι
1051 1015 1240 1083 manumittat,
1263 1012 1298 1068 ad
1316 1013 1387 1068 hanc
1404 1018 1513 1082 partem
1532 1012 1613 1067 edicti

141 1107 329 1178 spertinebit.
360 1106 389 1162 Si
408 1107 470 1176 quis
488 1120 613 1161 nummos
631 1105 746 1175 accepit,
764 1109 796 1159 ut
814 1105 1027 1173 manumitteret,
1046 1107 1117 1159 ιιοιιι
1137 1102 1220 1158 habet
1237 1106 1333 1157 contra
1349 1100 1459 1156 tabutas
1478 1100 1640 1156 bonorums
1682 1117 1732 1155 e
1779 1119 1790 1158 s

141 1197 386 1266 epossessionem.
414 1195 451 1250 Ut
468 1199 600 1264 patronus
619 1198 714 1248 contra
730 1193 840 1248 tabulas
859 1192 992 1248 bonorum
1009 1193 1212 1263 possessionem
1231 1191 1354 1260 accipere
1366 1190 1463 1260 possit,
1480 1190 1612 1260 inportet
1625 1197 1640 1244 t.
1669 1200 1733 1246 ,ἱ
1773 1202 1786 1246 t.
1795 1201 1824 1245 ιιι

174 1283 354 1339 hereditatem
378 1283 481 1338 aditam
504 1297 566 1338 esse
585 1281 784 1338 ruthenorum
804 1282 1005 1352 possessionem
1024 1282 1154 1350 petitam:
1180 1277 1282 1335 suffieit
1300 1282 1391 1333 autem
1410 1279 1456 1333 uel
1474 1294 1561 1334 unum
1579 1294 1612 1333 ex

142 1372 321 1428 ehercdihus
345 1371 438 1427 adisse
461 1371 640 1426 hereditatem
664 1369 834 1426 honorumue
852 1371 1054 1440 possessionem
1074 1370 1186 1439 petisse.
1222 1369 1357 1423 Patronus
1375 1371 1472 1421 contra
1490 1382 1526 1421 ea
1542 1365 1612 1422 hona

141 1470 156 1516 7
174 1461 264 1517 liberti
282 1461 392 1517 omniuo
411 1476 466 1516 non
484 1459 646 1529 admittimr,
664 1473 736 1528 quae
754 1459 782 1512 in
800 1459 898 1513 eastris
916 1464 981 1514 snut
999 1458 1133 1528 quaesita
1162 1456 1192 1512 Si
1210 1456 1370 1527 deportatus
1388 1460 1522 1525 patronus
1537 1454 1611 1508 resti·

173 1554 251 1606 tutus
270 1551 314 1620 sit,
332 1549 423 1606 liberti
440 1553 536 1604 eontra
549 1547 658 1602 tabulas
670 1545 804 1602 bonorum
816 1547 1019 1617 possessionem
1032 1546 1156 1616 accipere
1169 1549 1269 1616 potest
1295 1544 1423 1613 idemque
1436 1549 1465 1600 et
1476 1545 1506 1599 in
1517 1543 1611 1598 liberto

142 1639 320 1709 sdeportato
344 1642 373 1693 et
396 1637 524 1692 restituto
547 1635 692 1691 dicendum
717 1639 768 1690 est.
805 1633 919 1705 Siquis
943 1632 1153 1690 filiusfamilias
1171 1649 1281 1689 seruum
1301 1633 1336 1688 de
1354 1633 1490 1688 castrensi
1507 1632 1611 1702 peculio
1628 1648 1635 1685 ι
1652 1646 1686 1683 1
1757 1628 1793 1670 *¹⁵

174 1727 376 1795 manumiserit,
399 1741 434 1780 ex
458 1724 653 1780 constitutione
670 1723 728 1778 diui
746 1724 878 1778 Hadriani
896 1728 1028 1793 patronus
1046 1727 1090 1778 est
1107 1723 1269 1792 admittique
1286 1723 1388 1792 poterit
1404 1722 1441 1776 ad
1460 1727 1558 1777 eontra
1574 1727 1610 1776 ts

141 1823 156 1870 9
174 1815 254 1872 bulas
272 1815 405 1871 bonorum
423 1798 625 1884 possessionem
644 1817 675 1868 ut
692 1816 833 1880 patronus.
861 1811 889 1866 Si
908 1812 1006 1882 eapitis
1020 1810 1147 1867 libertum
1161 1811 1376 1880 accusaueritis,
1395 1811 1440 1865 eui
1452 1810 1612 1879 adsignatus
1744 1811 1767 1848 «Ι

174 1909 230 1974 est,
256 1919 310 1958 non
332 1907 425 1973 potest
448 1903 471 1957 is
492 1907 586 1972 petere
604 1906 700 1956 contra
716 1899 825 1955 tabulas
842 1898 976 1956 bonorum
994 1901 1195 1970 possessionem
1215 1899 1398 1970 fratribusque
1416 1900 1476 1956 suis
1494 1915 1550 1954 nou
1567 1898 1611 1954 oh

174 1992 273 2048 stabit:
293 1992 341 2046 sed
360 1991 388 2046 hi
407 1994 503 2046 contra
519 1989 628 2045 tabutas
645 1988 778 2045 honorum
797 1990 999 2059 possessionem
1018 1993 1121 2058 petent,
1140 1988 1370 2058 quemadmodum
1389 1992 1526 2058 poterent,
1544 1988 1568 2043 si
1579 2003 1611 2042 ex
1742 1985 1776 2026 ³

174 2081 260 2137 altero
279 2079 334 2135 tilio
353 2084 468 2150 nepotes
486 2084 591 2135 essent:
609 2078 724 2134 libertus
742 2078 823 2148 euIm,
842 2077 888 2148 qui
907 2077 985 2132 alteri
1003 2091 1038 2133 ex
1056 2075 1119 2132 filiis
1133 2077 1302 2148 adsignatur,
1321 2093 1375 2132 non
1387 2076 1491 2132 desinit
1503 2078 1612 2132 atterius
1629 2085 1680 2128 se
1736 2073 1782 2115 ³
1794 2055 1815 2100 ¹⁰

173 2168 222 2224 tilii
245 2169 360 2224 tibertus
384 2183 454 2223 esse.
489 2168 605 2238 amplius
628 2166 775 2223 dicendum
799 2171 855 2222 est:
880 2167 987 2221 etiamsi
1005 2166 1129 2221 omiserit
1146 2164 1230 2221 irater
1248 2165 1381 2221 bonorum
1399 2166 1611 2237 possessionem,

174 2257 244 2313 aiter
266 2256 363 2328 irater,
388 2258 432 2312 eui
456 2256 618 2326 adsignatus
641 2272 696 2311 non
715 2263 765 2326 est,
790 2259 882 2326 potest
900 2255 1048 2310 succedere
1066 2259 1095 2309 et
1112 2259 1208 2309 eontra
1225 2254 1333 2309 tabutas
1351 2253 1486 2308 honorum
1506 2269 1612 2324 posses·

126 2355 156 2402 ιο
174 2346 278 2401 sionem
297 2352 400 2416 petere.
438 2347 552 2400 Totiens
570 2345 606 2400 ad
624 2343 756 2400 bonorum
775 2343 977 2414 possessionem
997 2347 1093 2398 eontra
1110 2340 1220 2398 tabutas
1237 2344 1369 2398 inuitatur
1386 2347 1531 2414 patronus,
1549 2358 1612 2413 qno-

126 2446 154 2490 ιι
173 2434 245 2490 tiens
263 2450 317 2489 non
336 2440 380 2490 est
397 2434 476 2489 heres
495 2450 529 2489 ex
548 2433 642 2489 dehita
659 2434 784 2505 portione
802 2432 953 2487 instItutus.
981 2431 1010 2487 Si
1028 2438 1160 2502 patronus
1178 2431 1231 2487 sub
1249 2432 1408 2487 condicione
1422 2432 1460 2487 sit
1471 2432 1612 2487 institutis
1734 2425 1800 2471 ⁸³⁸

173 2538 261 2592 eaque
286 2523 411 2578 condicio
433 2524 499 2578 uiuo
522 2527 655 2578 testatore
674 2523 778 2591 eutitii,
802 2528 897 2576 contra
913 2520 1022 2576 tabutas
1041 2521 1174 2576 honorum
1193 2521 1395 2591 possessionem
1414 2523 1543 2593 accipere
1559 2537 1613 2577 non
1629 2530 1680 2572 re
1729 2516 1804 2564 1¹⁴³
1816 2502 1836 2544 ¹⁵

33 2658 43 2672 ,
126 2622 155 2668 ιι
172 2617 273 2682 potest.
306 2611 378 2677 Quid
395 2625 471 2681 ergo,
490 2612 513 2667 si
531 2611 626 2667 mortis
645 2615 768 2680 ternpore
785 2609 925 2680 pependit,
944 2609 1035 2664 extitit
1052 2615 1154 2679 tamen,
1172 2615 1320 2680 antequam
1338 2614 1455 2680 patrono
1474 2610 1613 2667 deferatur
1727 2605 1806 2652 ‘¹¹¹

172 2699 306 2756 honorum
324 2701 473 2769 possessio,
493 2698 544 2754 hoe
562 2704 606 2753 est
624 2702 687 2752 ante
705 2698 807 2754 aditam
826 2698 1016 2769 hereditatem,
1035 2715 1070 2753 an
1088 2699 1220 2753 innitetur
1238 2714 1272 2753 ex
1289 2698 1342 2755 hac
1359 2705 1440 2769 parte
1454 2701 1561 2756 edicti?
1587 2705 1614 2755 et
1722 2683 1810 2742 Μ

125 2800 155 2847 ιι
174 2790 262 2859 magis
286 2793 342 2858 est,
365 2794 397 2844 ut
419 2788 510 2843 aditae
531 2786 691 2842 hereditatis
715 2791 825 2857 tempus
847 2790 1001 2856 spectetur:
1026 2787 1079 2843 hoc
1102 2787 1175 2842 enim
1198 2787 1257 2843 iure
1277 2788 1387 2843 utimur.
1425 2787 1455 2845 Si
1475 2791 1613 2845 tamenin
1721 2773 1810 2834 1¹3⁰

172 2877 350 2948 praeteritum
369 2878 469 2932 collata
486 2876 523 2930 eit
540 2875 665 2930 condicio
683 2875 727 2930 uel
746 2875 782 2930 ad
800 2890 939 2945 praesens,
959 2890 1012 2931 non
1031 2875 1140 2931 uidetur
1153 2875 1204 2930 suh
1217 2876 1377 2932 condicione
1390 2877 1549 2934 institutus:
1568 2885 1613 2934 aut
1717 2863 1812 2923 Ἐἴ

125 2978 155 3023 14
173 2967 245 3022 enim
265 2966 378 3035 impleta
396 2969 439 3020 eet
457 2969 485 3019 et
503 2979 571 3034 pure
590 2964 731 3019 institutus
749 2968 800 3034 est,
820 2971 868 3019 arat
886 2979 939 3020 non
958 2968 1001 3019 est
1018 2969 1048 3019 et
1064 2980 1116 3019 uec
1129 2964 1208 3019 heres
1225 2966 1366 3020 institutus
1379 2971 1431 3021 est.
1458 2966 1489 3023 Si
1502 2968 1612 3023 libertus
1628 2975 1667 3017 ιι
1716 2963 1812 3012 ⁸⁰1⁸
1826 2950 1845 2991 ³⁰

172 3059 318 3126 patronum
343 3070 423 3109 eurum
446 3054 486 3108 its
508 3052 637 3108 heredem
660 3053 813 3123 scripserit:
833 3053 863 3107 'si
882 3051 954 3107 filius
973 3068 1050 3108 meus
1068 3069 1113 3108 me
1131 3053 1196 3108 uiuo
1215 3055 1357 3123 morietur,
1381 3060 1517 3125 patronus
1536 3057 1612 3113 heres
1712 3051 1813 3101 a&

173 3142 258 3213 ‘esto',
277 3159 332 3198 non
350 3143 421 3196 maie
439 3141 549 3196 uidetur
566 3144 698 3197 testatus:
723 3158 785 3196 narn
804 3142 827 3196 si
846 3141 996 3197 decesserit
1013 3139 1098 3211 filius,
1117 3142 1219 3211 poterit
1236 3141 1280 3198 hie
1298 3144 1434 3199 existente
1453 3145 1613 3201 condicione
1709 3136 1816 3189 9⁰⁰

126 3242 156 3289 ιι
174 3232 299 3302 accipere
322 3230 456 3286 honorum
477 3230 706 3300 possessionem.
742 3229 772 3285 Si
790 3229 884 3284 debita
901 3235 1016 3299 patrono
1033 3230 1123 3300 portio
1141 3232 1300 3301 legatarii,
1325 3233 1378 3287 etsi
1396 3233 1519 3303 scriptus
1536 3234 1613 3290 heres
1706 3224 1818 3277 Μ

126 3326 229 3376 16'non
247 3318 337 3387 fuerit,
357 3319 425 3373 satis
443 3319 468 3372 ei
487 3316 589 3373 iactum
609 3323 661 3373 est.
695 3317 750 3373 Sed
769 3321 798 3373 et
815 3319 839 3372 si
857 3318 998 3373 institutus
1017 3319 1053 3373 sit
1071 3334 1105 3374 cx
1123 3325 1202 3388 parte
1220 3320 1324 3375 minore
1342 3337 1425 3391 quam
1444 3323 1471 3377 ei
1490 3323 1612 3390 debetur,
1707 3313 1820 3377 «¹⁶¹¹

173 3407 284 3463 residua
302 3421 368 3462 uero
386 3422 451 3476 pars
470 3406 597 3476 suppleta
615 3412 658 3462 eet
675 3407 701 3462 ei
718 3407 817 3475 tegatis
836 3407 895 3462 sine
913 3405 1140 3476 fideicommissis,
1157 3413 1187 3463 et
1203 3408 1243 3464 ita
1260 3409 1432 3466 satisfactum
1451 3412 1478 3466 ei
1498 3412 1611 3468 uidetur.
1628 3420 1661 3463 ι
1710 3400 1822 3454 01⁶¹·
1835 3385 1855 3426 ⁸⁵

126 3509 155 3554 ιι
173 3495 229 3552 Sed
248 3502 277 3551 et
294 3496 389 3550 mortis
407 3510 492 3550 eausa
509 3495 704 3551 donationibus
721 3496 823 3566 poterit
840 3501 955 3565 patrono
975 3495 1068 3551 debita
1085 3497 1178 3566 portio
1193 3499 1326 3568 suppleri:
1345 3515 1407 3554 uam
1421 3502 1520 3557 mortis
1531 3517 1613 3557 causa
1704 3484 1827 3543 ⁸⁸³⁸

173 3593 376 3662 muneres)

493 3695 619 3702 κ’...

175 3739 183 3770 ¹
202 3734 267 3803 non]
288 3737 353 3788 idem
368 3734 478 3799 Graeci,-
497 3749 551 3789 non
569 3740 715 3805 propterea
726 3751 780 3791 uon
798 3738 833 3802 (n.
847 3736 895 3802 ti?
947 3737 959 3772 ¹
978 3736 1128 3791 seeundum
1147 3736 1256 3792 tabutas
1274 3739 1368 3808 itaque
1385 3756 1440 3794 non
1460 3741 1613 3797 admittitur

173 3806 209 3860 ad
228 3810 324 3861 eontra
342 3804 451 3861 tabulas
469 3805 603 3861 honorum
622 3808 824 3877 possessionem
843 3810 979 3862 serendum
1000 3809 1114 3863 Graecos
1133 3818 1180 3863 ins.
1199 3813 1234 3876 (n.
1248 3819 1279 3863 e:
1297 3813 1415 3864 similiter
1433 3812 1554 3880 Potine)

174 3939 237 3993 lin
255 3958 303 3990 om.
317 3939 355 3992 Ρ
408 3937 619 3994 2intes*t⁴st‘0'i
639 3938 673 3992 1³
694 3942 699 4005 Ι
720 3940 865 4010 quottidie⁴
918 3947 987 3994 tinus
999 3943 1146 3997 emendator
1158 3949 1181 3996 et
1192 3941 1307 3997 Graecus
1320 3951 1444 4028 interpres
1483 3948 1519 4003 12
1531 3946 1613 4003 bont)-

173 4007 211 4062 F*
227 4010 232 4077 Ι
248 4009 331 4078 quin
348 4009 382 4062 F²
418 4009 656 4065 elibertierfilio
676 4010 712 4064 ps
747 4012 865 4081 iprimo
918 4018 1033 4066 rumne*
1054 4010 1090 4064 pr
1145 4012 1390 4069 15decestrens1
1416 4016 1451 4067 F·
1508 4020 1544 4073 22
1568 4018 1613 4074 sd·
1717 4026 1740 4038 ‘
1830 4004 1837 4015 ’

174 4080 271 4165 om3F¹
308 4080 432 4165 estquis
497 4082 864 4150 roposseesionemomffl:
919 4084 1045 4151 signatus
1068 4099 1123 4138 non
1146 4084 1196 4153 est]
1225 4094 1263 4138 sie
1285 4105 1311 4137 n.
1329 4089 1344 4138 i.
1362 4088 1435 4156 opud
1458 4088 1614 4144 Arruntem

155 4160 238 4205 vohe
257 4161 346 4205 tudone
366 4152 482 4223 χρήματι
501 4154 538 4206 nsi
555 4151 796 4224 ὲλεγθερώωοοῩκ
814 4154 864 4222 ἔχει
920 4162 1028 4224 itemque
1056 4155 1165 4209 Graeci:
1198 4155 1261 4208 ὃθεκ
1293 4156 1316 4210 εἰ
1347 4157 1384 4211 ssi
1416 4160 1613 4228 usparrs'rconasr

172 4223 200 4276 B
213 4224 330 4287 (Aeon).
358 4225 510 4299 crediderim
529 4232 555 4276 in
568 4228 712 4295 exemplari,
729 4227 795 4279 unde
808 4227 865 4278 ris-
919 4228 1024 4289 (seiiieet
1053 4233 1075 4278 is
1100 4233 1142 4279 eni
1169 4226 1274 4280 literius
1303 4229 1457 4299 ndsiynatns
1488 4234 1537 4298 est)
1566 4231 1613 4285 reia

172 4301 298 4347 reatinum
311 4294 466 4364 descriptum
480 4302 523 4358 est,
537 4295 730 4350 tuscanicum
744 4298 866 4350 excidisse
920 4294 983 4348 nard
1007 4295 1055 4349 rste
1074 4295 1199 4367 trabeisque
1220 4295 1386 4362 isauriensis,
1412 4300 1513 4355 sirticar
1533 4301 1612 4364 sirim

173 4371 219 4417 eut
234 4370 322 4433 potins
341 4365 443 4418 inductu
452 4368 541 4435 finisse
558 4372 644 4435 utpote
661 4374 793 4420 contraria
805 4385 866 4421 con·
920 4364 1070 4428 ddhehooc
1093 4385 1144 4430 nor
1167 4367 1272 4429 tinardi
1293 4370 1319 4423 B
1336 4370 1461 4439 (Anum),
1486 4373 1613 4442 adsigna·

172 4435 482 4499 serenissimorum}
501 4443 524 4491 et
540 4443 607 4490 reete
625 4444 743 4491 restituto
762 4457 815 4491 esse
832 4438 865 4490 ab
918 4443 964 4491 tus
987 4452 1041 4491 non
1066 4438 1097 4501 F,
1121 4439 1278 4508 assignetur
1300 4455 1356 4494 nou
1374 4441 1426 4504 10,
1448 4443 1614 4514 adsignatus

173 4506 346 4569 emendatore,
373 4512 400 4559 ut
426 4509 544 4560 similiter
568 4510 621 4560 otia
645 4516 733 4579 sopita
755 4515 866 4564 restituit
918 4511 962 4563 est
979 4523 1033 4563 nou
1051 4508 1166 4579 DEQK
1214 4511 1249 4565 23
1268 4511 1376 4580 potione
1391 4512 1428 4564 F·
1483 4517 1521 4570 32
1538 4522 1612 4586 pett-

173 4578 188 4628 Ι.
200 4576 235 4628 12
246 4595 289 4646 pr.
304 4576 328 4628 Ιι.
342 4582 359 4628 t.
378 4583 402 4629 et
412 4577 450 4629 D.
462 4577 505 4641 32,
517 4577 553 4632 93
562 4597 602 4649 pr.
622 4587 717 4634 omisso
741 4599 758 4632 o
780 4587 865 4649 primo
918 4580 954 4634 rit
971 4578 1015 4633 hie
1032 4580 1093 4650 seq]
1117 4578 1234 4642 eiroieac
1256 4583 1305 4637 τῆς
1329 4581 1456 4652 aipiceorc
1476 4583 1505 4639 'sa
1524 4588 1612 4641 husta-

172 4647 295 4708 iitrario,
319 4648 389 4717 qnod
411 4666 441 4701 en
463 4656 595 4702 contrario
618 4653 658 4703 nei
673 4669 865 4721 snperemeanee
919 4669 966 4704 sac
986 4652 1199 4720 «asponensium
1219 4650 1251 4714 οῨ
1269 4653 1342 4724 χώρα
1360 4653 1392 4724 τῇ
1406 4655 1472 4708 aar&
1491 4658 1540 4713 uic
1558 4668 1611 4712 hro·

174 4719 318 4771 indicasset.
341 4737 401 4771 nene
419 4737 571 4789 quamquem
583 4727 669 4775 seiont
682 4723 808 4792 quosdam
820 4741 865 4775 eo·
919 4721 1002 4777 trinae
1020 4719 1170 4776 inanrrdrcer
1185 4723 1212 4777 B
1224 4724 1348 4790 (Aeoniz
1368 4744 1434 4796 qnae
1449 4736 1537 4796 potest
1552 4749 1612 4800 ssp-

171 4795 227 4858 pite
247 4788 362 4841 nectent
381 4790 540 4842 emendatore
556 4791 656 4845 subluto
673 4798 802 4846 maidens
820 4799 865 4856 iter,
917 4795 1027 4862 pleniore
1046 4800 1176 4863 interpres,
1193 4795 1239 4848 sed
1256 4804 1340 4866 mnpis
1359 4804 1404 4860 est,
1422 4805 1450 4850 nt
1468 4808 1573 4854 ueniunt
1585 4820 1612 4853 er

173 4865 201 4912 ut
234 4859 310 4912 iidem
343 4877 443 4913 errores
478 4860 582 4913 redeant
618 4863 690 4932 opud
722 4862 866 4932 Byzantios
919 4866 1022 4917 lectione
1042 4870 1131 4917 nostro
1152 4867 1277 4934 pleniore,
1302 4885 1358 4920 eum
1383 4874 1409 4919 in
1433 4868 1482 4923 too
1502 4877 1612 4926 eramen

173 4935 303 4993 auctores,
326 4937 410 4984 temen
433 4932 526 4984 nudem
547 4939 615 4985 erint
632 4935 768 5003 esempinm
788 4934 864 4987 eddi·
919 4935 1041 4987 bonorum
1057 4943 1185 5005 possessio
1205 4939 1355 5008 simpliciter
1372 4937 1444 4992 dicte
1462 4959 1564 5013 semper
1579 4946 1612 4995 sit

172 5006 278 5055 tomenti
286 5003 363 5077 falsi,
382 5002 453 5076 qnod
465 5008 567 5076 puriter
581 5004 714 5058 admiserit
725 5010 750 5059 st
763 5003 864 5058 diores·
919 5024 950 5060 ea
968 5023 1033 5078 quae
1051 5006 1195 5060 admittitur
1213 5014 1303 5063 contro
1321 5007 1422 5064 minias
