3584 5454
239 255 403 324 xxxiivi
424 257 445 322 2
468 249 582 318 18-28
911 249 999 330 700
1072 317 1075 324 ,
1176 279 1187 350 5
1350 275 1397 322 ou
1419 273 1677 323 uousmoumus

184 414 221 474 18
293 415 412 470 Prosus
430 411 499 468 libro
517 413 764 484 quinquagensimo
783 399 901 485 septimo
920 411 955 468 ad
968 413 1097 470 edietum.
1125 413 1279 470 donatione
1290 411 1413 485 legitime
1426 412 1503 470 laem
1536 411 1677 482 n.ee,s,r‘e
1692 420 1725 474 Ε

239 502 389 558 liberantur
406 500 578 573 hypotheoae
595 507 625 557 et
641 503 751 574 pignus,
769 519 869 560 usurae
888 518 943 559 non
961 485 1081 560 ourruut

183 593 222 654 19
293 591 370 648 loun
388 591 457 649 libro
475 592 667 662 sexagensimo
686 607 758 648 nono
776 592 812 648 ad
830 593 959 648 edietum.
996 591 1060 648 Deli
1077 591 1219 662 exeeptio,
1237 607 1308 662 quae
1326 597 1435 662 poterat
1452 592 1500 648 de·
1520 588 1678 676 [Qu—e
1695 599 1736 654 Ε

240 681 344 752 legauti
365 682 482 752 opponi,
506 685 597 736 eessat
618 682 647 738 iu
669 695 788 751 persona
812 681 968 752 traditoris,
992 681 1037 736 eui
1060 682 1122 751 quis
1146 679 1291 751 ddagams
1314 685 1365 736 est.
1394 681 1524 752 idemque
1544 688 1588 737 est
1606 686 1635 738 et
1651 683 1678 738 lu

240 772 338 828 eateria
356 769 491 826 similibus
508 769 725 842 exeeptionibus,
744 771 828 826 immo
846 771 921 826 etin
939 785 981 839 ea,
999 785 1072 840 quae
1089 785 1125 828 ex
1143 775 1256 826 senatus
1274 769 1399 826 mannito
1417 769 1475 826 lilio
1493 769 1614 828 familias
1632 771 1713 826 dae

240 865 299 916 tur:
323 877 386 916 nam
410 859 543 916 aduersus
567 860 744 930 oreditorem,
768 860 813 916 eui
836 859 981 930 delegatus
999 865 1043 915 est
1064 859 1100 915 ab
1124 875 1170 930 eo,
1194 860 1243 930 qni
1265 863 1388 916 mutuam
1411 861 1559 930 pecuniam
1583 865 1679 915 nonna

241 953 354 1006 senatus
373 949 527 1006 oonsultum
547 949 670 1020 dederat,
689 963 744 1006 non
763 953 856 1004 utetur
873 949 1043 1020 eruptione,
1062 949 1127 1019 quia
1144 948 1210 1006 nibil
1228 951 1256 1004 in
1274 963 1308 1004 ea
1322 949 1504 1020 promissione
1522 953 1620 1004 ooutra
1637 963 1678 1004 so·

240 1042 322 1094 uatus
341 1039 495 1094 ooueultum
513 1037 558 1094 iit:
581 1043 659 1094 ιιιιιο
677 1038 780 1108 mapa,
799 1037 873 1108 quod
891 1037 936 1094 bio
953 1053 1005 1095 neo
1022 1039 1141 1094 solutum
1159 1043 1285 1109 repetere
1302 1043 1402 1109 potest.
1430 1038 1571 1094 diuersum
1590 1038 1678 1092 estin

241 1128 367 1198 muliere,
390 1143 461 1198 quae
484 1131 580 1185 uonna
598 1131 710 1184 senatun
729 1127 883 1184 oonsultum
901 1127 1042 1198 promisit:
1065 1143 1128 1184 nam
1152 1133 1181 1184 et
1202 1129 1231 1184 iu
1254 1127 1376 1184 monada
1396 1128 1579 1199 promissione
1597 1127 1678 1182 inter·

241 1217 330 1273 oesslo
349 1221 399 1272 est.
427 1217 554 1287 idemque
572 1221 616 1272 eat
633 1217 661 1274 lo
680 1217 792 1286 minore,
810 1217 857 1286 qui
876 1217 1098 1288 eiroumsoriptua
1117 1217 1268 1288 delegatur,
1287 1217 1360 1288 quia,
1378 1217 1403 1272 si
1414 1217 1574 1272 etiamnuno
1592 1215 1679 1270 minor
1703 1233 1748 1274 ao

241 1311 298 1376 est,
322 1321 429 1362 rursum
448 1305 673 1362 oiroumuenitur:
697 1305 851 1375 diuersum,
876 1305 900 1360 ai
917 1306 973 1361 iam
997 1306 1117 1362 exoessit
1139 1311 1258 1362 aetaoem
1279 1305 1376 1377 uiginti
1395 1305 1516 1376 qmnque
1535 1319 1676 1374 annornm,

241 1395 368 1468 quamuis
390 1394 481 1450 adbuo
504 1394 593 1465 possit
615 1395 723 1450 restitui
746 1393 880 1450 moerens
901 1395 1019 1466 priorem
1044 1395 1214 1452 orsdlnrem.
1241 1395 1305 1452 ideo
1329 1401 1422 1452 auwm
1440 1395 1615 1465 denegantur
1632 1409 1677 1450 ex·

242 1484 383 1554 captiones
401 1483 534 1538 aduersus
547 1482 557 1554 ΙΙ
571 1483 722 1539 seeundum
741 1483 912 1554 creditorem,
931 1485 995 1556 quia
1013 1484 1041 1540 in
1058 1485 1174 1556 priuatis
1192 1483 1377 1541 ooutrwtibus
1389 1489 1418 1540 et
1429 1483 1606 1555 paetionibue
1623 1497 1676 1539 nou
1699 1493 1770 1540 atet

241 1572 321 1629 laede
339 1573 409 1630 seire
427 1573 528 1643 petitor
545 1577 651 1643 potest,
676 1572 742 1644 quid
760 1573 831 1629 inter
849 1587 911 1628 eum
930 1574 978 1644 qui
995 1573 1139 1644 delegatus
1157 1577 1201 1630 est
1222 1578 1251 1630 et
1273 1571 1425 1630 debitorem
1446 1577 1541 1628 aotam
1560 1579 1604 1628 est
1621 1577 1675 1642 aut,

242 1662 349 1719 etiamsi
368 1662 446 1732 eolat,
465 1661 637 1718 dissimulare
655 1659 746 1732 debet,
765 1675 800 1718 ne
818 1663 942 1720 ouriosua
960 1662 1101 1720 uideatur:
1121 1667 1149 1720 et
1166 1661 1229 1718 ideo
1248 1662 1345 1720 merito
1363 1661 1558 1734 denegandum
1576 1667 1620 1718 eet
1631 1659 1676 1716 ad·
1709 1672 1743 1713 ιι

241 1767 339 1808 uersus
357 1766 420 1806 enm
438 1751 628 1821 exceptionem
646 1765 681 1806 ex
699 1765 818 1822 persona
834 1751 974 1808 debitoris.

184 1837 225 1897 20
294 1840 372 1896 Iners
389 1837 458 1896 libro
476 1839 700 1911 septuagensimo
718 1840 840 1898 seeundo
859 1841 894 1897 ad
913 1841 1043 1898 edietum.
1079 1841 1189 1896 Nouara
1207 1855 1354 1911 possumus
1372 1845 1421 1918 aut
1437 1840 1500 1911 ipsi,
1520 1833 1675 1923 [Q
1709 1843 1742 1900 Ii

210 1937 222 1982 1
242 1929 266 1988 si
284 1929 327 1984 aui
344 1927 410 1984 iuris
429 1943 536 2000 sumna,
561 1934 611 1986 aut
627 1943 678 2000 per
695 1929 777 2001 alios,
800 1931 847 2001 qui
866 1931 1007 1986 uoluntate
1030 1935 1125 1986 nostra
1147 1931 1320 2000 stipulentur.
1356 1930 1480 2000 Pupillus
1502 1930 1562 1986 sine
1580 1929 1676 1984 tutoris

243 2017 405 2074 auetoritate
427 2031 482 2074 uon
505 2022 598 2088 potest
621 2033 737 2074 nonme:
765 2025 839 2076 tutor
862 2025 969 2090 potest,
996 2019 1020 2075 si
1047 2019 1099 2076 boo
1124 2020 1228 2091 pupillo
1255 2017 1397 2089 expediet:
1424 2019 1491 2074 item
1518 2021 1676 2090 procurater

241 2107 363 2164 omnium
380 2105 523 2164 bonorum.
1715 2115 1743 2157 ao

184 2193 222 2252 21
294 2196 466 2252 Postremus
490 2195 558 2254 libro
580 2197 669 2268 primo
693 2212 728 2254 ex
750 2197 867 2254 Plautio.
907 2197 937 2254 Si
956 2195 1108 2254 debitorem
1129 2211 1221 2254 meum
1244 2196 1350 2254 iusaaro
1373 2195 1425 2252 tibi
1448 2197 1502 2253 sol·
1521 2190 1674 2280 Q
1713 2197 1742 2253 li

137 2277 146 2298 ’
242 2301 321 2356 uere,
348 2301 403 2342 uon
426 2287 519 2342 statim
542 2291 573 2342 tu
596 2287 678 2344 etiam
703 2288 860 2360 stipulando
883 2287 911 2344 id
935 2301 1037 2344 nouare
1061 2287 1165 2358 possis,
1190 2287 1317 2357 quamuis
1343 2285 1452 2342 debitor
1471 2285 1606 2342 soluendo
1628 2284 1674 2340 tibi

241 2375 410 2432 liberaretur.

185 2461 224 2520 22
294 2465 414 2522 Pennus
431 2463 500 2522 llbro
518 2470 615 2536 quarto
633 2465 740 2522 deoimo
758 2467 794 2522 ad
812 2466 957 2522 Plautium.
994 2465 1024 2521 Si
1046 2465 1107 2536 quis
1131 2463 1245 2522 absente
1269 2478 1313 2520 me
1337 2480 1354 2520 a
1377 2462 1501 2521 debitore
1535 2475 1676 2530 atem
1717 2462 1741 2516 B

242 2569 305 2612 meo
323 2555 468 2625 stipulatus
487 2558 530 2610 est
547 2555 667 2612 nouandi
685 2556 785 2625 animo,
803 2569 856 2625 ego
874 2559 1077 2626 postestatum
1096 2552 1225 2624 habeam,
1244 2569 1316 2610 nouo
1334 2553 1541 2624 obligationem.
1570 2538 1673 2549 *-
1714 2555 1742 2596 ²⁵

186 2639 224 2700 23
295 2644 467 2702 Pomorum
493 2643 561 2700 libro
585 2645 666 2702 tertio
693 2661 728 2701 ex
751 2645 868 2702 Plautio.
910 2644 995 2700 lilius
1022 2645 1110 2715 patris
1136 2643 1271 2701 sotionem
1298 2644 1444 2714 ignorante
1467 2657 1501 2699 eo
1534 2638 1674 2712 ’Βῗιῖιξᾙι
1712 2636 1741 2694 ll

242 2749 345 2790 nouare
362 2748 418 2789 uon
434 2736 535 2804 potest

81 2837 83 2842 ·
185 2819 225 2879 24
296 2823 374 2880 marr
390 2821 460 2878 libro
478 2823 575 2894 quinto
593 2823 756 2880 exPlautio.
787 2823 906 2880 Nouatio
918 2837 972 2880 uon
984 2803 1077 2894 potest
1088 2821 1248 2893 eontingere
1264 2836 1299 2877 ea
1317 2821 1502 2892 stipulatione,
1536 2815 1676 2889 ιἰῗιῑῐῐι
1719 2814 1743 2873 ll

243 2927 314 2983 quae
332 2927 387 2968 uon
405 2912 592 2986 oommittitur.
620 2927 671 2968 neo
688 2913 752 2970 buio
770 2913 934 2970 oonuauum
953 2917 1004 2983 eat,
1023 2912 1110 2984 quod,
1129 2912 1153 2968 si
1170 2911 1316 2982 stipulatus
1335 2926 1353 2966 a
1369 2911 1444 2967 litio
1462 2909 1541 2968 luero
1559 2910 1675 2968 nouandi

244 3001 335 3058 animo
353 2999 405 3058 sub
424 3001 591 3072 ooudioione‚
609 3001 685 3072 quod
703 3002 769 3058 mibi
786 3001 963 3074 Sempronius
981 3001 1078 3072 debet,
1097 3005 1126 3058 et
1143 2999 1280 3072 pendente
1297 2999 1458 3056 ooudioione
1475 2999 1568 3055 'litias
1585 2999 1675 3056 deaes-
1723 2993 1748 3037 ³⁸

243 3091 319 3162 serit,
337 3091 463 3162 quamuis
481 3095 545 3148 ante
563 3091 666 3148 aditam
684 3091 864 3148 hereditatem
884 3091 1008 3148 ooudioio
1026 3090 1175 3161 exstiterit,
1193 3091 1305 3147 uenatio
1322 3087 1415 3162 fieret:
1436 3087 1482 3144 hio
1499 3089 1574 3144 euim
1592 3095 1676 3146 morta

242 3181 415 3252 promissoris
439 3195 493 3237 nou
518 3181 687 3252 extinguitur
710 3181 864 3253 stipulatio,
888 3181 938 3238 aed
961 3181 1060 3238 transit
1083 3179 1119 3236 ad
1143 3179 1273 3237 heredem
1296 3179 1375 3236 ouius
1399 3193 1547 3250 personam
1570 3179 1675 3236 interim

242 3270 381 3328 hereditas
399 3270 525 3326 sustinet

186 3353 225 3414 25
298 3359 411 3416 cursus
436 3357 506 3414 libro
532 3359 620 3430 primo
646 3359 824 3430 digestorum.
866 3359 927 3416 lion
949 3359 1012 3416 ideo
1034 3372 1137 3415 nouare
1161 3361 1282 3414 uewrem
1307 3356 1503 3428 obligationem
1522 3353 1676 3442 [Πιῖιῖι
1735 3341 1759 3398 3

244 3449 388 3520 quisquam
407 3451 482 3504 reete
499 3453 599 3522 potest,
618 3449 694 3518 quod
711 3448 848 3506 interdum
866 3453 940 3506 reete
958 3448 985 3504 ei
1002 3447 1131 3504 soluitur:
1150 3446 1317 3519 aemathia,
1335 3447 1383 3518 qui
1394 3433 1676 3519 insortam
1736 3433 1764 3478 ³⁵

176 3595 179 3604 ,
244 3543 322 3608 suut,
345 3537 420 3608 quod
438 3536 473 3594 ab
491 3537 534 3594 his
552 3537 687 3594 oreditum
704 3543 748 3594 est
765 3543 840 3596 reeta
857 3537 994 3596 interdum
1013 3537 1143 3608 soluitur,
1167 3552 1229 3593 eum
1248 3551 1330 3594 nemo
1347 3551 1442 3594 eorum
1459 3551 1510 3607 per
1528 3553 1559 3594 se
1577 3551 1676 3594 nouare

242 3627 360 3698 priorem
379 3625 573 3696 obligationem
591 3627 650 3684 iure
667 3628 763 3698 possit.

187 3711 225 3771 ae
297 3717 374 3772 mnu
391 3714 460 3772 itero
476 3716 559 3772 ereio
577 3715 755 3787 tuaene.
791 3713 820 3772 er
838 3714 870 3785 a,
889 3715 934 3772 eur
952 3715 1047 3772 omn
1065 3715 1163 3786 uuus,
1182 3715 1338 3785 aurosum
1356 3712 1436 3771 ueras
1455 3714 1501 3771 ue·
1521 3711 1674 3801 Q
1706 3693 1779 3768 Ji

243 3804 335 3876 bebat,
353 3805 389 3862 ab
407 3805 485 3862 Attio
503 3805 651 3876 stipulatus
669 3805 804 3876 estquod
822 3804 866 3860 ille
884 3807 934 3860 aut
950 3803 1025 3875 quod
1042 3805 1087 3862 ille
1104 3804 1213 3876 debeat,
1232 3804 1291 3860 dari
1305 3803 1366 3876 sibi,
1385 3809 1519 3862 nouatum
1532 3812 1675 3876 ammaus

243 3909 298 3952 non
316 3901 366 3966 est,
385 3895 435 3951 sed
453 3895 481 3952 iu
499 3899 637 3966 potestate
648 3895 718 3950 Attii
735 3899 787 3964 eat,
805 3910 855 3965 pro
874 3909 928 3964 quo
946 3895 1014 3956 uelit
1031 3894 1137 3950 soluere
1156 3897 1185 3950 et
1201 3909 1265 3950 eum
1281 3893 1405 3950 liberare.
1432 3892 1571 3965 fingamus
1585 3901 1674 3952 autem
1709 3875 1773 3926 Α

243 3984 282 4040 ita
300 3989 400 4056 aetum,
419 3989 451 4040 ut
468 3984 628 4042 alterutrum
647 3985 739 4041 daret:
758 3999 821 4040 nam
840 3983 960 4053 alioquin
978 3988 1124 4054 utrumque
1141 3983 1287 4055 stipulatus
1305 3983 1415 4042 uidemr
1431 3989 1461 4042 et
1472 3989 1675 4057 utrumqneno

243 4079 348 4145 uatum,
366 4075 390 4130 si
407 4074 528 4130 nouandi
546 4074 637 4130 animo
655 4074 708 4130 hoo
725 4072 782 4129 fiat.

187 4157 226 4220 27
296 4165 477 4222 Plautianus
494 4163 563 4220 libro
580 4163 662 4220 tertio
680 4177 882 4234 responsorum.
917 4162 1032 4248 Emptos
1050 4177 1111 4218 oum
1129 4161 1275 4233 delegante
1293 4161 1436 4220 uenditore
1454 4178 1502 4234 pe·
1521 4157 1674 4248 Q
1690 4139 1763 4220 f

244 4254 352 4311 eunium
376 4254 416 4310 ita
437 4253 584 4325 promittit:
604 4251 744 4324 ‘quidquid
766 4267 801 4308 ex
824 4251 937 4309 uendito
961 4252 1027 4309 dare
1043 4250 1134 4310 iaoere
1152 4250 1277 4324 oportet',
1300 4252 1449 4310 nouadoue
1466 4259 1565 4311 seouta
1581 4267 1675 4310 usuras

244 4343 334 4400 neutri
350 4349 415 4414 poet
431 4342 548 4398 inseouti
565 4341 697 4414 temporis
715 4339 806 4398 debet.
1691 4325 1750 4388 aa*

187 4427 226 4488 28
297 4433 375 4488 Iussu
398 4431 468 4488 libro
490 4431 611 4488 meando
634 4428 832 4487 definitionum.
868 4430 995 4487 Fundam
1018 4429 1210 4489 &medanum
1232 4432 1379 4503 stipulatus
1401 4433 1499 4503 quand
1523 4425 1674 4518 Q
1688 4418 1736 4488 Ρ

243 4521 346 4578 laudus
368 4527 412 4577 est
428 4524 526 4592 postea
542 4521 669 4592 stipulor:
692 4520 717 4578 si
734 4535 790 4576 uon
807 4519 928 4577 nouandi
945 4521 1036 4578 auimo
1054 4521 1177 4578 seeunda
1193 4521 1332 4594 stipulatio
1349 4519 1425 4578 faeta
1441 4525 1498 4594 est,
1523 4527 1614 4580 oesaat
1630 4535 1674 4578 uo·

243 4627 437 4697 amineo)

246 4767 535 4840 lquln't'quagesimo
555 4769 592 4823 F*
646 4771 739 4844 epar
754 4768 787 4826 fit
798 4779 846 4826 ira.
858 4785 934 4841 repe·
987 4771 1334 4844 potestsappteaitm.2)M
1371 4771 1673 4845 tmullere'm'qnaeF’

244 4847 304 4898 tere
326 4846 418 4912 potest
434 4840 495 4896 Xe?
512 4842 567 4906 (ute
589 4860 647 4896 moa
670 4861 718 4912 pro
742 4843 831 4896 tudem
849 4842 935 4897 aetia
987 4843 1023 4898 25
1040 4841 1181 4900 habuero
1193 4845 1231 4898 F’
1275 4845 1310 4899 28
1328 4845 1561 4916 eastipulatione]
1580 4843 1672 4900 teine-

245 4920 283 4968 ιιι
304 4915 477 4968 ιιιιυιιιηιᾱο
497 4915 565 4984 esti,
588 4917 617 4968 et
639 4913 702 4968 ideo
724 4912 799 4984 quod
822 4913 935 4968 soluerit
988 4914 1292 4985 poriceocBleoa)
1345 4917 1470 4987 eoquod
1482 4917 1549 4974 mibi
1560 4930 1671 4988 sempru

244 4999 300 5040 nou
317 4988 409 5054 potest
426 4989 550 5055 repetere
568 4987 703 5056 (repetere
714 5000 769 5041 uon
780 4983 934 5056 poteetX‘,
987 4986 1050 5042 nius
1073 4983 1156 5042 debet
1179 4991 1208 5044 et
1229 4987 1368 5059 pendente
1391 4989 1554 5047 ooudioione
1576 5009 1622 5046 ora
1637 4987 1671 5042 it

245 5071 300 5113 non
312 5061 435 5128 repetere
446 5061 539 5129 potest
550 5057 598 5128 M)
609 5057 747 5126 X‘deu
758 5055 934 5114 afit...uou
986 5057 1021 5114 31
1039 5056 1119 5114 b'u'io
1135 5057 1174 5112 Fi
