<?xml version="1.0" encoding="UTF-8"?>
<!DOCTYPE html PUBLIC "-//W3C//DTD XHTML 1.0 Transitional//EN"
    "http://www.w3.org/TR/xhtml1/DTD/xhtml1-transitional.dtd">
<html xmlns="http://www.w3.org/1999/xhtml" xml:lang="en" lang="en">
 <head>
  <title>
</title>
<meta http-equiv="Content-Type" content="text/html;charset=utf-8" />
  <meta name='ocr-system' content='tesseract 3.04.00' />
  <meta name='ocr-capabilities' content='ocr_page ocr_carea ocr_par ocr_line ocrx_word'/>
</head>
<body>
  <div class='ocr_page' id='page_1' title='image "./digestaiustinia00kruegoog_0900.png"; bbox 0 0 3614 5460; ppageno 0'>
   <div class='ocr_carea' id='block_1_1' title="bbox 62 205 1631 374">
    <p class='ocr_par' dir='ltr' id='par_1_1' title="bbox 62 205 1631 374">
     <span class='ocr_line' id='line_1_1' title="bbox 62 205 1631 374; baseline -0.004 -49"><span class='ocrx_word' id='word_1_1' title='bbox 62 273 639 374; x_wconf 67' lang='lat' dir='ltr'><strong>omummrsnunnrosnummro</strong></span> <span class='ocrx_word' id='word_1_2' title='bbox 734 205 821 330; x_wconf 83' lang='lat'><strong>885</strong></span> <span class='ocrx_word' id='word_1_3' title='bbox 1018 255 1226 325; x_wconf 84' lang='lat' dir='ltr'>XXXXVIIII</span> <span class='ocrx_word' id='word_1_4' title='bbox 1249 259 1290 324; x_wconf 85' lang='lat'><strong>14</strong></span> <span class='ocrx_word' id='word_1_5' title='bbox 1310 256 1498 324; x_wconf 81' lang='lat'>49-154</span> <span class='ocrx_word' id='word_1_6' title='bbox 1625 359 1631 368; x_wconf 24' lang='grc' dir='ltr'>ι</span> 
     </span>
    </p>
   </div>
   <div class='ocr_carea' id='block_1_2' title="bbox 0 413 1596 2094">
    <p class='ocr_par' dir='ltr' id='par_1_2' title="bbox 62 413 1498 665">
     <span class='ocr_line' id='line_1_2' title="bbox 62 413 1498 487; baseline 0 -15"><span class='ocrx_word' id='word_1_7' title='bbox 62 416 184 472; x_wconf 71' lang='lat' dir='ltr'><strong>‘ocium</strong></span> <span class='ocrx_word' id='word_1_8' title='bbox 208 413 290 470; x_wconf 84' lang='lat' dir='ltr'><strong>tidem</strong></span> <span class='ocrx_word' id='word_1_9' title='bbox 314 413 546 483; x_wconf 79' lang='lat' dir='ltr'><strong>accommodarit,</strong></span> <span class='ocrx_word' id='word_1_10' title='bbox 570 419 679 470; x_wconf 89' lang='lat' dir='ltr'><strong>utnon</strong></span> <span class='ocrx_word' id='word_1_11' title='bbox 702 413 821 483; x_wconf 73' lang='lat' dir='ltr'><strong>capienti</strong></span> <span class='ocrx_word' id='word_1_12' title='bbox 843 413 1000 470; x_wconf 89' lang='lat' dir='ltr'><strong>restitueret</strong></span> <span class='ocrx_word' id='word_1_13' title='bbox 1022 415 1216 486; x_wconf 81' lang='lat' dir='ltr'><strong>hereditatem,</strong></span> <span class='ocrx_word' id='word_1_14' title='bbox 1240 415 1265 472; x_wconf 90' lang='lat' dir='ltr'><strong>si</strong></span> <span class='ocrx_word' id='word_1_15' title='bbox 1282 414 1402 472; x_wconf 89' lang='lat' dir='ltr'><strong>deducta</strong></span> <span class='ocrx_word' id='word_1_16' title='bbox 1418 421 1498 487; x_wconf 86' lang='lat' dir='ltr'><strong>parts</strong></span> 
     </span>
     <span class='ocr_line' id='line_1_3' title="bbox 63 501 1498 576; baseline 0 -16"><span class='ocrx_word' id='word_1_17' title='bbox 63 505 171 576; x_wconf 84' lang='lat' dir='ltr'><strong>&#39;quarta</strong></span> <span class='ocrx_word' id='word_1_18' title='bbox 188 505 316 574; x_wconf 86' lang='lat' dir='ltr'><strong>restituit,</strong></span> <span class='ocrx_word' id='word_1_19' title='bbox 334 503 399 558; x_wconf 86' lang='lat' dir='ltr'><strong>nihil</strong></span> <span class='ocrx_word' id='word_1_20' title='bbox 417 504 535 558; x_wconf 88' lang='lat' dir='ltr'><strong>retinere</strong></span> <span class='ocrx_word' id='word_1_21' title='bbox 553 501 644 558; x_wconf 87' lang='lat' dir='ltr'><strong>debet.</strong></span> <span class='ocrx_word' id='word_1_22' title='bbox 672 502 811 572; x_wconf 89' lang='lat' dir='ltr'><strong>quadrans</strong></span> <span class='ocrx_word' id='word_1_23' title='bbox 829 508 921 560; x_wconf 87' lang='lat' dir='ltr'><strong>sutem</strong></span> <span class='ocrx_word' id='word_1_24' title='bbox 940 505 987 574; x_wconf 90' lang='lat' dir='ltr'><strong>qui</strong></span> <span class='ocrx_word' id='word_1_25' title='bbox 1004 503 1098 561; x_wconf 90' lang='lat' dir='ltr'><strong>heredi</strong></span> <span class='ocrx_word' id='word_1_26' title='bbox 1115 505 1264 576; x_wconf 86' lang='lat' dir='ltr'><strong>imponitur</strong></span> <span class='ocrx_word' id='word_1_27' title='bbox 1280 505 1385 576; x_wconf 88' lang='lat' dir='ltr'><strong>ipsius²</strong></span> <span class='ocrx_word' id='word_1_28' title='bbox 1400 505 1498 576; x_wconf 84' lang='lat' dir='ltr'><strong>eripis·</strong></span> 
     </span>
     <span class='ocr_line' id='line_1_4' title="bbox 63 590 1406 665; baseline -0.001 -15"><span class='ocrx_word' id='word_1_29' title='bbox 63 593 118 650; x_wconf 90' lang='lat' dir='ltr'><strong>&#39;tur</strong></span> <span class='ocrx_word' id='word_1_30' title='bbox 135 593 217 650; x_wconf 89' lang='lat' dir='ltr'><strong>etad</strong></span> <span class='ocrx_word' id='word_1_31' title='bbox 235 592 331 650; x_wconf 88' lang='lat' dir='ltr'><strong>fiscum</strong></span> <span class='ocrx_word' id='word_1_32' title='bbox 350 590 546 650; x_wconf 70' lang='lat' dir='ltr'><strong>transferatur.</strong></span> <span class='ocrx_word' id='word_1_33' title='bbox 574 591 648 648; x_wconf 90' lang='lat' dir='ltr'><strong>unde</strong></span> <span class='ocrx_word' id='word_1_34' title='bbox 666 591 808 648; x_wconf 78' lang='lat' dir='ltr'><strong>dodrantis</strong></span> <span class='ocrx_word' id='word_1_35' title='bbox 826 594 967 648; x_wconf 88' lang='lat' dir='ltr'><strong>semissem</strong></span> <span class='ocrx_word' id='word_1_36' title='bbox 986 595 1073 649; x_wconf 86' lang='lat' dir='ltr'><strong>solum</strong></span> <span class='ocrx_word' id='word_1_37' title='bbox 1093 595 1167 664; x_wconf 89' lang='lat' dir='ltr'><strong>capit</strong></span> <span class='ocrx_word' id='word_1_38' title='bbox 1185 595 1231 665; x_wconf 90' lang='lat' dir='ltr'><strong>qul</strong></span> <span class='ocrx_word' id='word_1_39' title='bbox 1250 609 1280 650; x_wconf 89' lang='lat' dir='ltr'><strong>se</strong></span> <span class='ocrx_word' id='word_1_40' title='bbox 1299 594 1406 650; x_wconf 89' lang='lat' dir='ltr'><strong>detulit.</strong></span> 
     </span>
    </p>

    <p class='ocr_par' dir='ltr' id='par_1_3' title="bbox 0 677 1596 2094">
     <span class='ocr_line' id='line_1_5' title="bbox 0 677 1543 768; baseline 0.006 -34"><span class='ocrx_word' id='word_1_41' title='bbox 0 692 36 735; x_wconf 70' lang='lat' dir='ltr'><strong>‚s</strong></span> <span class='ocrx_word' id='word_1_42' title='bbox 117 683 195 739; x_wconf 83' lang='lat' dir='ltr'><strong>lunas</strong></span> <span class='ocrx_word' id='word_1_43' title='bbox 209 681 278 738; x_wconf 87' lang='lat' dir='ltr'><strong>libro</strong></span> <span class='ocrx_word' id='word_1_44' title='bbox 289 683 371 738; x_wconf 87' lang='lat' dir='ltr'><strong>tertio</strong></span> <span class='ocrx_word' id='word_1_45' title='bbox 384 683 565 738; x_wconf 89' lang='lat' dir='ltr'><strong>decretorum.</strong></span> <span class='ocrx_word' id='word_1_46' title='bbox 593 681 718 736; x_wconf 86' lang='lat' dir='ltr'><strong>Ualerius</strong></span> <span class='ocrx_word' id='word_1_47' title='bbox 729 681 875 736; x_wconf 81' lang='lat' dir='ltr'><strong>Patruinus</strong></span> <span class='ocrx_word' id='word_1_48' title='bbox 887 689 1048 752; x_wconf 87' lang='lat' dir='ltr'><strong>procurator</strong></span> <span class='ocrx_word' id='word_1_49' title='bbox 1060 684 1233 754; x_wconf 89' lang='lat' dir='ltr'><strong>imperatoris</strong></span> <span class='ocrx_word' id='word_1_50' title='bbox 1244 684 1341 740; x_wconf 85' lang='lat' dir='ltr'><strong>Flauio</strong></span> <span class='ocrx_word' id='word_1_51' title='bbox 1359 677 1497 768; x_wconf 60' lang='lat' dir='ltr'><strong>[iffi</strong></span> <span class='ocrx_word' id='word_1_52' title='bbox 1516 690 1543 744; x_wconf 91' lang='lat' dir='ltr'><em>P</em></span> 
     </span>
     <span class='ocr_line' id='line_1_6' title="bbox 62 759 1596 845; baseline -0.001 -16"><span class='ocrx_word' id='word_1_53' title='bbox 62 771 188 829; x_wconf 87' lang='lat' dir='ltr'><strong>Staltieio</strong></span> <span class='ocrx_word' id='word_1_54' title='bbox 205 771 318 843; x_wconf 87' lang='lat' dir='ltr'><strong>praedia</strong></span> <span class='ocrx_word' id='word_1_55' title='bbox 335 777 410 827; x_wconf 89' lang='lat' dir='ltr'><strong>corto</strong></span> <span class='ocrx_word' id='word_1_56' title='bbox 427 772 516 842; x_wconf 90' lang='lat' dir='ltr'><strong>pretio</strong></span> <span class='ocrx_word' id='word_1_57' title='bbox 534 769 687 828; x_wconf 74' lang='lat' dir='ltr'><strong>addixerat.</strong></span> <span class='ocrx_word' id='word_1_58' title='bbox 714 769 815 826; x_wconf 91' lang='lat' dir='ltr'><strong>deiude</strong></span> <span class='ocrx_word' id='word_1_59' title='bbox 832 768 923 826; x_wconf 85' lang='lat' dir='ltr'><strong>iaota¹</strong></span> <span class='ocrx_word' id='word_1_60' title='bbox 940 772 1088 828; x_wconf 79' lang='lat' dir='ltr'><strong>licitatione</strong></span> <span class='ocrx_word' id='word_1_61' title='bbox 1106 772 1179 828; x_wconf 90' lang='lat' dir='ltr'><strong>idem</strong></span> <span class='ocrx_word' id='word_1_62' title='bbox 1197 772 1337 828; x_wconf 77' lang='lat' dir='ltr'><strong>Stalticius</strong></span> <span class='ocrx_word' id='word_1_63' title='bbox 1357 759 1497 845; x_wconf 58' lang='lat' dir='ltr'><strong>{trecop-&#39;ta</strong></span> <span class='ocrx_word' id='word_1_64' title='bbox 1514 775 1596 829; x_wconf 80' lang='lat' dir='ltr'><strong>ttts&#39;</strong></span> 
     </span>
     <span class='ocr_line' id='line_1_7' title="bbox 63 860 1529 940; baseline -0.003 -22"><span class='ocrx_word' id='word_1_65' title='bbox 63 877 98 918; x_wconf 88' lang='lat' dir='ltr'><strong>es</strong></span> <span class='ocrx_word' id='word_1_66' title='bbox 119 862 286 918; x_wconf 82' lang='lat' dir='ltr'><strong>licitatione⁸</strong></span> <span class='ocrx_word' id='word_1_67' title='bbox 304 862 461 931; x_wconf 83' lang='lat' dir='ltr'><strong>optinuerat</strong></span> <span class='ocrx_word' id='word_1_68' title='bbox 482 864 512 916; x_wconf 91' lang='lat' dir='ltr'><strong>et</strong></span> <span class='ocrx_word' id='word_1_69' title='bbox 534 861 562 916; x_wconf 92' lang='lat' dir='ltr'><strong>in</strong></span> <span class='ocrx_word' id='word_1_70' title='bbox 585 875 709 930; x_wconf 86' lang='lat' dir='ltr'><strong>uacuam</strong></span> <span class='ocrx_word' id='word_1_71' title='bbox 723 860 926 930; x_wconf 87' lang='lat' dir='ltr'><strong>possessiouem</strong></span> <span class='ocrx_word' id='word_1_72' title='bbox 949 860 1078 918; x_wconf 89' lang='lat' dir='ltr'><strong>inductus</strong></span> <span class='ocrx_word' id='word_1_73' title='bbox 1102 867 1169 940; x_wconf 78' lang='lat' dir='ltr'><strong>erat.</strong></span> <span class='ocrx_word' id='word_1_74' title='bbox 1201 862 1236 918; x_wconf 89' lang='lat' dir='ltr'><strong>de</strong></span> <span class='ocrx_word' id='word_1_75' title='bbox 1254 860 1388 918; x_wconf 80' lang='lat' dir='ltr'><strong>fructibus</strong></span> <span class='ocrx_word' id='word_1_76' title='bbox 1405 861 1529 918; x_wconf 88' lang='lat' dir='ltr'><strong>medios</strong></span> 
     </span>
     <span class='ocr_line' id='line_1_8' title="bbox 62 947 1497 1022; baseline -0.001 -14"><span class='ocrx_word' id='word_1_77' title='bbox 62 955 188 1022; x_wconf 90' lang='lat' dir='ltr'><strong>tempore</strong></span> <span class='ocrx_word' id='word_1_78' title='bbox 206 952 344 1022; x_wconf 88' lang='lat' dir='ltr'><strong>perceptis</strong></span> <span class='ocrx_word' id='word_1_79' title='bbox 359 949 556 1020; x_wconf 87' lang='lat' dir='ltr'><strong>quaerebatur:</strong></span> <span class='ocrx_word' id='word_1_80' title='bbox 575 949 720 1006; x_wconf 86' lang='lat' dir='ltr'><strong>Patruinus</strong></span> <span class='ocrx_word' id='word_1_81' title='bbox 738 947 798 1004; x_wconf 86' lang='lat' dir='ltr'><strong>fisci</strong></span> <span class='ocrx_word' id='word_1_82' title='bbox 815 965 877 1006; x_wconf 89' lang='lat' dir='ltr'><strong>esse</strong></span> <span class='ocrx_word' id='word_1_83' title='bbox 895 949 1014 1006; x_wconf 85' lang='lat' dir='ltr'><strong>uolebat.</strong></span> <span class='ocrx_word' id='word_1_84' title='bbox 1039 951 1120 1021; x_wconf 89' lang='lat' dir='ltr'><strong>plane</strong></span> <span class='ocrx_word' id='word_1_85' title='bbox 1138 951 1162 1006; x_wconf 90' lang='lat' dir='ltr'><strong>si</strong></span> <span class='ocrx_word' id='word_1_86' title='bbox 1180 950 1271 1006; x_wconf 88' lang='lat' dir='ltr'><strong>medio</strong></span> <span class='ocrx_word' id='word_1_87' title='bbox 1289 956 1413 1022; x_wconf 87' lang='lat' dir='ltr'><strong>tempore</strong></span> <span class='ocrx_word' id='word_1_88' title='bbox 1426 951 1497 1008; x_wconf 83' lang='lat' dir='ltr'><strong>iuter</strong></span> 
     </span>
     <span class='ocr_line' id='line_1_9' title="bbox 61 1037 1498 1112; baseline 0.001 -16"><span class='ocrx_word' id='word_1_89' title='bbox 61 1041 179 1112; x_wconf 85' lang='lat' dir='ltr'><strong>primam</strong></span> <span class='ocrx_word' id='word_1_90' title='bbox 196 1040 373 1096; x_wconf 77' lang='lat' dir='ltr'><strong>licitationem</strong></span> <span class='ocrx_word' id='word_1_91' title='bbox 392 1045 422 1094; x_wconf 90' lang='lat' dir='ltr'><strong>ot</strong></span> <span class='ocrx_word' id='word_1_92' title='bbox 438 1043 598 1109; x_wconf 87' lang='lat' dir='ltr'><strong>sequentem</strong></span> <span class='ocrx_word' id='word_1_93' title='bbox 617 1037 798 1094; x_wconf 86' lang='lat' dir='ltr'><strong>adiectionem</strong></span> <span class='ocrx_word' id='word_1_94' title='bbox 816 1039 940 1109; x_wconf 86' lang='lat' dir='ltr'><strong>percepti</strong></span> <span class='ocrx_word' id='word_1_95' title='bbox 957 1037 1082 1111; x_wconf 83' lang='lat' dir='ltr'><strong>fuissent,</strong></span> <span class='ocrx_word' id='word_1_96' title='bbox 1101 1040 1136 1096; x_wconf 87' lang='lat' dir='ltr'><strong>od</strong></span> <span class='ocrx_word' id='word_1_97' title='bbox 1150 1040 1321 1096; x_wconf 89' lang='lat' dir='ltr'><strong>uenditorem</strong></span> <span class='ocrx_word' id='word_1_98' title='bbox 1334 1040 1498 1111; x_wconf 80' lang='lat' dir='ltr'><strong>pertinerent</strong></span> 
     </span>
     <span class='ocr_line' id='line_1_10' title="bbox 62 1124 1498 1199; baseline 0 -13"><span class='ocrx_word' id='word_1_99' title='bbox 62 1129 148 1195; x_wconf 73' lang='lat' dir='ltr'><strong>(deut</strong></span> <span class='ocrx_word' id='word_1_100' title='bbox 169 1130 239 1186; x_wconf 89' lang='lat' dir='ltr'><strong>solet</strong></span> <span class='ocrx_word' id='word_1_101' title='bbox 260 1130 328 1199; x_wconf 88' lang='lat' dir='ltr'><strong>diui,</strong></span> <span class='ocrx_word' id='word_1_102' title='bbox 352 1144 413 1184; x_wconf 90' lang='lat' dir='ltr'><strong>cum</strong></span> <span class='ocrx_word' id='word_1_103' title='bbox 436 1129 465 1184; x_wconf 93' lang='lat' dir='ltr'><strong>in</strong></span> <span class='ocrx_word' id='word_1_104' title='bbox 488 1127 561 1184; x_wconf 92' lang='lat' dir='ltr'><strong>diem</strong></span> <span class='ocrx_word' id='word_1_105' title='bbox 586 1127 706 1184; x_wconf 89' lang='lat' dir='ltr'><strong>addictio</strong></span> <span class='ocrx_word' id='word_1_106' title='bbox 728 1124 802 1182; x_wconf 78' lang='lat' dir='ltr'><strong>lacta</strong></span> <span class='ocrx_word' id='word_1_107' title='bbox 819 1132 877 1198; x_wconf 86' lang='lat' dir='ltr'><strong>est,</strong></span> <span class='ocrx_word' id='word_1_108' title='bbox 900 1127 1000 1184; x_wconf 90' lang='lat' dir='ltr'><strong>deiude</strong></span> <span class='ocrx_word' id='word_1_109' title='bbox 1018 1129 1114 1184; x_wconf 90' lang='lat' dir='ltr'><strong>melior</strong></span> <span class='ocrx_word' id='word_1_110' title='bbox 1131 1129 1256 1186; x_wconf 89' lang='lat' dir='ltr'><strong>condicio</strong></span> <span class='ocrx_word' id='word_1_111' title='bbox 1274 1130 1356 1185; x_wconf 87' lang='lat' dir='ltr'><strong>allata</strong></span> <span class='ocrx_word' id='word_1_112' title='bbox 1373 1135 1426 1195; x_wconf 85' lang='lat' dir='ltr'><strong>est)</strong></span> <span class='ocrx_word' id='word_1_113' title='bbox 1444 1145 1498 1186; x_wconf 88' lang='lat' dir='ltr'><strong>nee</strong></span> 
     </span>
     <span class='ocr_line' id='line_1_11' title="bbox 62 1215 1545 1296; baseline -0.003 -21"><span class='ocrx_word' id='word_1_114' title='bbox 62 1219 168 1276; x_wconf 89' lang='lat' dir='ltr'><strong>moueri</strong></span> <span class='ocrx_word' id='word_1_115' title='bbox 185 1218 356 1296; x_wconf 70' lang='lat' dir='ltr'><strong>debemusp,</strong></span> <span class='ocrx_word' id='word_1_116' title='bbox 375 1217 448 1288; x_wconf 87' lang='lat' dir='ltr'><strong>quod</strong></span> <span class='ocrx_word' id='word_1_117' title='bbox 466 1217 539 1274; x_wconf 92' lang='lat' dir='ltr'><strong>idem</strong></span> <span class='ocrx_word' id='word_1_118' title='bbox 557 1215 663 1286; x_wconf 84' lang='lat' dir='ltr'><strong>luisset,</strong></span> <span class='ocrx_word' id='word_1_119' title='bbox 682 1216 727 1270; x_wconf 89' lang='lat' dir='ltr'><strong>oui</strong></span> <span class='ocrx_word' id='word_1_120' title='bbox 745 1220 773 1272; x_wconf 91' lang='lat' dir='ltr'><strong>ot</strong></span> <span class='ocrx_word' id='word_1_121' title='bbox 789 1217 877 1286; x_wconf 89' lang='lat' dir='ltr'><strong>primo</strong></span> <span class='ocrx_word' id='word_1_122' title='bbox 895 1215 1006 1272; x_wconf 89' lang='lat' dir='ltr'><strong>addicta</strong></span> <span class='ocrx_word' id='word_1_123' title='bbox 1017 1216 1259 1289; x_wconf 85' lang='lat' dir='ltr'><strong>fuerautpraedia.</strong></span> <span class='ocrx_word' id='word_1_124' title='bbox 1287 1219 1336 1274; x_wconf 88' lang='lat' dir='ltr'><strong>sed</strong></span> <span class='ocrx_word' id='word_1_125' title='bbox 1348 1235 1410 1274; x_wconf 89' lang='lat' dir='ltr'><strong>cum</strong></span> <span class='ocrx_word' id='word_1_126' title='bbox 1424 1223 1496 1274; x_wconf 87' lang='lat' dir='ltr'><strong>utra·</strong></span> <span class='ocrx_word' id='word_1_127' title='bbox 1516 1230 1545 1270; x_wconf 86' lang='grc' dir='ltr'><strong>ιι</strong></span> 
     </span>
     <span class='ocr_line' id='line_1_12' title="bbox 62 1301 1498 1380; baseline 0.001 -16"><span class='ocrx_word' id='word_1_128' title='bbox 62 1323 117 1379; x_wconf 91' lang='lat' dir='ltr'><strong>que</strong></span> <span class='ocrx_word' id='word_1_129' title='bbox 136 1307 256 1364; x_wconf 84' lang='lat' dir='ltr'><strong>addictio</strong></span> <span class='ocrx_word' id='word_1_130' title='bbox 273 1308 347 1364; x_wconf 90' lang='lat' dir='ltr'><strong>intra</strong></span> <span class='ocrx_word' id='word_1_131' title='bbox 364 1312 473 1378; x_wconf 88' lang='lat' dir='ltr'><strong>tempus</strong></span> <span class='ocrx_word' id='word_1_132' title='bbox 491 1305 690 1364; x_wconf 86' lang='lat' dir='ltr'><strong>uindemiarum</strong></span> <span class='ocrx_word' id='word_1_133' title='bbox 708 1303 783 1360; x_wconf 83' lang='lat' dir='ltr'><strong>lacta</strong></span> <span class='ocrx_word' id='word_1_134' title='bbox 800 1301 906 1376; x_wconf 76' lang='lat' dir='ltr'><strong>luisset</strong></span> <span class='ocrx_word' id='word_1_135' title='bbox 925 1321 1063 1362; x_wconf 90' lang='lat' dir='ltr'><strong>recessum</strong></span> <span class='ocrx_word' id='word_1_136' title='bbox 1083 1312 1127 1364; x_wconf 91' lang='lat' dir='ltr'><strong>est</strong></span> <span class='ocrx_word' id='word_1_137' title='bbox 1144 1307 1179 1364; x_wconf 91' lang='lat' dir='ltr'><strong>ah</strong></span> <span class='ocrx_word' id='word_1_138' title='bbox 1197 1307 1250 1364; x_wconf 89' lang='lat' dir='ltr'><strong>hoc</strong></span> <span class='ocrx_word' id='word_1_139' title='bbox 1266 1313 1386 1364; x_wconf 86' lang='lat' dir='ltr'><strong>tractatu</strong></span> <span class='ocrx_word' id='word_1_140' title='bbox 1403 1309 1498 1380; x_wconf 80' lang='lat' dir='ltr'><strong>itaquo</strong></span> 
     </span>
     <span class='ocr_line' id='line_1_13' title="bbox 61 1394 1498 1470; baseline 0 -16"><span class='ocrx_word' id='word_1_141' title='bbox 61 1397 192 1470; x_wconf 79' lang='lat' dir='ltr'><strong>placebat</strong></span> <span class='ocrx_word' id='word_1_142' title='bbox 208 1395 314 1454; x_wconf 82' lang='lat' dir='ltr'><strong>fructus</strong></span> <span class='ocrx_word' id='word_1_143' title='bbox 332 1397 463 1468; x_wconf 89' lang='lat' dir='ltr'><strong>emptoris</strong></span> <span class='ocrx_word' id='word_1_144' title='bbox 480 1411 550 1452; x_wconf 89' lang='lat' dir='ltr'><strong>esse.</strong></span> <span class='ocrx_word' id='word_1_145' title='bbox 579 1395 745 1466; x_wconf 87' lang='lat' dir='ltr'><strong>Papinianus</strong></span> <span class='ocrx_word' id='word_1_146' title='bbox 763 1399 792 1450; x_wconf 91' lang='lat' dir='ltr'><strong>et</strong></span> <span class='ocrx_word' id='word_1_147' title='bbox 808 1394 926 1450; x_wconf 88' lang='lat' dir='ltr'><strong>ldeseius</strong></span> <span class='ocrx_word' id='word_1_148' title='bbox 943 1411 1043 1452; x_wconf 89' lang='lat' dir='ltr'><strong>nouam</strong></span> <span class='ocrx_word' id='word_1_149' title='bbox 1062 1397 1226 1452; x_wconf 86' lang='lat' dir='ltr'><strong>sententiam</strong></span> <span class='ocrx_word' id='word_1_150' title='bbox 1240 1397 1414 1468; x_wconf 85' lang='lat' dir='ltr'><strong>induxerunt,</strong></span> <span class='ocrx_word' id='word_1_151' title='bbox 1433 1397 1498 1468; x_wconf 88' lang='lat' dir='ltr'><strong>quis</strong></span> 
     </span>
     <span class='ocr_line' id='line_1_14' title="bbox 63 1481 1497 1557; baseline -0.001 -13"><span class='ocrx_word' id='word_1_152' title='bbox 63 1485 115 1544; x_wconf 91' lang='lat' dir='ltr'><strong>sub</strong></span> <span class='ocrx_word' id='word_1_153' title='bbox 134 1487 230 1542; x_wconf 87' lang='lat' dir='ltr'><strong>colono</strong></span> <span class='ocrx_word' id='word_1_154' title='bbox 248 1491 328 1552; x_wconf 83' lang='lat' dir='ltr'><strong>erant</strong></span> <span class='ocrx_word' id='word_1_155' title='bbox 344 1485 471 1556; x_wconf 63' lang='lat' dir='ltr'><strong>praedia,⁴</strong></span> <span class='ocrx_word' id='word_1_156' title='bbox 487 1485 610 1554; x_wconf 88' lang='lat' dir='ltr'><strong>iniquum</strong></span> <span class='ocrx_word' id='word_1_157' title='bbox 629 1497 691 1539; x_wconf 90' lang='lat' dir='ltr'><strong>esse</strong></span> <span class='ocrx_word' id='word_1_158' title='bbox 709 1481 816 1540; x_wconf 85' lang='lat' dir='ltr'><strong>fruetus</strong></span> <span class='ocrx_word' id='word_1_159' title='bbox 834 1485 859 1539; x_wconf 91' lang='lat' dir='ltr'><strong>ei</strong></span> <span class='ocrx_word' id='word_1_160' title='bbox 877 1483 977 1541; x_wconf 79' lang='lat' dir='ltr'><strong>auferri</strong></span> <span class='ocrx_word' id='word_1_161' title='bbox 995 1485 1153 1542; x_wconf 88' lang='lat' dir='ltr'><strong>uniuersos:</strong></span> <span class='ocrx_word' id='word_1_162' title='bbox 1174 1485 1224 1542; x_wconf 90' lang='lat' dir='ltr'><strong>sed</strong></span> <span class='ocrx_word' id='word_1_163' title='bbox 1242 1487 1368 1542; x_wconf 89' lang='lat' dir='ltr'><strong>uolonum</strong></span> <span class='ocrx_word' id='word_1_164' title='bbox 1385 1487 1497 1557; x_wconf 87' lang='lat' dir='ltr'><strong>quidem</strong></span> 
     </span>
     <span class='ocr_line' id='line_1_15' title="bbox 61 1573 1497 1648; baseline 0 -16"><span class='ocrx_word' id='word_1_165' title='bbox 61 1575 204 1648; x_wconf 88' lang='lat' dir='ltr'><strong>percipere</strong></span> <span class='ocrx_word' id='word_1_166' title='bbox 225 1590 274 1632; x_wconf 89' lang='lat' dir='ltr'><strong>sos</strong></span> <span class='ocrx_word' id='word_1_167' title='bbox 297 1575 412 1645; x_wconf 87' lang='lat' dir='ltr'><strong>debere,</strong></span> <span class='ocrx_word' id='word_1_168' title='bbox 436 1579 586 1644; x_wconf 87' lang='lat' dir='ltr'><strong>emptorem</strong></span> <span class='ocrx_word' id='word_1_169' title='bbox 611 1587 678 1630; x_wconf 90' lang='lat' dir='ltr'><strong>uero</strong></span> <span class='ocrx_word' id='word_1_170' title='bbox 694 1574 854 1642; x_wconf 89' lang='lat' dir='ltr'><strong>pensionem</strong></span> <span class='ocrx_word' id='word_1_171' title='bbox 872 1573 932 1630; x_wconf 89' lang='lat' dir='ltr'><strong>eius</strong></span> <span class='ocrx_word' id='word_1_172' title='bbox 950 1575 1014 1630; x_wconf 86' lang='lat' dir='ltr'><strong>anui</strong></span> <span class='ocrx_word' id='word_1_173' title='bbox 1032 1579 1222 1646; x_wconf 87' lang='lat' dir='ltr'><strong>accepturum,</strong></span> <span class='ocrx_word' id='word_1_174' title='bbox 1247 1591 1282 1631; x_wconf 91' lang='lat' dir='ltr'><strong>ue</strong></span> <span class='ocrx_word' id='word_1_175' title='bbox 1300 1574 1383 1632; x_wconf 89' lang='lat' dir='ltr'><strong>fiscus</strong></span> <span class='ocrx_word' id='word_1_176' title='bbox 1400 1575 1497 1632; x_wconf 90' lang='lat' dir='ltr'><strong>colono</strong></span> 
     </span>
     <span class='ocr_line' id='line_1_16' title="bbox 62 1661 1545 1736; baseline -0.001 -14"><span class='ocrx_word' id='word_1_177' title='bbox 62 1669 211 1734; x_wconf 69' lang='lat' dir='ltr'><strong>tenentur,</strong></span> <span class='ocrx_word' id='word_1_178' title='bbox 230 1664 303 1736; x_wconf 91' lang='lat' dir='ltr'><strong>quod</strong></span> <span class='ocrx_word' id='word_1_179' title='bbox 322 1665 348 1721; x_wconf 92' lang='lat' dir='ltr'><strong>ei</strong></span> <span class='ocrx_word' id='word_1_180' title='bbox 366 1663 419 1720; x_wconf 90' lang='lat' dir='ltr'><strong>lrni</strong></span> <span class='ocrx_word' id='word_1_181' title='bbox 437 1679 492 1720; x_wconf 88' lang='lat' dir='ltr'><strong>nou</strong></span> <span class='ocrx_word' id='word_1_182' title='bbox 509 1662 644 1718; x_wconf 87' lang='lat' dir='ltr'><strong>licuisset:</strong></span> <span class='ocrx_word' id='word_1_183' title='bbox 663 1667 746 1732; x_wconf 89' lang='lat' dir='ltr'><strong>atquc</strong></span> <span class='ocrx_word' id='word_1_184' title='bbox 764 1663 788 1718; x_wconf 87' lang='lat' dir='ltr'><strong>si</strong></span> <span class='ocrx_word' id='word_1_185' title='bbox 806 1661 859 1718; x_wconf 92' lang='lat' dir='ltr'><strong>hoo</strong></span> <span class='ocrx_word' id='word_1_186' title='bbox 876 1663 966 1733; x_wconf 90' lang='lat' dir='ltr'><strong>ipsum</strong></span> <span class='ocrx_word' id='word_1_187' title='bbox 985 1663 1014 1720; x_wconf 93' lang='lat' dir='ltr'><strong>iu</strong></span> <span class='ocrx_word' id='word_1_188' title='bbox 1031 1663 1147 1720; x_wconf 91' lang='lat' dir='ltr'><strong>emendo</strong></span> <span class='ocrx_word' id='word_1_189' title='bbox 1166 1665 1348 1721; x_wconf 87' lang='lat' dir='ltr'><strong>conuenisset</strong></span> <span class='ocrx_word' id='word_1_190' title='bbox 1378 1679 1496 1734; x_wconf 87' lang='lat' dir='ltr'><strong>pronun·</strong></span> <span class='ocrx_word' id='word_1_191' title='bbox 1516 1675 1545 1720; x_wconf 86' lang='grc' dir='ltr'><strong>ιι</strong></span> 
     </span>
     <span class='ocr_line' id='line_1_17' title="bbox 63 1750 1498 1824; baseline -0.001 -13"><span class='ocrx_word' id='word_1_192' title='bbox 63 1755 145 1811; x_wconf 78' lang='lat' dir='ltr'><strong>tinuit</strong></span> <span class='ocrx_word' id='word_1_193' title='bbox 168 1759 260 1810; x_wconf 67' lang='lat' dir='ltr'><strong>umen</strong></span> <span class='ocrx_word' id='word_1_194' title='bbox 283 1753 433 1810; x_wconf 71' lang='lat' dir='ltr'><strong>meandum</strong></span> <span class='ocrx_word' id='word_1_195' title='bbox 456 1753 562 1808; x_wconf 88' lang='lat' dir='ltr'><strong>illorum</strong></span> <span class='ocrx_word' id='word_1_196' title='bbox 585 1751 756 1822; x_wconf 87' lang='lat' dir='ltr'><strong>opinionem,</strong></span> <span class='ocrx_word' id='word_1_197' title='bbox 780 1750 872 1820; x_wconf 83' lang='lat' dir='ltr'><strong>quod⁴</strong></span> <span class='ocrx_word' id='word_1_198' title='bbox 895 1751 1005 1821; x_wconf 89' lang='lat' dir='ltr'><strong>quidem</strong></span> <span class='ocrx_word' id='word_1_199' title='bbox 1030 1751 1141 1808; x_wconf 90' lang='lat' dir='ltr'><strong>domino</strong></span> <span class='ocrx_word' id='word_1_200' title='bbox 1165 1754 1330 1824; x_wconf 90' lang='lat' dir='ltr'><strong>colerentur,</strong></span> <span class='ocrx_word' id='word_1_201' title='bbox 1355 1755 1498 1812; x_wconf 88' lang='lat' dir='ltr'><strong>uniuersos</strong></span> 
     </span>
     <span class='ocr_line' id='line_1_18' title="bbox 63 1840 1498 1915; baseline 0.001 -16"><span class='ocrx_word' id='word_1_202' title='bbox 63 1842 169 1900; x_wconf 90' lang='lat' dir='ltr'><strong>lruotus</strong></span> <span class='ocrx_word' id='word_1_203' title='bbox 187 1841 301 1898; x_wconf 89' lang='lat' dir='ltr'><strong>habere:</strong></span> <span class='ocrx_word' id='word_1_204' title='bbox 319 1843 343 1898; x_wconf 91' lang='lat' dir='ltr'><strong>si</strong></span> <span class='ocrx_word' id='word_1_205' title='bbox 362 1857 427 1898; x_wconf 89' lang='lat' dir='ltr'><strong>uero</strong></span> <span class='ocrx_word' id='word_1_206' title='bbox 446 1840 497 1898; x_wconf 87' lang='lat' dir='ltr'><strong>sub</strong></span> <span class='ocrx_word' id='word_1_207' title='bbox 516 1841 621 1910; x_wconf 90' lang='lat' dir='ltr'><strong>colono,</strong></span> <span class='ocrx_word' id='word_1_208' title='bbox 639 1840 798 1910; x_wconf 83' lang='lat' dir='ltr'><strong>pensionem</strong></span> <span class='ocrx_word' id='word_1_209' title='bbox 817 1840 950 1909; x_wconf 89' lang='lat' dir='ltr'><strong>accipere.</strong></span> <span class='ocrx_word' id='word_1_210' title='bbox 977 1840 1155 1911; x_wconf 87' lang='lat' dir='ltr'><strong>Tryphouiuo</strong></span> <span class='ocrx_word' id='word_1_211' title='bbox 1173 1847 1348 1913; x_wconf 76' lang='lat' dir='ltr'><strong>suggerente,</strong></span> <span class='ocrx_word' id='word_1_212' title='bbox 1367 1843 1434 1915; x_wconf 89' lang='lat' dir='ltr'><strong>quid</strong></span> <span class='ocrx_word' id='word_1_213' title='bbox 1447 1859 1498 1914; x_wconf 93' lang='lat' dir='ltr'><strong>pn·</strong></span> 
     </span>
     <span class='ocr_line' id='line_1_19' title="bbox 63 1927 1498 2003; baseline 0 -13"><span class='ocrx_word' id='word_1_214' title='bbox 63 1939 136 1990; x_wconf 88' lang='lat' dir='ltr'><strong>taret</strong></span> <span class='ocrx_word' id='word_1_215' title='bbox 153 1933 188 1990; x_wconf 88' lang='lat' dir='ltr'><strong>dc</strong></span> <span class='ocrx_word' id='word_1_216' title='bbox 207 1933 291 1988; x_wconf 89' lang='lat' dir='ltr'><strong>aridis</strong></span> <span class='ocrx_word' id='word_1_217' title='bbox 308 1931 456 2002; x_wconf 84' lang='lat' dir='ltr'><strong>fructibus,</strong></span> <span class='ocrx_word' id='word_1_218' title='bbox 475 1931 523 2000; x_wconf 87' lang='lat' dir='ltr'><strong>qui</strong></span> <span class='ocrx_word' id='word_1_219' title='bbox 540 1934 605 1986; x_wconf 88' lang='lat' dir='ltr'><strong>ante</strong></span> <span class='ocrx_word' id='word_1_220' title='bbox 622 1929 746 2000; x_wconf 89' lang='lat' dir='ltr'><strong>percepti</strong></span> <span class='ocrx_word' id='word_1_221' title='bbox 763 1929 793 1986; x_wconf 91' lang='lat' dir='ltr'><strong>iu</strong></span> <span class='ocrx_word' id='word_1_222' title='bbox 809 1929 929 2000; x_wconf 90' lang='lat' dir='ltr'><strong>praediis</strong></span> <span class='ocrx_word' id='word_1_223' title='bbox 946 1927 1072 2001; x_wconf 76' lang='lat' dir='ltr'><strong>luissent,</strong></span> <span class='ocrx_word' id='word_1_224' title='bbox 1090 1931 1238 2003; x_wconf 89' lang='lat' dir='ltr'><strong>respoudit,</strong></span> <span class='ocrx_word' id='word_1_225' title='bbox 1257 1932 1421 1990; x_wconf 87' lang='lat' dir='ltr'><strong>sinendum</strong></span> <span class='ocrx_word' id='word_1_226' title='bbox 1438 1932 1498 1990; x_wconf 87' lang='lat' dir='ltr'><strong>dics</strong></span> 
     </span>
     <span class='ocr_line' id='line_1_20' title="bbox 62 2019 1221 2094; baseline -0.003 -14"><span class='ocrx_word' id='word_1_227' title='bbox 62 2021 204 2094; x_wconf 86' lang='lat' dir='ltr'><strong>pensionis</strong></span> <span class='ocrx_word' id='word_1_228' title='bbox 221 2021 352 2093; x_wconf 80' lang='lat' dir='ltr'><strong>uenimet,</strong></span> <span class='ocrx_word' id='word_1_229' title='bbox 371 2036 433 2077; x_wconf 89' lang='lat' dir='ltr'><strong>com</strong></span> <span class='ocrx_word' id='word_1_230' title='bbox 452 2019 563 2076; x_wconf 85' lang='lat' dir='ltr'><strong>addicta</strong></span> <span class='ocrx_word' id='word_1_231' title='bbox 580 2022 653 2089; x_wconf 91' lang='lat' dir='ltr'><strong>snut,</strong></span> <span class='ocrx_word' id='word_1_232' title='bbox 672 2033 720 2076; x_wconf 87' lang='lat' dir='ltr'><strong>eos</strong></span> <span class='ocrx_word' id='word_1_233' title='bbox 738 2033 848 2089; x_wconf 90' lang='lat' dir='ltr'><strong>quoque</strong></span> <span class='ocrx_word' id='word_1_234' title='bbox 866 2023 1016 2091; x_wconf 89' lang='lat' dir='ltr'><strong>emptorem</strong></span> <span class='ocrx_word' id='word_1_235' title='bbox 1034 2023 1221 2092; x_wconf 87' lang='lat' dir='ltr'><strong>accepturum.</strong></span> 
     </span>
    </p>
   </div>
   <div class='ocr_carea' id='block_1_3' title="bbox 737 2216 1545 2301">
    <p class='ocr_par' dir='ltr' id='par_1_4' title="bbox 737 2216 1545 2301">
     <span class='ocr_line' id='line_1_21' title="bbox 737 2216 1545 2301; baseline -0.001 -1"><span class='ocrx_word' id='word_1_236' title='bbox 737 2216 823 2301; x_wconf 87' lang='lat' dir='ltr'><strong>XV.</strong></span> <span class='ocrx_word' id='word_1_237' title='bbox 1515 2237 1545 2278; x_wconf 82' lang='lat'><strong>¹⁰</strong></span> 
     </span>
    </p>
   </div>
   <div class='ocr_carea' id='block_1_4' title="bbox 61 2351 1744 2558">
    <p class='ocr_par' dir='ltr' id='par_1_5' title="bbox 61 2351 1744 2558">
     <span class='ocr_line' id='line_1_22' title="bbox 61 2351 1744 2438; baseline -0.005 0"><span class='ocrx_word' id='word_1_238' title='bbox 61 2359 99 2438; x_wconf 80' lang='lat' dir='ltr'><strong>R</strong></span> <span class='ocrx_word' id='word_1_239' title='bbox 146 2356 211 2436; x_wconf 86' lang='lat' dir='ltr'><strong>DE</strong></span> <span class='ocrx_word' id='word_1_240' title='bbox 250 2353 464 2436; x_wconf 74' lang='lat' dir='ltr'><strong>chrunus</strong></span> <span class='ocrx_word' id='word_1_241' title='bbox 504 2353 566 2432; x_wconf 88' lang='lat' dir='ltr'><strong>ET</strong></span> <span class='ocrx_word' id='word_1_242' title='bbox 604 2351 668 2431; x_wconf 89' lang='lat' dir='ltr'><strong>DE</strong></span> <span class='ocrx_word' id='word_1_243' title='bbox 702 2351 1000 2434; x_wconf 84' lang='lat' dir='ltr'><strong>POSTLIMINIO</strong></span> <span class='ocrx_word' id='word_1_244' title='bbox 1035 2351 1098 2432; x_wconf 90' lang='lat' dir='ltr'><strong>ET</strong></span> <span class='ocrx_word' id='word_1_245' title='bbox 1132 2351 1399 2433; x_wconf 85' lang='lat' dir='ltr'><strong>REDEMPTIS</strong></span> <span class='ocrx_word' id='word_1_246' title='bbox 1432 2355 1496 2434; x_wconf 75' lang='grc' dir='ltr'><strong>ΑΒ</strong></span> <span class='ocrx_word' id='word_1_247' title='bbox 1514 2371 1615 2430; x_wconf 68' lang='lat' dir='ltr'><strong>uass</strong></span> <span class='ocrx_word' id='word_1_248' title='bbox 1743 2391 1744 2398; x_wconf 17' lang='grc' dir='ltr'><strong>ι</strong></span> 
     </span>
     <span class='ocr_line' id='line_1_23' title="bbox 624 2477 939 2558; baseline 0.006 -2"><span class='ocrx_word' id='word_1_249' title='bbox 624 2477 858 2558; x_wconf 87' lang='lat' dir='ltr'>HOSTIBUS</span> <span class='ocrx_word' id='word_1_250' title='bbox 901 2481 939 2558; x_wconf 75' lang='lat' dir='ltr'>R</span> 
     </span>
    </p>
   </div>
   <div class='ocr_carea' id='block_1_5' title="bbox 27 2639 1617 3702">
    <p class='ocr_par' dir='ltr' id='par_1_6' title="bbox 27 2639 1544 2990">
     <span class='ocr_line' id='line_1_24' title="bbox 27 2639 1542 2730; baseline -0.007 -20"><span class='ocrx_word' id='word_1_251' title='bbox 27 2651 45 2710; x_wconf 93' lang='lat'>1</span> <span class='ocrx_word' id='word_1_252' title='bbox 115 2649 297 2707; x_wconf 72' lang='lat' dir='ltr'><strong>Maroneum</strong></span> <span class='ocrx_word' id='word_1_253' title='bbox 319 2646 388 2704; x_wconf 92' lang='lat' dir='ltr'><strong>libro</strong></span> <span class='ocrx_word' id='word_1_254' title='bbox 406 2645 557 2702; x_wconf 89' lang='lat' dir='ltr'><strong>uicensimo</strong></span> <span class='ocrx_word' id='word_1_255' title='bbox 574 2643 697 2702; x_wconf 89' lang='lat' dir='ltr'><strong>secundo</strong></span> <span class='ocrx_word' id='word_1_256' title='bbox 715 2645 894 2715; x_wconf 77' lang='lat' dir='ltr'><strong>digestorum.</strong></span> <span class='ocrx_word' id='word_1_257' title='bbox 930 2643 1010 2712; x_wconf 78' lang='lat' dir='ltr'><strong>Quod</strong></span> <span class='ocrx_word' id='word_1_258' title='bbox 1027 2660 1124 2701; x_wconf 87' lang='lat' dir='ltr'><strong>seruus</strong></span> <span class='ocrx_word' id='word_1_259' title='bbox 1142 2643 1214 2716; x_wconf 89' lang='lat' dir='ltr'><strong>eius,</strong></span> <span class='ocrx_word' id='word_1_260' title='bbox 1238 2645 1285 2717; x_wconf 89' lang='lat' dir='ltr'><strong>qui</strong></span> <span class='ocrx_word' id='word_1_261' title='bbox 1303 2643 1339 2701; x_wconf 91' lang='lat' dir='ltr'><strong>ab</strong></span> <span class='ocrx_word' id='word_1_262' title='bbox 1356 2639 1496 2730; x_wconf 56' lang='lat' dir='ltr'><strong>[Q</strong></span> <span class='ocrx_word' id='word_1_263' title='bbox 1512 2655 1542 2714; x_wconf 70' lang='grc' dir='ltr'><em>Ε</em></span> 
     </span>
     <span class='ocr_line' id='line_1_25' title="bbox 62 2735 1497 2808; baseline -0.003 -11"><span class='ocrx_word' id='word_1_264' title='bbox 62 2737 190 2798; x_wconf 86' lang='lat' dir='ltr'><strong>hostibus</strong></span> <span class='ocrx_word' id='word_1_265' title='bbox 207 2741 305 2808; x_wconf 88' lang='lat' dir='ltr'><strong>captus</strong></span> <span class='ocrx_word' id='word_1_266' title='bbox 323 2741 379 2807; x_wconf 90' lang='lat' dir='ltr'><strong>est,</strong></span> <span class='ocrx_word' id='word_1_267' title='bbox 401 2739 499 2807; x_wconf 90' lang='lat' dir='ltr'><strong>postea</strong></span> <span class='ocrx_word' id='word_1_268' title='bbox 516 2735 663 2804; x_wconf 90' lang='lat' dir='ltr'><strong>stipulatus</strong></span> <span class='ocrx_word' id='word_1_269' title='bbox 681 2740 739 2806; x_wconf 90' lang='lat' dir='ltr'><strong>est,</strong></span> <span class='ocrx_word' id='word_1_270' title='bbox 762 2740 811 2792; x_wconf 89' lang='lat' dir='ltr'><strong>sut</strong></span> <span class='ocrx_word' id='word_1_271' title='bbox 828 2735 851 2790; x_wconf 87' lang='lat' dir='ltr'><strong>ai</strong></span> <span class='ocrx_word' id='word_1_272' title='bbox 869 2735 991 2806; x_wconf 82' lang='lat' dir='ltr'><strong>legatum</strong></span> <span class='ocrx_word' id='word_1_273' title='bbox 1009 2735 1046 2790; x_wconf 89' lang='lat' dir='ltr'><strong>sit</strong></span> <span class='ocrx_word' id='word_1_274' title='bbox 1063 2749 1144 2790; x_wconf 91' lang='lat' dir='ltr'><strong>seruo</strong></span> <span class='ocrx_word' id='word_1_275' title='bbox 1162 2735 1236 2806; x_wconf 90' lang='lat' dir='ltr'><strong>eius,</strong></span> <span class='ocrx_word' id='word_1_276' title='bbox 1253 2739 1434 2805; x_wconf 84' lang='lat' dir='ltr'><strong>posteaquam</strong></span> <span class='ocrx_word' id='word_1_277' title='bbox 1451 2735 1497 2792; x_wconf 89' lang='lat' dir='ltr'><strong>ille</strong></span> 
     </span>
     <span class='ocr_line' id='line_1_26' title="bbox 62 2823 1544 2899; baseline -0.002 -14"><span class='ocrx_word' id='word_1_278' title='bbox 62 2829 99 2886; x_wconf 82' lang='lat' dir='ltr'><strong>ad</strong></span> <span class='ocrx_word' id='word_1_279' title='bbox 116 2828 211 2884; x_wconf 86' lang='lat' dir='ltr'><strong>hostes</strong></span> <span class='ocrx_word' id='word_1_280' title='bbox 229 2827 362 2899; x_wconf 85' lang='lat' dir='ltr'><strong>peruenit,</strong></span> <span class='ocrx_word' id='word_1_281' title='bbox 380 2824 433 2882; x_wconf 87' lang='lat' dir='ltr'><strong>hoe</strong></span> <span class='ocrx_word' id='word_1_282' title='bbox 450 2823 591 2880; x_wconf 87' lang='lat' dir='ltr'><strong>habebunt</strong></span> <span class='ocrx_word' id='word_1_283' title='bbox 608 2823 723 2881; x_wconf 88' lang='lat' dir='ltr'><strong>heredes</strong></span> <span class='ocrx_word' id='word_1_284' title='bbox 741 2825 809 2895; x_wconf 88' lang='lat' dir='ltr'><strong>eius,</strong></span> <span class='ocrx_word' id='word_1_285' title='bbox 828 2825 894 2896; x_wconf 88' lang='lat' dir='ltr'><strong>quia</strong></span> <span class='ocrx_word' id='word_1_286' title='bbox 911 2829 940 2880; x_wconf 91' lang='lat' dir='ltr'><strong>et</strong></span> <span class='ocrx_word' id='word_1_287' title='bbox 956 2824 980 2880; x_wconf 91' lang='lat' dir='ltr'><strong>si</strong></span> <span class='ocrx_word' id='word_1_288' title='bbox 998 2824 1168 2896; x_wconf 89' lang='lat' dir='ltr'><strong>captiuitatis</strong></span> <span class='ocrx_word' id='word_1_289' title='bbox 1185 2828 1309 2895; x_wconf 88' lang='lat' dir='ltr'><strong>tempore</strong></span> <span class='ocrx_word' id='word_1_290' title='bbox 1323 2824 1496 2896; x_wconf 78' lang='lat' dir='ltr'><strong>decessisset,</strong></span> <span class='ocrx_word' id='word_1_291' title='bbox 1514 2839 1544 2882; x_wconf 88' lang='grc' dir='ltr'><strong>ιι</strong></span> 
     </span>
     <span class='ocr_line' id='line_1_27' title="bbox 62 2914 438 2990; baseline -0.013 -16"><span class='ocrx_word' id='word_1_292' title='bbox 62 2919 230 2990; x_wconf 85' lang='lat' dir='ltr'><strong>adquisitum</strong></span> <span class='ocrx_word' id='word_1_293' title='bbox 248 2915 320 2974; x_wconf 78' lang='lat' dir='ltr'><strong>foret</strong></span> <span class='ocrx_word' id='word_1_294' title='bbox 336 2914 438 2970; x_wconf 88' lang='lat' dir='ltr'><strong>heredi.</strong></span> 
     </span>
    </p>

    <p class='ocr_par' dir='ltr' id='par_1_7' title="bbox 27 3000 1543 3167">
     <span class='ocr_line' id='line_1_28' title="bbox 27 3000 1543 3074; baseline -0.005 -8"><span class='ocrx_word' id='word_1_295' title='bbox 27 3007 45 3067; x_wconf 73' lang='lat' dir='ltr'><strong>i</strong></span> <span class='ocrx_word' id='word_1_296' title='bbox 115 3007 194 3063; x_wconf 81' lang='lat' dir='ltr'><strong>Iunas</strong></span> <span class='ocrx_word' id='word_1_297' title='bbox 218 3004 286 3061; x_wconf 90' lang='lat' dir='ltr'><strong>libro</strong></span> <span class='ocrx_word' id='word_1_298' title='bbox 306 3004 466 3074; x_wconf 81' lang='lat' dir='ltr'><strong>trigoosimo</strong></span> <span class='ocrx_word' id='word_1_299' title='bbox 484 3005 574 3059; x_wconf 69' lang='lat' dir='ltr'><strong>nouo*</strong></span> <span class='ocrx_word' id='word_1_300' title='bbox 592 3002 771 3074; x_wconf 80' lang='lat' dir='ltr'><strong>digestorum.</strong></span> <span class='ocrx_word' id='word_1_301' title='bbox 807 3000 931 3058; x_wconf 81' lang='lat' dir='ltr'><strong>Nauibus</strong></span> <span class='ocrx_word' id='word_1_302' title='bbox 948 3001 1038 3072; x_wconf 81' lang='lat' dir='ltr'><strong>longis</strong></span> <span class='ocrx_word' id='word_1_303' title='bbox 1056 3007 1139 3073; x_wconf 89' lang='lat' dir='ltr'><strong>atque</strong></span> <span class='ocrx_word' id='word_1_304' title='bbox 1157 3003 1288 3059; x_wconf 88' lang='lat' dir='ltr'><strong>onerariis</strong></span> <span class='ocrx_word' id='word_1_305' title='bbox 1305 3007 1417 3074; x_wconf 87' lang='lat' dir='ltr'><strong>propter</strong></span> <span class='ocrx_word' id='word_1_306' title='bbox 1433 3000 1498 3060; x_wconf 90' lang='lat' dir='ltr'><strong>belli</strong></span> <span class='ocrx_word' id='word_1_307' title='bbox 1515 3003 1543 3058; x_wconf 77' lang='grc' dir='ltr'><em>Ε</em></span> 
     </span>
     <span class='ocr_line' id='line_1_29' title="bbox 62 3092 1497 3167; baseline -0.003 -14"><span class='ocrx_word' id='word_1_308' title='bbox 62 3113 143 3153; x_wconf 87' lang='lat' dir='ltr'><strong>usum</strong></span> <span class='ocrx_word' id='word_1_309' title='bbox 167 3095 361 3167; x_wconf 90' lang='lat' dir='ltr'><strong>postliminium</strong></span> <span class='ocrx_word' id='word_1_310' title='bbox 380 3099 437 3163; x_wconf 85' lang='lat' dir='ltr'><strong>est,</strong></span> <span class='ocrx_word' id='word_1_311' title='bbox 460 3108 516 3148; x_wconf 92' lang='lat' dir='ltr'><strong>non</strong></span> <span class='ocrx_word' id='word_1_312' title='bbox 533 3092 687 3162; x_wconf 88' lang='lat' dir='ltr'><strong>piscatoriis</strong></span> <span class='ocrx_word' id='word_1_313' title='bbox 705 3097 754 3148; x_wconf 90' lang='lat' dir='ltr'><strong>aut</strong></span> <span class='ocrx_word' id='word_1_314' title='bbox 771 3092 795 3148; x_wconf 88' lang='lat' dir='ltr'><strong>si</strong></span> <span class='ocrx_word' id='word_1_315' title='bbox 813 3107 882 3162; x_wconf 90' lang='lat' dir='ltr'><strong>quas</strong></span> <span class='ocrx_word' id='word_1_316' title='bbox 900 3093 1037 3148; x_wconf 88' lang='lat' dir='ltr'><strong>actuarias</strong></span> <span class='ocrx_word' id='word_1_317' title='bbox 1054 3092 1204 3163; x_wconf 81' lang='lat' dir='ltr'><strong>uoluptatis</strong></span> <span class='ocrx_word' id='word_1_318' title='bbox 1221 3107 1305 3148; x_wconf 86' lang='lat' dir='ltr'><strong>causa</strong></span> <span class='ocrx_word' id='word_1_319' title='bbox 1322 3096 1497 3164; x_wconf 81' lang='lat' dir='ltr'><strong>parauerunt.</strong></span> 
     </span>
    </p>

    <p class='ocr_par' dir='ltr' id='par_1_8' title="bbox 32 3180 1496 3257">
     <span class='ocr_line' id='line_1_30' title="bbox 32 3180 1496 3257; baseline 0 -19"><span class='ocrx_word' id='word_1_320' title='bbox 32 3193 44 3238; x_wconf 88' lang='lat'>1</span> <span class='ocrx_word' id='word_1_321' title='bbox 62 3187 160 3257; x_wconf 79' lang='lat' dir='ltr'><strong>Equam</strong></span> <span class='ocrx_word' id='word_1_322' title='bbox 181 3185 247 3239; x_wconf 90' lang='lat' dir='ltr'><strong>item</strong></span> <span class='ocrx_word' id='word_1_323' title='bbox 264 3189 314 3240; x_wconf 89' lang='lat' dir='ltr'><strong>sut</strong></span> <span class='ocrx_word' id='word_1_324' title='bbox 331 3199 403 3254; x_wconf 88' lang='lat' dir='ltr'><strong>equs</strong></span> <span class='ocrx_word' id='word_1_325' title='bbox 420 3180 490 3238; x_wconf 87' lang='lat' dir='ltr'><strong>freni</strong></span> <span class='ocrx_word' id='word_1_326' title='bbox 507 3181 615 3252; x_wconf 88' lang='lat' dir='ltr'><strong>potiens</strong></span> <span class='ocrx_word' id='word_1_327' title='bbox 633 3182 762 3252; x_wconf 86' lang='lat' dir='ltr'><strong>recipitur</strong></span> <span class='ocrx_word' id='word_1_328' title='bbox 779 3181 959 3250; x_wconf 89' lang='lat' dir='ltr'><strong>postliminio:</strong></span> <span class='ocrx_word' id='word_1_329' title='bbox 982 3196 1046 3236; x_wconf 90' lang='lat' dir='ltr'><strong>uam</strong></span> <span class='ocrx_word' id='word_1_330' title='bbox 1065 3181 1125 3236; x_wconf 89' lang='lat' dir='ltr'><strong>siue</strong></span> <span class='ocrx_word' id='word_1_331' title='bbox 1142 3182 1224 3252; x_wconf 88' lang='lat' dir='ltr'><strong>culpa</strong></span> <span class='ocrx_word' id='word_1_332' title='bbox 1241 3181 1341 3252; x_wconf 86' lang='lat' dir='ltr'><strong>equitis</strong></span> <span class='ocrx_word' id='word_1_333' title='bbox 1358 3181 1496 3252; x_wconf 90' lang='lat' dir='ltr'><strong>proripere</strong></span> 
     </span>
    </p>

    <p class='ocr_par' dir='ltr' id='par_1_9' title="bbox 32 3268 1543 3436">
     <span class='ocr_line' id='line_1_31' title="bbox 32 3268 1543 3345; baseline -0.003 -15"><span class='ocrx_word' id='word_1_334' title='bbox 32 3283 94 3332; x_wconf 77' lang='lat' dir='ltr'><strong>asc</strong></span> <span class='ocrx_word' id='word_1_335' title='bbox 112 3279 269 3345; x_wconf 85' lang='lat' dir='ltr'><strong>potueruut</strong></span> <span class='ocrx_word' id='word_1_336' title='bbox 296 3273 358 3330; x_wconf 85' lang='lat' dir='ltr'><strong>Nou</strong></span> <span class='ocrx_word' id='word_1_337' title='bbox 374 3271 447 3328; x_wconf 89' lang='lat' dir='ltr'><strong>idem</strong></span> <span class='ocrx_word' id='word_1_338' title='bbox 466 3271 494 3326; x_wconf 91' lang='lat' dir='ltr'><strong>iu</strong></span> <span class='ocrx_word' id='word_1_339' title='bbox 512 3271 595 3326; x_wconf 89' lang='lat' dir='ltr'><strong>armis</strong></span> <span class='ocrx_word' id='word_1_340' title='bbox 613 3271 679 3326; x_wconf 88' lang='lat' dir='ltr'><strong>iuris</strong></span> <span class='ocrx_word' id='word_1_341' title='bbox 697 3273 748 3340; x_wconf 89' lang='lat' dir='ltr'><strong>est,</strong></span> <span class='ocrx_word' id='word_1_342' title='bbox 767 3270 869 3340; x_wconf 86' lang='lat' dir='ltr'><strong>quippe</strong></span> <span class='ocrx_word' id='word_1_343' title='bbox 887 3285 939 3326; x_wconf 90' lang='lat' dir='ltr'><strong>neo</strong></span> <span class='ocrx_word' id='word_1_344' title='bbox 956 3269 1014 3328; x_wconf 89' lang='lat' dir='ltr'><strong>sine</strong></span> <span class='ocrx_word' id='word_1_345' title='bbox 1026 3268 1131 3340; x_wconf 75' lang='lat' dir='ltr'><strong>flagitio</strong></span> <span class='ocrx_word' id='word_1_346' title='bbox 1143 3271 1318 3327; x_wconf 88' lang='lat' dir='ltr'><strong>amittuntur:</strong></span> <span class='ocrx_word' id='word_1_347' title='bbox 1336 3286 1412 3327; x_wconf 88' lang='lat' dir='ltr'><strong>arma</strong></span> <span class='ocrx_word' id='word_1_348' title='bbox 1423 3271 1495 3328; x_wconf 88' lang='lat' dir='ltr'><strong>enim</strong></span> <span class='ocrx_word' id='word_1_349' title='bbox 1514 3283 1543 3326; x_wconf 88' lang='lat' dir='ltr'><strong>so</strong></span> 
     </span>
     <span class='ocr_line' id='line_1_32' title="bbox 62 3359 912 3436; baseline -0.007 -17"><span class='ocrx_word' id='word_1_350' title='bbox 62 3363 231 3436; x_wconf 88' lang='lat' dir='ltr'><strong>postliminio</strong></span> <span class='ocrx_word' id='word_1_351' title='bbox 248 3363 350 3418; x_wconf 88' lang='lat' dir='ltr'><strong>reuerti</strong></span> <span class='ocrx_word' id='word_1_352' title='bbox 367 3365 492 3432; x_wconf 86' lang='lat' dir='ltr'><strong>negatur,</strong></span> <span class='ocrx_word' id='word_1_353' title='bbox 512 3359 587 3430; x_wconf 88' lang='lat' dir='ltr'><strong>quod</strong></span> <span class='ocrx_word' id='word_1_354' title='bbox 604 3360 720 3430; x_wconf 85' lang='lat' dir='ltr'><strong>turpiter</strong></span> <span class='ocrx_word' id='word_1_355' title='bbox 738 3359 912 3414; x_wconf 82' lang='lat' dir='ltr'><strong>amittantur:</strong></span> 
     </span>
    </p>

    <p class='ocr_par' dir='ltr' id='par_1_10' title="bbox 28 3447 1552 3522">
     <span class='ocr_line' id='line_1_33' title="bbox 28 3447 1552 3522; baseline -0.003 -13"><span class='ocrx_word' id='word_1_356' title='bbox 28 3449 46 3509; x_wconf 81' lang='lat'><strong>3</strong></span> <span class='ocrx_word' id='word_1_357' title='bbox 116 3453 288 3509; x_wconf 70' lang='lat' dir='ltr'><strong>Pomponius</strong></span> <span class='ocrx_word' id='word_1_358' title='bbox 305 3451 374 3508; x_wconf 89' lang='lat' dir='ltr'><strong>libro</strong></span> <span class='ocrx_word' id='word_1_359' title='bbox 392 3450 553 3520; x_wconf 76' lang='lat' dir='ltr'><strong>trigensimo</strong></span> <span class='ocrx_word' id='word_1_360' title='bbox 570 3449 687 3522; x_wconf 88' lang='lat' dir='ltr'><strong>septimo</strong></span> <span class='ocrx_word' id='word_1_361' title='bbox 705 3448 741 3504; x_wconf 90' lang='lat' dir='ltr'><strong>ad</strong></span> <span class='ocrx_word' id='word_1_362' title='bbox 759 3447 888 3514; x_wconf 82' lang='lat' dir='ltr'><strong>Quintum</strong></span> <span class='ocrx_word' id='word_1_363' title='bbox 906 3447 1035 3504; x_wconf 87' lang='lat' dir='ltr'><strong>lluoium.</strong></span> <span class='ocrx_word' id='word_1_364' title='bbox 1062 3448 1128 3504; x_wconf 87' lang='lat' dir='ltr'><strong>item</strong></span> <span class='ocrx_word' id='word_1_365' title='bbox 1146 3447 1240 3504; x_wconf 82' lang='lat' dir='ltr'><strong>uestis</strong></span> <span class='ocrx_word' id='word_1_366' title='bbox 1510 3448 1552 3505; x_wconf 73' lang='grc' dir='ltr'><strong>Β·</strong></span> 
     </span>
    </p>

    <p class='ocr_par' dir='ltr' id='par_1_11' title="bbox 28 3530 1617 3702">
     <span class='ocr_line' id='line_1_34' title="bbox 28 3530 1540 3622; baseline -0.005 -23"><span class='ocrx_word' id='word_1_367' title='bbox 28 3540 47 3598; x_wconf 83' lang='grc'>4</span> <span class='ocrx_word' id='word_1_368' title='bbox 116 3543 311 3599; x_wconf 82' lang='lat' dir='ltr'><strong>llounsrmus</strong></span> <span class='ocrx_word' id='word_1_369' title='bbox 328 3539 398 3596; x_wconf 92' lang='lat' dir='ltr'><strong>libro</strong></span> <span class='ocrx_word' id='word_1_370' title='bbox 416 3539 497 3596; x_wconf 89' lang='lat' dir='ltr'><strong>tertio</strong></span> <span class='ocrx_word' id='word_1_371' title='bbox 515 3539 680 3608; x_wconf 82' lang='lat' dir='ltr'><strong>regularum.</strong></span> <span class='ocrx_word' id='word_1_372' title='bbox 708 3538 773 3608; x_wconf 81' lang='lat' dir='ltr'><strong>lios,</strong></span> <span class='ocrx_word' id='word_1_373' title='bbox 791 3538 838 3608; x_wconf 93' lang='lat' dir='ltr'><strong>qui</strong></span> <span class='ocrx_word' id='word_1_374' title='bbox 856 3536 892 3593; x_wconf 84' lang='lat' dir='ltr'><strong>sb</strong></span> <span class='ocrx_word' id='word_1_375' title='bbox 904 3536 1030 3594; x_wconf 89' lang='lat' dir='ltr'><strong>hostibus</strong></span> <span class='ocrx_word' id='word_1_376' title='bbox 1042 3537 1187 3608; x_wconf 89' lang='lat' dir='ltr'><strong>capiuntur</strong></span> <span class='ocrx_word' id='word_1_377' title='bbox 1197 3537 1243 3592; x_wconf 91' lang='lat' dir='ltr'><strong>nel</strong></span> <span class='ocrx_word' id='word_1_378' title='bbox 1254 3535 1339 3593; x_wconf 90' lang='lat' dir='ltr'><strong>hosti·</strong></span> <span class='ocrx_word' id='word_1_379' title='bbox 1357 3530 1495 3622; x_wconf 60' lang='lat' dir='ltr'><em>Q</em></span> <span class='ocrx_word' id='word_1_380' title='bbox 1512 3546 1540 3600; x_wconf 72' lang='grc' dir='ltr'><strong><em>Ε</em></strong></span> 
     </span>
     <span class='ocr_line' id='line_1_35' title="bbox 63 3626 1617 3702; baseline -0.003 -14"><span class='ocrx_word' id='word_1_381' title='bbox 63 3631 116 3688; x_wconf 93' lang='lat' dir='ltr'><strong>bos</strong></span> <span class='ocrx_word' id='word_1_382' title='bbox 135 3631 281 3702; x_wconf 88' lang='lat' dir='ltr'><strong>deduntur,</strong></span> <span class='ocrx_word' id='word_1_383' title='bbox 298 3630 358 3686; x_wconf 91' lang='lat' dir='ltr'><strong>iure</strong></span> <span class='ocrx_word' id='word_1_384' title='bbox 375 3628 534 3702; x_wconf 87' lang='lat' dir='ltr'><strong>postliminii</strong></span> <span class='ocrx_word' id='word_1_385' title='bbox 550 3628 652 3684; x_wconf 89' lang='lat' dir='ltr'><strong>reuerti</strong></span> <span class='ocrx_word' id='word_1_386' title='bbox 669 3627 819 3698; x_wconf 89' lang='lat' dir='ltr'><strong>antiquitus</strong></span> <span class='ocrx_word' id='word_1_387' title='bbox 836 3627 949 3699; x_wconf 82' lang='lat' dir='ltr'><strong>placuit</strong></span> <span class='ocrx_word' id='word_1_388' title='bbox 979 3643 1015 3682; x_wconf 90' lang='lat' dir='ltr'><strong>sn</strong></span> <span class='ocrx_word' id='word_1_389' title='bbox 1033 3627 1080 3698; x_wconf 92' lang='lat' dir='ltr'><strong>qui</strong></span> <span class='ocrx_word' id='word_1_390' title='bbox 1097 3626 1223 3684; x_wconf 79' lang='lat' dir='ltr'><strong>hostibus</strong></span> <span class='ocrx_word' id='word_1_391' title='bbox 1240 3626 1351 3684; x_wconf 91' lang='lat' dir='ltr'><strong>deditus</strong></span> <span class='ocrx_word' id='word_1_392' title='bbox 1368 3642 1495 3684; x_wconf 87' lang='lat' dir='ltr'><strong>reuersus</strong></span> <span class='ocrx_word' id='word_1_393' title='bbox 1616 3695 1617 3698; x_wconf 7' lang='grc' dir='ltr'><strong>Ἴ</strong></span> 
     </span>
    </p>
   </div>
   <div class='ocr_carea' id='block_1_6' title="bbox 62 3737 256 3810">
    <p class='ocr_par' dir='ltr' id='par_1_12' title="bbox 62 3737 256 3810">
     <span class='ocr_line' id='line_1_36' title="bbox 62 3737 256 3810; baseline -0.005 -15"><span class='ocrx_word' id='word_1_394' title='bbox 62 3737 256 3810; x_wconf 60' lang='lat' dir='ltr'><strong>suumne)</strong></span> 
     </span>
    </p>
   </div>
   <div class='ocr_carea' id='block_1_7' title="bbox 64 3892 1495 4042">
    <p class='ocr_par' dir='ltr' id='par_1_13' title="bbox 64 3892 1495 4042">
     <span class='ocr_line' id='line_1_37' title="bbox 64 3892 1495 3970; baseline -0.003 -15"><span class='ocrx_word' id='word_1_395' title='bbox 64 3898 232 3970; x_wconf 83' lang='lat' dir='ltr'><strong>¹qoadrsns</strong></span> <span class='ocrx_word' id='word_1_396' title='bbox 249 3903 341 3954; x_wconf 89' lang='lat' dir='ltr'><strong>autem</strong></span> <span class='ocrx_word' id='word_1_397' title='bbox 360 3897 425 3967; x_wconf 88' lang='lat' dir='ltr'><strong>quia</strong></span> <span class='ocrx_word' id='word_1_398' title='bbox 441 3895 534 3952; x_wconf 91' lang='lat' dir='ltr'><strong>herodi</strong></span> <span class='ocrx_word' id='word_1_399' title='bbox 552 3894 713 3966; x_wconf 88' lang='lat' dir='ltr'><strong>imponitur,</strong></span> <span class='ocrx_word' id='word_1_400' title='bbox 731 3893 803 3965; x_wconf 80' lang='lat' dir='ltr'><strong>ipsi?</strong></span> <span class='ocrx_word' id='word_1_401' title='bbox 908 3893 992 3950; x_wconf 78' lang='lat' dir='ltr'><strong>’alia</strong></span> <span class='ocrx_word' id='word_1_402' title='bbox 1010 3902 1058 3950; x_wconf 79' lang='lat' dir='ltr'><strong>tras.</strong></span> <span class='ocrx_word' id='word_1_403' title='bbox 1163 3894 1305 3966; x_wconf 78' lang='lat' dir='ltr'><strong>¹receptu</strong></span> <span class='ocrx_word' id='word_1_404' title='bbox 1322 3892 1495 3952; x_wconf 74' lang='lat' dir='ltr'><strong>adiectione?</strong></span> 
     </span>
     <span class='ocr_line' id='line_1_38' title="bbox 64 3970 1053 4042; baseline -0.005 -15"><span class='ocrx_word' id='word_1_405' title='bbox 64 3970 177 4042; x_wconf 76' lang='lat' dir='ltr'><strong>‘quodl</strong></span> <span class='ocrx_word' id='word_1_406' title='bbox 198 3971 240 4026; x_wconf 82' lang='lat' dir='ltr'><strong>si?</strong></span> <span class='ocrx_word' id='word_1_407' title='bbox 311 3972 415 4024; x_wconf 75' lang='lat' dir='ltr'><strong>‘mor</strong></span> <span class='ocrx_word' id='word_1_408' title='bbox 432 3975 469 4023; x_wconf 77' lang='lat' dir='ltr'><strong>est</strong></span> <span class='ocrx_word' id='word_1_409' title='bbox 486 3975 532 4022; x_wconf 78' lang='lat' dir='ltr'><strong>oret</strong></span> <span class='ocrx_word' id='word_1_410' title='bbox 549 3975 576 4022; x_wconf 83' lang='lat' dir='ltr'><strong>ta</strong></span> <span class='ocrx_word' id='word_1_411' title='bbox 592 3972 804 4022; x_wconf 72' lang='lat' dir='ltr'><strong>humescentis</strong></span> <span class='ocrx_word' id='word_1_412' title='bbox 821 3975 921 4022; x_wconf 79' lang='lat' dir='ltr'><strong>nomiae</strong></span> <span class='ocrx_word' id='word_1_413' title='bbox 938 3973 1053 4022; x_wconf 60' lang='lat' dir='ltr'><strong>satoris</strong></span> 
     </span>
    </p>
   </div>
   <div class='ocr_carea' id='block_1_8' title="bbox 61 4123 1496 5132">
    <p class='ocr_par' dir='ltr' id='par_1_14' title="bbox 62 4123 1496 5064">
     <span class='ocr_line' id='line_1_39' title="bbox 65 4123 1496 4198; baseline -0.003 -11"><span class='ocrx_word' id='word_1_414' title='bbox 65 4129 203 4187; x_wconf 85' lang='lat' dir='ltr'><strong>ldcdata</strong></span> <span class='ocrx_word' id='word_1_415' title='bbox 222 4129 258 4182; x_wconf 66' lang='grc' dir='ltr'><strong>Ρ</strong></span> <span class='ocrx_word' id='word_1_416' title='bbox 312 4125 618 4198; x_wconf 73' lang='lat' dir='ltr'><strong>thoilF1,qoaeF’</strong></span> <span class='ocrx_word' id='word_1_417' title='bbox 670 4125 754 4196; x_wconf 77' lang='lat' dir='ltr'><strong>dpa·</strong></span> <span class='ocrx_word' id='word_1_418' title='bbox 806 4134 899 4181; x_wconf 70' lang='lat' dir='ltr'><strong>missas</strong></span> <span class='ocrx_word' id='word_1_419' title='bbox 918 4144 971 4181; x_wconf 77' lang='lat' dir='ltr'><strong>sess</strong></span> <span class='ocrx_word' id='word_1_420' title='bbox 1024 4123 1060 4180; x_wconf 85' lang='grc'><strong>33</strong></span> <span class='ocrx_word' id='word_1_421' title='bbox 1077 4126 1122 4180; x_wconf 89' lang='lat' dir='ltr'><strong>uel</strong></span> <span class='ocrx_word' id='word_1_422' title='bbox 1139 4123 1265 4180; x_wconf 91' lang='lat' dir='ltr'><strong>hostibus</strong></span> <span class='ocrx_word' id='word_1_423' title='bbox 1282 4124 1429 4196; x_wconf 85' lang='lat' dir='ltr'><strong>deduntur]</strong></span> <span class='ocrx_word' id='word_1_424' title='bbox 1449 4127 1496 4183; x_wconf 82' lang='lat' dir='ltr'><strong>tas</strong></span> 
     </span>
     <span class='ocr_line' id='line_1_40' title="bbox 63 4195 1495 4270; baseline -0.002 -13"><span class='ocrx_word' id='word_1_425' title='bbox 63 4201 212 4258; x_wconf 74' lang='lat' dir='ltr'><strong>noinusl&#39;</strong></span> <span class='ocrx_word' id='word_1_426' title='bbox 261 4197 469 4270; x_wconf 78' lang='lat' dir='ltr'><strong>5pr‘a&#39;0tioF¹</strong></span> <span class='ocrx_word' id='word_1_427' title='bbox 521 4197 696 4266; x_wconf 78' lang='lat' dir='ltr'><strong>lpatroiuus</strong></span> <span class='ocrx_word' id='word_1_428' title='bbox 709 4195 751 4268; x_wconf 64' lang='lat' dir='ltr'><strong>ff!</strong></span> <span class='ocrx_word' id='word_1_429' title='bbox 807 4215 863 4252; x_wconf 83' lang='lat' dir='ltr'><strong>cum</strong></span> <span class='ocrx_word' id='word_1_430' title='bbox 884 4215 1044 4270; x_wconf 80' lang='lat' dir='ltr'><strong>nequaquam</strong></span> <span class='ocrx_word' id='word_1_431' title='bbox 1067 4203 1201 4252; x_wconf 80' lang='lat' dir='ltr'><strong>conueniat</strong></span> <span class='ocrx_word' id='word_1_432' title='bbox 1224 4203 1364 4269; x_wconf 80' lang='lat' dir='ltr'><strong>antiquitus</strong></span> <span class='ocrx_word' id='word_1_433' title='bbox 1385 4201 1495 4269; x_wconf 70' lang='lat' dir='ltr'><strong>placitu,</strong></span> 
     </span>
     <span class='ocr_line' id='line_1_41' title="bbox 63 4267 1495 4342; baseline -0.006 -12"><span class='ocrx_word' id='word_1_434' title='bbox 63 4273 123 4330; x_wconf 83' lang='lat' dir='ltr'><strong>fissi</strong></span> <span class='ocrx_word' id='word_1_435' title='bbox 142 4291 190 4327; x_wconf 89' lang='lat' dir='ltr'><strong>om.</strong></span> <span class='ocrx_word' id='word_1_436' title='bbox 203 4273 239 4326; x_wconf 83' lang='lat' dir='ltr'><strong>F¹</strong></span> <span class='ocrx_word' id='word_1_437' title='bbox 283 4272 448 4342; x_wconf 80' lang='lat' dir='ltr'><strong>8pertiuers</strong></span> <span class='ocrx_word' id='word_1_438' title='bbox 461 4271 487 4323; x_wconf 82' lang='lat' dir='ltr'><em>F</em></span> <span class='ocrx_word' id='word_1_439' title='bbox 527 4270 561 4324; x_wconf 89' lang='lat'><strong>10</strong></span> <span class='ocrx_word' id='word_1_440' title='bbox 572 4267 678 4338; x_wconf 84' lang='lat' dir='ltr'><strong>fuisset]</strong></span> <span class='ocrx_word' id='word_1_441' title='bbox 691 4285 754 4338; x_wconf 86' lang='lat' dir='ltr'><strong>pos·</strong></span> <span class='ocrx_word' id='word_1_442' title='bbox 807 4276 890 4324; x_wconf 82' lang='lat' dir='ltr'><strong>tomes</strong></span> <span class='ocrx_word' id='word_1_443' title='bbox 905 4275 1020 4340; x_wconf 83' lang='lat' dir='ltr'><strong>putarim</strong></span> <span class='ocrx_word' id='word_1_444' title='bbox 1039 4275 1077 4322; x_wconf 83' lang='lat' dir='ltr'><strong>ito</strong></span> <span class='ocrx_word' id='word_1_445' title='bbox 1094 4287 1153 4322; x_wconf 77' lang='lat' dir='ltr'><strong>cers</strong></span> <span class='ocrx_word' id='word_1_446' title='bbox 1170 4276 1303 4339; x_wconf 74' lang='lat' dir='ltr'><strong>scripsisse</strong></span> <span class='ocrx_word' id='word_1_447' title='bbox 1315 4269 1495 4336; x_wconf 80' lang='lat' dir='ltr'><strong>Modestinaaa,</strong></span> 
     </span>
     <span class='ocr_line' id='line_1_42' title="bbox 63 4339 1495 4412; baseline -0.006 -10"><span class='ocrx_word' id='word_1_448' title='bbox 63 4351 108 4402; x_wconf 80' lang='lat' dir='ltr'><strong>set</strong></span> <span class='ocrx_word' id='word_1_449' title='bbox 126 4344 163 4398; x_wconf 70' lang='grc' dir='ltr'><strong>Ρ</strong></span> <span class='ocrx_word' id='word_1_450' title='bbox 217 4345 249 4398; x_wconf 91' lang='grc'><strong>11</strong></span> <span class='ocrx_word' id='word_1_451' title='bbox 269 4343 466 4398; x_wconf 66' lang='lat' dir='ltr'><strong>uindemiarum</strong></span> <span class='ocrx_word' id='word_1_452' title='bbox 486 4341 522 4394; x_wconf 81' lang='lat' dir='ltr'><strong>F¹</strong></span> <span class='ocrx_word' id='word_1_453' title='bbox 577 4340 754 4410; x_wconf 75' lang='lat' dir='ltr'><strong>15atquil&#39;1</strong></span> <span class='ocrx_word' id='word_1_454' title='bbox 806 4346 835 4394; x_wconf 81' lang='lat' dir='ltr'><strong>ot</strong></span> <span class='ocrx_word' id='word_1_455' title='bbox 853 4346 974 4410; x_wconf 74' lang='lat' dir='ltr'><strong>sopitorit</strong></span> <span class='ocrx_word' id='word_1_456' title='bbox 990 4358 1041 4394; x_wconf 80' lang='lat' dir='ltr'><strong>oon</strong></span> <span class='ocrx_word' id='word_1_457' title='bbox 1058 4340 1089 4393; x_wconf 80' lang='lat' dir='ltr'><strong>ds</strong></span> <span class='ocrx_word' id='word_1_458' title='bbox 1107 4339 1234 4394; x_wconf 79' lang='lat' dir='ltr'><strong>deditione</strong></span> <span class='ocrx_word' id='word_1_459' title='bbox 1242 4343 1323 4409; x_wconf 79' lang='lat' dir='ltr'><strong>sosio</strong></span> <span class='ocrx_word' id='word_1_460' title='bbox 1338 4360 1385 4411; x_wconf 83' lang='lat' dir='ltr'><strong>per</strong></span> <span class='ocrx_word' id='word_1_461' title='bbox 1395 4348 1495 4412; x_wconf 78' lang='lat' dir='ltr'><strong>putrem</strong></span> 
     </span>
     <span class='ocr_line' id='line_1_43' title="bbox 63 4411 1494 4486; baseline -0.004 -13"><span class='ocrx_word' id='word_1_462' title='bbox 63 4419 99 4474; x_wconf 88' lang='lat'><strong>18</strong></span> <span class='ocrx_word' id='word_1_463' title='bbox 116 4415 257 4486; x_wconf 76' lang='lat' dir='ltr'><strong>praecepti</strong></span> <span class='ocrx_word' id='word_1_464' title='bbox 276 4416 300 4468; x_wconf 83' lang='lat' dir='ltr'><em>F</em></span> <span class='ocrx_word' id='word_1_465' title='bbox 302 4415 312 4449; x_wconf 86' lang='lat'>¹</span> <span class='ocrx_word' id='word_1_466' title='bbox 373 4416 406 4469; x_wconf 82' lang='lat'><strong>21</strong></span> <span class='ocrx_word' id='word_1_467' title='bbox 426 4419 454 4468; x_wconf 86' lang='lat' dir='ltr'><strong>et</strong></span> <span class='ocrx_word' id='word_1_468' title='bbox 472 4411 516 4481; x_wconf 86' lang='lat' dir='ltr'><strong>de]</strong></span> <span class='ocrx_word' id='word_1_469' title='bbox 536 4415 565 4466; x_wconf 80' lang='lat' dir='ltr'><strong>et</strong></span> <span class='ocrx_word' id='word_1_470' title='bbox 584 4413 671 4466; x_wconf 64' lang='lat' dir='ltr'><strong>aas</strong></span> <span class='ocrx_word' id='word_1_471' title='bbox 687 4416 692 4480; x_wconf 91' lang='grc' dir='ltr'>Ι</span> <span class='ocrx_word' id='word_1_472' title='bbox 713 4427 755 4468; x_wconf 84' lang='lat' dir='ltr'><strong>re·</strong></span> <span class='ocrx_word' id='word_1_473' title='bbox 804 4415 944 4484; x_wconf 81' lang='lat' dir='ltr'><strong>patratum,</strong></span> <span class='ocrx_word' id='word_1_474' title='bbox 958 4411 1290 4466; x_wconf 80' lang='lat' dir='ltr'><strong>ssddsdedtts&#39;ooscostsllt.</strong></span> <span class='ocrx_word' id='word_1_475' title='bbox 1301 4412 1494 4466; x_wconf 77' lang='lat' dir='ltr'><strong>similiter-iadi-</strong></span> 
     </span>
     <span class='ocr_line' id='line_1_44' title="bbox 63 4483 1495 4558; baseline -0.005 -12"><span class='ocrx_word' id='word_1_476' title='bbox 63 4488 168 4558; x_wconf 82' lang='lat' dir='ltr'><strong>dempti</strong></span> <span class='ocrx_word' id='word_1_477' title='bbox 188 4487 278 4542; x_wconf 65' lang='lat' dir='ltr'><strong>rnatu</strong></span> <span class='ocrx_word' id='word_1_478' title='bbox 332 4487 366 4541; x_wconf 82' lang='lat'><strong>23</strong></span> <span class='ocrx_word' id='word_1_479' title='bbox 385 4486 431 4554; x_wconf 87' lang='lat' dir='ltr'><strong>qui</strong></span> <span class='ocrx_word' id='word_1_480' title='bbox 450 4503 497 4538; x_wconf 87' lang='lat' dir='ltr'><strong>om.</strong></span> <span class='ocrx_word' id='word_1_481' title='bbox 510 4483 547 4537; x_wconf 74' lang='lat' dir='ltr'><strong>F¹</strong></span> <span class='ocrx_word' id='word_1_482' title='bbox 601 4484 637 4538; x_wconf 78' lang='lat'><strong>25</strong></span> <span class='ocrx_word' id='word_1_483' title='bbox 654 4483 754 4540; x_wconf 69' lang='lat' dir='ltr'><strong>*habe-</strong></span> <span class='ocrx_word' id='word_1_484' title='bbox 808 4483 916 4538; x_wconf 77' lang='lat' dir='ltr'><strong>candum</strong></span> <span class='ocrx_word' id='word_1_485' title='bbox 934 4488 971 4536; x_wconf 85' lang='lat' dir='ltr'><strong>sat</strong></span> <span class='ocrx_word' id='word_1_486' title='bbox 987 4483 1019 4536; x_wconf 80' lang='lat' dir='ltr'><strong>de</strong></span> <span class='ocrx_word' id='word_1_487' title='bbox 1037 4489 1070 4536; x_wconf 82' lang='lat' dir='ltr'><strong>s&#39;s&#39;s</strong></span> <span class='ocrx_word' id='word_1_488' title='bbox 1087 4501 1152 4555; x_wconf 83' lang='lat' dir='ltr'><strong>qucs</strong></span> <span class='ocrx_word' id='word_1_489' title='bbox 1162 4489 1301 4554; x_wconf 81' lang='lat' dir='ltr'><strong>sequantur</strong></span> <span class='ocrx_word' id='word_1_490' title='bbox 1310 4501 1339 4536; x_wconf 88' lang='lat' dir='ltr'><strong>rs</strong></span> <span class='ocrx_word' id='word_1_491' title='bbox 1350 4501 1401 4538; x_wconf 81' lang='lat' dir='ltr'><strong>cca</strong></span> <span class='ocrx_word' id='word_1_492' title='bbox 1412 4491 1495 4539; x_wconf 80' lang='lat' dir='ltr'><strong>micas</strong></span> 
     </span>
     <span class='ocr_line' id='line_1_45' title="bbox 63 4553 1496 4626; baseline -0.006 -10"><span class='ocrx_word' id='word_1_493' title='bbox 63 4561 134 4616; x_wconf 88' lang='lat' dir='ltr'><strong>bunt</strong></span> <span class='ocrx_word' id='word_1_494' title='bbox 147 4559 183 4612; x_wconf 70' lang='grc' dir='ltr'><strong>Ρ</strong></span> <span class='ocrx_word' id='word_1_495' title='bbox 217 4558 252 4612; x_wconf 81' lang='grc'><strong>27</strong></span> <span class='ocrx_word' id='word_1_496' title='bbox 264 4558 413 4613; x_wconf 78' lang='lat' dir='ltr'><strong>onerariis</strong></span> <span class='ocrx_word' id='word_1_497' title='bbox 427 4557 465 4609; x_wconf 76' lang='lat' dir='ltr'><strong>F’</strong></span> <span class='ocrx_word' id='word_1_498' title='bbox 504 4557 539 4610; x_wconf 80' lang='lat'><strong>28</strong></span> <span class='ocrx_word' id='word_1_499' title='bbox 552 4555 631 4624; x_wconf 86' lang='lat' dir='ltr'><strong>quas]</strong></span> <span class='ocrx_word' id='word_1_500' title='bbox 644 4556 705 4623; x_wconf 88' lang='lat' dir='ltr'><strong>quis</strong></span> <span class='ocrx_word' id='word_1_501' title='bbox 718 4556 753 4610; x_wconf 68' lang='grc' dir='ltr'><strong>Ρ</strong></span> <span class='ocrx_word' id='word_1_502' title='bbox 798 4556 894 4626; x_wconf 78' lang='lat' dir='ltr'><strong>salsis,</strong></span> <span class='ocrx_word' id='word_1_503' title='bbox 914 4553 960 4608; x_wconf 73' lang='lat' dir='ltr'><strong>aad</strong></span> <span class='ocrx_word' id='word_1_504' title='bbox 976 4561 1005 4608; x_wconf 85' lang='lat' dir='ltr'><strong>ot</strong></span> <span class='ocrx_word' id='word_1_505' title='bbox 1022 4554 1054 4608; x_wconf 87' lang='lat' dir='ltr'><strong>oh</strong></span> <span class='ocrx_word' id='word_1_506' title='bbox 1073 4555 1244 4609; x_wconf 78' lang='lat' dir='ltr'><strong>onmdattone</strong></span> <span class='ocrx_word' id='word_1_507' title='bbox 1261 4553 1436 4608; x_wconf 79' lang='lat' dir='ltr'><strong>abstinendum</strong></span> <span class='ocrx_word' id='word_1_508' title='bbox 1453 4562 1496 4610; x_wconf 81' lang='lat' dir='ltr'><strong>stt.</strong></span> 
     </span>
     <span class='ocr_line' id='line_1_46' title="bbox 63 4624 1496 4701; baseline -0.004 -13"><span class='ocrx_word' id='word_1_509' title='bbox 63 4630 378 4701; x_wconf 65' lang='lat' dir='ltr'><strong>nereclprunturm</strong></span> <span class='ocrx_word' id='word_1_510' title='bbox 398 4627 590 4700; x_wconf 71' lang='lat' dir='ltr'><strong>propriolttd&#39;1</strong></span> <span class='ocrx_word' id='word_1_511' title='bbox 644 4628 679 4682; x_wconf 82' lang='lat'><strong>32</strong></span> <span class='ocrx_word' id='word_1_512' title='bbox 695 4635 755 4699; x_wconf 83' lang='lat' dir='ltr'><strong>post</strong></span> <span class='ocrx_word' id='word_1_513' title='bbox 808 4631 874 4680; x_wconf 83' lang='lat' dir='ltr'><strong>certe</strong></span> <span class='ocrx_word' id='word_1_514' title='bbox 890 4626 1025 4679; x_wconf 75' lang='lat' dir='ltr'><strong>amandam</strong></span> <span class='ocrx_word' id='word_1_515' title='bbox 1048 4631 1103 4680; x_wconf 84' lang='lat' dir='ltr'><strong>cuti</strong></span> <span class='ocrx_word' id='word_1_516' title='bbox 1152 4625 1318 4696; x_wconf 82' lang='lat' dir='ltr'><strong>sprudeates</strong></span> <span class='ocrx_word' id='word_1_517' title='bbox 1335 4624 1496 4682; x_wconf 82' lang='lat' dir='ltr'><strong>Modestinus</strong></span> 
     </span>
     <span class='ocr_line' id='line_1_47' title="bbox 63 4695 1495 4766; baseline -0.006 -5"><span class='ocrx_word' id='word_1_518' title='bbox 63 4705 151 4761; x_wconf 79' lang='lat' dir='ltr'><strong>uestis</strong></span> <span class='ocrx_word' id='word_1_519' title='bbox 168 4709 246 4757; x_wconf 79' lang='lat' dir='ltr'><strong>uocat</strong></span> <span class='ocrx_word' id='word_1_520' title='bbox 263 4720 352 4755; x_wconf 67' lang='lat' dir='ltr'><strong>ansus</strong></span> <span class='ocrx_word' id='word_1_521' title='bbox 369 4720 433 4754; x_wconf 78' lang='lat' dir='ltr'><strong>omas</strong></span> <span class='ocrx_word' id='word_1_522' title='bbox 445 4719 501 4754; x_wconf 83' lang='lat' dir='ltr'><strong>cum</strong></span> <span class='ocrx_word' id='word_1_523' title='bbox 514 4699 621 4753; x_wconf 80' lang='lat' dir='ltr'><strong>dimidio</strong></span> <span class='ocrx_word' id='word_1_524' title='bbox 633 4700 668 4752; x_wconf 81' lang='lat' dir='ltr'><strong>F:</strong></span> <span class='ocrx_word' id='word_1_525' title='bbox 687 4707 753 4753; x_wconf 83' lang='lat' dir='ltr'><strong>sius-</strong></span> <span class='ocrx_word' id='word_1_526' title='bbox 806 4705 844 4752; x_wconf 83' lang='lat' dir='ltr'><strong>sie</strong></span> <span class='ocrx_word' id='word_1_527' title='bbox 855 4702 941 4766; x_wconf 79' lang='lat' dir='ltr'><strong>politas</strong></span> <span class='ocrx_word' id='word_1_528' title='bbox 951 4695 1063 4750; x_wconf 79' lang='lat' dir='ltr'><strong>scribes-s</strong></span> <span class='ocrx_word' id='word_1_529' title='bbox 1074 4696 1105 4750; x_wconf 80' lang='lat' dir='ltr'><strong>de</strong></span> <span class='ocrx_word' id='word_1_530' title='bbox 1123 4703 1171 4750; x_wconf 77' lang='lat' dir='ltr'><strong>ott:</strong></span> <span class='ocrx_word' id='word_1_531' title='bbox 1190 4696 1246 4752; x_wconf 86' lang='lat' dir='ltr'><strong>Eos</strong></span> <span class='ocrx_word' id='word_1_532' title='bbox 1259 4697 1305 4766; x_wconf 89' lang='lat' dir='ltr'><strong>qui</strong></span> <span class='ocrx_word' id='word_1_533' title='bbox 1318 4695 1353 4752; x_wconf 80' lang='lat' dir='ltr'><strong>ab</strong></span> <span class='ocrx_word' id='word_1_534' title='bbox 1371 4695 1495 4752; x_wconf 85' lang='lat' dir='ltr'><strong>hostibus</strong></span> 
     </span>
     <span class='ocr_line' id='line_1_48' title="bbox 63 4767 1495 4846; baseline -0.003 -16"><span class='ocrx_word' id='word_1_535' title='bbox 63 4777 135 4832; x_wconf 74' lang='lat' dir='ltr'><strong>mods·</strong></span> <span class='ocrx_word' id='word_1_536' title='bbox 152 4774 240 4828; x_wconf 75' lang='lat' dir='ltr'><strong>tratas</strong></span> <span class='ocrx_word' id='word_1_537' title='bbox 258 4775 425 4828; x_wconf 74' lang='lat' dir='ltr'><strong>indicationes</strong></span> <span class='ocrx_word' id='word_1_538' title='bbox 436 4773 479 4846; x_wconf 83' lang='lat' dir='ltr'><strong>(cs.</strong></span> <span class='ocrx_word' id='word_1_539' title='bbox 491 4770 586 4842; x_wconf 82' lang='lat' dir='ltr'><strong>p.262,</strong></span> <span class='ocrx_word' id='word_1_540' title='bbox 599 4770 644 4836; x_wconf 89' lang='grc'><strong>15)</strong></span> <span class='ocrx_word' id='word_1_541' title='bbox 663 4769 754 4824; x_wconf 78' lang='lat' dir='ltr'><strong>sadoc</strong></span> <span class='ocrx_word' id='word_1_542' title='bbox 807 4767 959 4838; x_wconf 90' lang='lat' dir='ltr'><strong>capiuntur,</strong></span> <span class='ocrx_word' id='word_1_543' title='bbox 977 4767 1035 4822; x_wconf 90' lang='lat' dir='ltr'><strong>iure</strong></span> <span class='ocrx_word' id='word_1_544' title='bbox 1052 4767 1209 4837; x_wconf 87' lang='lat' dir='ltr'><strong>postliminii</strong></span> <span class='ocrx_word' id='word_1_545' title='bbox 1227 4769 1328 4824; x_wconf 87' lang='lat' dir='ltr'><strong>reuerti</strong></span> <span class='ocrx_word' id='word_1_546' title='bbox 1345 4769 1495 4836; x_wconf 87' lang='lat' dir='ltr'><strong>antiquitus</strong></span> 
     </span>
     <span class='ocr_line' id='line_1_49' title="bbox 62 4839 1495 4915; baseline -0.005 -11"><span class='ocrx_word' id='word_1_547' title='bbox 62 4849 136 4904; x_wconf 73' lang='lat' dir='ltr'><strong>aab</strong></span> <span class='ocrx_word' id='word_1_548' title='bbox 153 4852 193 4900; x_wconf 79' lang='lat' dir='ltr'><strong>tes·</strong></span> <span class='ocrx_word' id='word_1_549' title='bbox 209 4851 331 4915; x_wconf 72' lang='lat' dir='ltr'><strong>repetitos</strong></span> <span class='ocrx_word' id='word_1_550' title='bbox 350 4852 376 4898; x_wconf 81' lang='lat' dir='ltr'><strong>to</strong></span> <span class='ocrx_word' id='word_1_551' title='bbox 385 4847 442 4915; x_wconf 80' lang='lat' dir='ltr'><strong>fias</strong></span> <span class='ocrx_word' id='word_1_552' title='bbox 459 4846 476 4896; x_wconf 88' lang='lat' dir='ltr'><strong>l.</strong></span> <span class='ocrx_word' id='word_1_553' title='bbox 488 4841 512 4897; x_wconf 89' lang='lat'><strong>3.</strong></span> <span class='ocrx_word' id='word_1_554' title='bbox 524 4843 551 4898; x_wconf 89' lang='grc'><strong>9.</strong></span> <span class='ocrx_word' id='word_1_555' title='bbox 562 4841 597 4895; x_wconf 86' lang='grc'><strong>25</strong></span> <span class='ocrx_word' id='word_1_556' title='bbox 614 4860 671 4897; x_wconf 82' lang='lat' dir='ltr'><strong>oum</strong></span> <span class='ocrx_word' id='word_1_557' title='bbox 686 4843 753 4896; x_wconf 83' lang='lat' dir='ltr'><strong>sallo</strong></span> <span class='ocrx_word' id='word_1_558' title='bbox 806 4839 918 4910; x_wconf 83' lang='lat' dir='ltr'><strong>placuit</strong></span> <span class='ocrx_word' id='word_1_559' title='bbox 942 4855 978 4894; x_wconf 90' lang='lat' dir='ltr'><strong>au</strong></span> <span class='ocrx_word' id='word_1_560' title='bbox 995 4839 1043 4909; x_wconf 91' lang='lat' dir='ltr'><strong>qui</strong></span> <span class='ocrx_word' id='word_1_561' title='bbox 1060 4839 1184 4896; x_wconf 90' lang='lat' dir='ltr'><strong>hostibus</strong></span> <span class='ocrx_word' id='word_1_562' title='bbox 1202 4839 1311 4896; x_wconf 88' lang='lat' dir='ltr'><strong>deditus</strong></span> <span class='ocrx_word' id='word_1_563' title='bbox 1325 4839 1431 4896; x_wconf 87' lang='lat' dir='ltr'><strong>anobis</strong></span> <span class='ocrx_word' id='word_1_564' title='bbox 1443 4855 1495 4897; x_wconf 89' lang='lat' dir='ltr'><strong>nso</strong></span> 
     </span>
     <span class='ocr_line' id='line_1_50' title="bbox 62 4911 1495 4988; baseline -0.004 -16"><span class='ocrx_word' id='word_1_565' title='bbox 62 4923 119 4976; x_wconf 74' lang='lat' dir='ltr'><strong>isco</strong></span> <span class='ocrx_word' id='word_1_566' title='bbox 141 4919 321 4988; x_wconf 80' lang='lat' dir='ltr'><strong>confirmentur</strong></span> <span class='ocrx_word' id='word_1_567' title='bbox 342 4933 422 4988; x_wconf 79' lang='lat' dir='ltr'><strong>nepos</strong></span> <span class='ocrx_word' id='word_1_568' title='bbox 447 4913 605 4970; x_wconf 79' lang='lat' dir='ltr'><strong>Graecorum</strong></span> <span class='ocrx_word' id='word_1_569' title='bbox 631 4911 754 4968; x_wconf 76' lang='lat' dir='ltr'><strong>mtstdsts</strong></span> <span class='ocrx_word' id='word_1_570' title='bbox 806 4916 934 4981; x_wconf 88' lang='lat' dir='ltr'><strong>receptus</strong></span> <span class='ocrx_word' id='word_1_571' title='bbox 956 4914 1000 4966; x_wconf 87' lang='lat' dir='ltr'><strong>est</strong></span> <span class='ocrx_word' id='word_1_572' title='bbox 1017 4925 1144 4968; x_wconf 88' lang='lat' dir='ltr'><strong>reuersus</strong></span> <span class='ocrx_word' id='word_1_573' title='bbox 1162 4911 1231 4968; x_wconf 88' lang='lat' dir='ltr'><strong>ciuis</strong></span> <span class='ocrx_word' id='word_1_574' title='bbox 1248 4912 1389 4968; x_wconf 76' lang='lat' dir='ltr'><strong>Romanus</strong></span> <span class='ocrx_word' id='word_1_575' title='bbox 1412 4912 1449 4967; x_wconf 89' lang='lat' dir='ltr'><strong>sit</strong></span> <span class='ocrx_word' id='word_1_576' title='bbox 1471 4919 1495 4967; x_wconf 77' lang='lat' dir='ltr'><strong>st</strong></span> 
     </span>
     <span class='ocr_line' id='line_1_51' title="bbox 62 4985 1026 5064; baseline -0.004 -22"><span class='ocrx_word' id='word_1_577' title='bbox 62 5007 217 5064; x_wconf 75' lang='lat' dir='ltr'><strong>quamquam</strong></span> <span class='ocrx_word' id='word_1_578' title='bbox 234 4987 349 5042; x_wconf 68' lang='lat' dir='ltr'><strong>mnibus</strong></span> <span class='ocrx_word' id='word_1_579' title='bbox 359 5005 406 5058; x_wconf 80' lang='lat' dir='ltr'><strong>per</strong></span> <span class='ocrx_word' id='word_1_580' title='bbox 418 4985 483 5042; x_wconf 79' lang='lat' dir='ltr'><strong>hone</strong></span> <span class='ocrx_word' id='word_1_581' title='bbox 496 4987 595 5042; x_wconf 82' lang='lat' dir='ltr'><strong>titolum</strong></span> <span class='ocrx_word' id='word_1_582' title='bbox 606 5001 685 5056; x_wconf 79' lang='lat' dir='ltr'><strong>arsque</strong></span> <span class='ocrx_word' id='word_1_583' title='bbox 695 5001 752 5038; x_wconf 81' lang='lat' dir='ltr'><strong>seo·</strong></span> <span class='ocrx_word' id='word_1_584' title='bbox 806 5001 872 5055; x_wconf 75' lang='grc' dir='ltr'><strong>ᾳιιιι</strong></span> <span class='ocrx_word' id='word_1_585' title='bbox 888 4990 1026 5054; x_wconf 78' lang='lat' dir='ltr'><strong>sequantur</strong></span> 
     </span>
    </p>

    <p class='ocr_par' dir='ltr' id='par_1_15' title="bbox 61 5054 750 5132">
     <span class='ocr_line' id='line_1_52' title="bbox 61 5054 750 5132; baseline -0.015 -15"><span class='ocrx_word' id='word_1_586' title='bbox 61 5068 143 5118; x_wconf 71' lang='lat' dir='ltr'><strong>italio</strong></span> <span class='ocrx_word' id='word_1_587' title='bbox 161 5061 309 5132; x_wconf 75' lang='lat' dir='ltr'><strong>imperfecto</strong></span> <span class='ocrx_word' id='word_1_588' title='bbox 313 5097 323 5124; x_wconf 89' lang='lat'><em>,</em></span> <span class='ocrx_word' id='word_1_589' title='bbox 340 5058 459 5113; x_wconf 63' lang='lat' dir='ltr'><strong>radmor</strong></span> <span class='ocrx_word' id='word_1_590' title='bbox 477 5073 564 5112; x_wconf 72' lang='lat' dir='ltr'><strong>mors</strong></span> <span class='ocrx_word' id='word_1_591' title='bbox 582 5055 685 5110; x_wconf 76' lang='lat' dir='ltr'><strong>libraris·</strong></span> <span class='ocrx_word' id='word_1_592' title='bbox 702 5054 750 5108; x_wconf 81' lang='lat' dir='ltr'><strong>od·</strong></span> 
     </span>
    </p>
   </div>
   <div class='ocr_carea' id='block_1_9' title="bbox 0 0 1812 5460">
    <p class='ocr_par' dir='ltr' id='par_1_16' title="bbox 0 0 1812 5460">
     <span class='ocr_line' id='line_1_53' title="bbox 0 0 1812 5460; baseline 0 0"><span class='ocrx_word' id='word_1_593' title='bbox 0 0 1812 5460; x_wconf 95' lang='lat' dir='ltr'><strong> </strong></span> 
     </span>
    </p>
   </div>
  </div>
 </body>
</html>
