3728 5452
83 257 318 308 amsnnosuss
764 239 851 319 323
1185 245 1349 313 XXXVIII
1373 247 1389 311 1
1415 254 1529 308 lo-ee

139 395 296 454 enarrans
312 395 381 452 libro
398 398 559 468 trigessimo
577 404 677 455 octauo
696 400 731 454 ad
745 399 756 466 ΙΙ
769 400 899 456 edietum.
928 399 1065 472 Libertus,
1083 402 1130 472 qni
1147 407 1212 473 pest
1228 402 1352 458 indictio·
1371 397 1530 485 Qut—[i
1560 413 1581 468 s
1598 414 1616 461 r.
1627 409 1678 461 lee'

80 499 150 538 nem
169 499 317 554 operamm
339 486 497 542 ualetudine
522 487 682 558 mpeditus,
706 503 761 559 quo
785 489 876 544 minus
894 495 1017 560 praestet
1034 505 1145 561 operas,
1164 507 1219 546 non
1236 496 1358 546 tenetur:
1382 506 1433 546 neo
1457 493 1529 546 enim

77 576 182 642 potest
201 573 289 629 uideri
305 590 355 644 por
372 590 435 630 eum
454 581 542 643 stare,
563 591 617 646 quo
636 578 725 632 minus
744 593 842 648 operas
859 583 991 649 praestet.
1028 580 1124 650 Neque
1141 581 1264 649 promitti
1282 595 1372 649 neque
1389 580 1459 635 solui
1478 596 1529 636 neo

75 661 184 716 deberi
204 677 255 717 neo
272 664 329 733 peti
346 679 397 734 pro
413 670 492 734 parte
510 665 612 735 poterit
630 680 722 736 opera.
750 667 813 722 ideo
832 668 998 738 Papinianus
1022 667 1136 723 subicit:
1161 669 1185 722 si
1202 683 1258 723 non
1275 683 1344 737 una,
1369 667 1419 722 sed
1436 669 1529 739 plures

74 765 190 819 operae
209 751 266 806 sint
282 757 312 806 et
328 753 420 824 plures
438 753 554 810 heredes
572 755 693 810 existant
710 749 891 826 patrono‘qui
909 771 1008 827 operas
1026 757 1173 826 stipulatus
1197 761 1253 826 est,
1277 771 1374 812 uerum
1398 763 1440 812 est
1462 757 1529 812 obli·
1547 769 1561 810 o

73 839 230 908 gationem
248 855 392 910 operarum
411 857 525 898 numero
543 841 638 898 diuidi.
666 843 785 914 denique
804 844 901 899 Celeus
922 845 992 900 libro
1016 845 1178 901 duodecim
1197 845 1306 914 scribit,
1330 845 1353 900 si
1377 847 1529 901 communis

73 927 204 984 libertus
222 930 345 998 patronis
362 929 471 986 duobus
489 947 588 1002 operas
606 932 679 988 mille
697 931 824 988 daturum
843 947 874 988 ae
892 934 1024 989 iurauerit
1040 939 1089 989 ant
1106 935 1245 990 communi
1263 949 1356 990 eorum
1370 949 1450 990 seruo
1467 949 1529 1005 pro·

73 1017 203 1086 miserit,
222 1019 375 1088 quingenos
392 1021 485 1090 potius
504 1018 606 1090 deberi,
625 1035 707 1090 quam
727 1021 895 1090 singularum
914 1037 1059 1092 operarum
1077 1023 1213 1078 dimidias.

135 1105 264 1162 Paucos
286 1107 355 1164 libro
376 1108 607 1178 quadragensimo
629 1108 666 1164 ad
689 1109 819 1165 edietum.
856 1110 924 1165 Eius
942 1109 1064 1180 artificii,
1083 1111 1157 1181 quod
1175 1116 1240 1181 post
1257 1127 1352 1167 manu·
1371 1107 1528 1194 [saffra
1562 1117 1584 1173 S

73 1195 249 1250 missionem
268 1195 393 1252 didicerit
409 1195 532 1266 libertus,
551 1212 649 1267 operas
668 1197 781 1253 debebit
797 1206 953 1270 praestare,
978 1199 1001 1254 si
1019 1199 1103 1255 baeo¹
1123 1201 1191 1269 alni,
1210 1214 1280 1269 quae
1298 1189 1528 1270 quannbmc‘ffi-
1549 1213 1576 1253 rc

73 1286 165 1339 seete
184 1288 217 1338 et
234 1284 294 1338 sine
317 1286 438 1354 periculo
456 1286 531 1341 uitae
548 1291 740 1357 praestantur,
761 1301 812 1343 nee
836 1303 944 1357 semper
967 1287 1045 1359 hae¹,
1069 1303 1141 1359 quae
1163 1288 1384 1344 manumissionis
1405 1295 1529 1360 tempore

73 1373 225 1430 maestari
243 1371 405 1428 debuerunt.
432 1375 482 1429 sed
501 1375 524 1429 si
542 1379 637 1445 turpes
656 1389 755 1445 operas
772 1381 871 1445 postea
888 1391 1017 1432 exercere
1035 1377 1165 1448 eoeperit,
1183 1379 1324 1447 praestaro
1343 1377 1455 1434 debebit
1472 1394 1529 1450 eae,

73 1477 153 1532 quas
174 1461 399 1517 manumissionis
417 1466 542 1533 tempore
559 1463 728 1534 praestabat.
764 1465 847 1519 Talea
864 1470 981 1534 patrono
999 1480 1099 1536 operae
1123 1465 1237 1534 dantur,
1260 1466 1357 1534 quales
1379 1481 1414 1522 ea
1438 1471 1530 1523 aetate

73 1550 225 1620 lignitate
243 1549 401 1608 ualetudine
418 1553 584 1608 necessitate
601 1553 742 1622 proposito
761 1553 915 1624 ceterisque
933 1554 992 1609 eius
1010 1553 1120 1623 generis
1138 1553 1166 1608 iu
1184 1556 1301 1622 utraque
1312 1569 1431 1624 persona
1449 1556 1530 1611 aesti-

73 1640 152 1695 nari
173 1637 310 1694 debono:
1549 1653 1578 1694 rs

129 1728 221 1784 Iners
244 1726 313 1783 libro
335 1727 466 1798 singulari
490 1729 526 1784 de
549 1729 608 1784 iure
630 1733 801 1798 patronatus.
838 1743 890 1785 neo
913 1729 1067 1786 audiendus
1092 1735 1136 1786 est
1158 1735 1304 1801 pomanus,
1329 1731 1352 1786 si
1371 1725 1529 1814 [iffa—are
1563 1735 1598 1790 θ’

73 1817 176 1874 noscit
194 1831 304 1886 operas,
322 1831 392 1886 quas
409 1819 455 1872 uel
472 1821 550 1872 aetas
568 1823 678 1873 recusat
695 1818 740 1873 uel
758 1816 902 1874 iufirmitas
920 1819 1041 1890 eorporis
1059 1833 1114 1875 nen
1131 1820 1253 1890 patiatur
1270 1821 1316 1875 uel
1333 1808 1530 1890 quibusinsti-

73 1913 175 1962 utrum
195 1905 244 1959 nol
261 1905 431 1976 propositum
449 1906 524 1961 uitae
542 1907 681 1962 minuitur.

130 1995 221 2050 Inasr
244 1993 313 2049 libro
338 1994 568 2064 quadragensIme
591 1995 626 2049 ad
647 1995 776 2049 edietum.
814 1993 870 2051 Suo
888 1995 964 2050 uictu
982 1995 1141 2064 uestituquo
1159 2011 1257 2066 operas
1274 2011 1353 2066 prae·
1371 1991 1530 2079 [ῆῐῐῖτ
1563 2003 1584 2056 S

73 2087 156 2139 tare
177 2081 283 2137 debere
300 2081 428 2138 libertum
447 2082 566 2138 Sabinus
587 2081 624 2138 ad
647 2083 766 2138 edietum
791 2085 925 2154 praetorIs
948 2083 1046 2140 urbani
1068 2083 1137 2140 libro
1161 2085 1257 2154 quinto
1276 2073 1530 2156 scribitz—qrmd‘si
1549 2097 1578 2138 so

73 2173 156 2229 dero
178 2185 211 2226 se
231 2185 285 2228 oon
302 2172 400 2241 pessit,
418 2171 586 2242 praestanda
603 2172 630 2227 ei
647 2187 665 2227 a
681 2176 798 2241 patrono
816 2173 959 2228 admenta:

130 2259 238 2316 Gerus
255 2259 324 2315 b‘bro
343 2265 440 2330 quarto
458 2259 566 2316 decime
585 2260 620 2316 ad
638 2260 759 2315 edietum
777 2261 953 2331 prouinciale.
988 2265 1037 2316 aut
1053 2265 1128 2316 certe
1145 2261 1185 2316 ita
1202 2261 1355 2330 exigendae
1374 2257 1531 2346 [E‘se'ffl‘e'
1563 2268 1585 2322 S

73 2355 146 2404 tunt
167 2347 206 2403 ab
227 2362 261 2404 eo
280 2363 396 2420 operae,
415 2353 445 2404 ut
463 2349 506 2404 his
524 2363 633 2419 quoque
652 2347 764 2420 diebus,
784 2349 884 2420 quibus
902 2363 1000 2420 operas
1017 2349 1096 2420 edat,
1115 2349 1184 2405 satis
1202 2355 1311 2420 tempus
1330 2350 1366 2405 ad
1384 2339 1530 2421 (ᾗιῖἔῖῐῶ

73 2435 256 2508 iciendum,
274 2437 348 2493 unde
367 2438 402 2493 ali
419 2439 515 2508 possit
534 2437 648 2494 babeat:
1549 2451 1579 2492 ss

131 2529 263 2582 Pennus
285 2525 354 2582 libro
377 2527 608 2597 quadragensimo
632 2526 668 2581 ad
686 2526 816 2582 edietum.
853 2527 997 2596 quodnisi
1015 2525 1071 2596 fiet,
1090 2531 1245 2595 praetorem
1263 2527 1351 2596 ipsam
1371 2522 1529 2611 [ᾗῇ-,Ε
1563 2535 1585 2588 s

73 2621 204 2683 patrono
223 2613 424 2684 denegaturum
442 2631 586 2687 operarum
605 2617 832 2686 praestationem:
854 2615 938 2685 idque
956 2621 999 2671 est
1017 2629 1126 2686 uerum,
1150 2615 1215 2685 quia
1233 2617 1435 2686 unusquisque,
1454 2618 1529 2688 quod

74 2701 252 2774 spopondit,
276 2717 328 2760 suo
350 2703 489 2774 impendio
512 2705 578 2760 dare
602 2703 698 2776 debet,
721 2704 853 2774 quamdiu
876 2705 904 2758 id
927 2704 1002 2774 quod
1025 2704 1109 2760 debet
1126 2705 1154 2758 in
1172 2719 1263 2759 rerum
1281 2708 1380 2759 natura
1398 2710 1449 2760 est.
1485 2707 1528 2760 Ex

80 2793 232 2860 prouiucia
249 2791 377 2848 libertum
395 2794 510 2849 &mam
530 2794 624 2850 uenire
641 2793 742 2848 debere
761 2793 797 2848 ad
814 2792 970 2848 reddendas
988 2797 1103 2863 operas⁴
1115 2793 1248 2850 Proculus
1266 2794 1318 2848 alt:
1337 2793 1387 2848 sed
1404 2795 1452 2862 qni
1468 2794 1529 2850 dies

86 2879 192 2936 intem
210 2881 360 2952 cesserint,
384 2881 450 2938 dum
469 2883 584 2938 Romam
603 2883 704 2952 ueniti,
727 2886 844 2952 patrono
867 2881 969 2951 perire,
993 2881 1143 2937 dummodo
1167 2885 1299 2951 patrenus
1322 2887 1463 2951 tamquam
1485 2883 1529 2937 uit

89 2966 174 3024 mnus
193 2975 225 3023 et
243 2969 360 3038 diligens
378 2975 458 3040 pater
475 2970 593 3026 familias
604 2973 709 3026 Rosam
721 2975 873 3025 moraretur
890 2971 935 3025 uel
952 2971 980 3043 in
998 2971 1167 3040 prouinciam
1185 2969 1387 3040 proficiscatur:
1406 2975 1527 3026 ceterum
1547 2957 1590 3022 eo'

93 3057 110 3111 si
129 3058 232 3127 uagari
255 3071 306 3127 per
328 3057 422 3114 orbem
445 3064 579 3116 terrarum
602 3061 683 3130 uelit,
707 3074 762 3114 non
785 3073 847 3114 esse
870 3059 1065 3129 iniungendum
1088 3059 1281 3114 necessitatem
1304 3057 1402 3115 liberto
1426 3057 1528 3130 ubique

93 3159 148 3201 oum
167 3147 259 3216 aqui.
1046 3205 1048 3208 .

139 3237 315 3291 lsuonasus
331 3236 401 3292 libro
419 3242 498 3294 sexto
516 3253 551 3292 ox
570 3236 674 3293 dessio.
704 3236 809 3307 Operae
828 3236 900 3291 enlm
918 3236 996 3291 looo⁸
1013 3235 1058 3290 edi
1076 3234 1178 3292 debent
1195 3233 1243 3290 ubi
1260 3239 1351 3305 patro·
1370 3229 1528 3319 Q
1547 3239 1589 3294 'Ii

94 3339 139 3380 nus
156 3330 290 3394 moratur,
309 3331 420 3396 sumptu
439 3327 543 3382 scilieet
560 3331 589 3380 et
606 3331 720 3381 uectura
737 3325 854 3395 patroni.
1547 3334 1577 3374 es

73 3423 74 3426 ’
141 3413 239 3468 Gerus
262 3413 331 3470 libro
349 3420 447 3484 quarto
470 3413 578 3470 docimo
602 3415 637 3470 ad
661 3414 782 3469 edietum
804 3413 981 3484 prouinciale.
1019 3411 1087 3468 Cum
1105 3415 1237 3482 patronus
1254 3425 1353 3481 operas
1372 3407 1527 3495 QUI
1561 3416 1582 3470 S

91 3502 238 3573 stipulans
256 3502 300 3572 sit,
319 3507 385 3558 tunc
403 3503 508 3559 scilieet
525 3504 703 3559 committitur
721 3503 876 3573 stipulatio,
894 3517 956 3556 eum
976 3500 1133 3572 poposcerit
1149 3515 1201 3555 nee
1218 3499 1332 3554 libertus
1349 3501 1526 3570 praestiterit.

92 3606 140 3646 nee
157 3592 283 3660 interest,
302 3592 410 3647 adiecta
428 3593 484 3646 sint
501 3591 569 3647 bace
587 3591 674 3646 uerba
692 3591 761 3646 'eum
780 3589 939 3661 peposeoro’
958 3607 994 3645 an
1012 3605 1067 3645 non
1085 3589 1140 3644 sint
1157 3587 1278 3643 adiecta:
1302 3587 1376 3643 aliod
1394 3589 1466 3644 enim
1484 3593 1529 3644 eet

92 3679 124 3734 dc
141 3680 247 3750 operis,
270 3681 344 3735 alind
368 3681 403 3735 dc
426 3681 525 3736 ceteris
548 3679 639 3736 rebus.
667 3695 729 3734 eum
749 3679 821 3734 enim
840 3693 984 3748 operarum
1008 3676 1092 3732 editio
1115 3676 1181 3731 nibil
1199 3675 1272 3731 aliud
1290 3677 1327 3731 sit
1344 3691 1426 3746 qnam
1445 3675 1529 3732 eidoii

92 3771 256 3838 praestatio,
279 3768 427 3824 absurdum
446 3774 490 3824 est
507 3769 619 3824 eredere
637 3770 691 3824 alie
709 3768 754 3823 dio
773 3767 867 3822 deberi
885 3765 1018 3834 officium,
1043 3779 1126 3834 quam
1149 3780 1204 3834 quo
1227 3765 1250 3820 is
1268 3765 1366 3834 uellet,
1389 3766 1433 3820 oui
1451 3779 1529 3836 prae·

92 3857 220 3912 eundum
238 3862 289 3913 est
317 3857 387 3912 Cum
405 3857 519 3912 libertus
537 3857 694 3928 promiserit
706 3861 823 3927 patrono
835 3869 977 3925 operasse
989 3853 1117 3908 daturum
1130 3867 1219 3922 neque
1232 3853 1363 3908 adiecerit
1374 3853 1529 3923 ‘liberisque
1547 3865 1575 3905 so

91 3943 166 4014 eiad,
185 3949 294 4001 constat
312 3945 404 4002 liberis
423 3949 482 4002 eius
500 3948 540 4002 ita
558 3947 668 4002 demum
687 3945 790 4014 deberi,
808 3946 831 4000 si
849 3944 921 4015 patri
940 3941 1054 3998 heredes
1073 3943 1221 3996 extiterint.
1249 3941 1365 3996 heredes
1376 3946 1468 3996 tamen
1482 3957 1528 3996 ex-

91 4035 179 4090 titisse
197 4035 298 4090 iiberos
315 4037 421 4104 parenti
440 4037 480 4090 ita
497 4035 607 4092 demum
625 4033 758 4105 prodesse
781 4033 817 4087 ad
841 4047 984 4102 operarum
1004 4032 1163 4102 petitionem
1181 4031 1287 4086 Iuliano
1304 4030 1408 4100 placet,
1432 4031 1455 4085 si
1473 4045 1528 4085 non

90 4139 139 4192 per
156 4124 240 4177 abum
259 4123 374 4179 heredes
393 4125 550 4179 extiterunt
580 4125 673 4194 itaque
692 4123 716 4177 si
734 4123 796 4191 quis
814 4121 980 4176 exheredato
999 4120 1171 4190 emancipato
1182 4117 1238 4175 filio
1250 4134 1360 4174 seruum
1374 4119 1433 4173 eius
1451 4118 1529 4173 bere·

90 4211 153 4267 dom
171 4213 322 4267 instituerit
340 4218 369 4267 et
385 4227 435 4284 per
453 4227 516 4268 oum
536 4227 646 4268 seruum
664 4211 744 4266 heres
762 4210 884 4266 extiterit
901 4209 981 4280 iilius,
1000 4209 1094 4279 repelli
1112 4223 1174 4263 eum
1193 4207 1229 4262 ab
1241 4223 1384 4277 operarum
1396 4207 1529 4276 petitione

89 4299 206 4370 debere,
229 4301 344 4370 perinde
362 4317 395 4358 se
413 4302 590 4373 repelleretur
608 4305 754 4372 patronus,
778 4300 825 4370 qui
848 4313 946 4369 operas
969 4313 1025 4355 non
1045 4297 1222 4367 imposuisset
1244 4296 1288 4352 uel
1311 4311 1380 4366 quus
1397 4295 1529 4366 Imposuit
1546 4309 1576 4350 ss

87 4397 294 4466 afflueres)

89 4524 97 4556 ¹
116 4521 170 4576 bae
190 4519 388 4586 (DEQIOKII
459 4519 560 4574 ’basi
630 4521 641 4556 ¹
660 4521 755 4590 quales
773 4525 889 4590 patrono
908 4535 1008 4590 operae
1026 4521 1151 4588 edantur,
1169 4533 1205 4573 ex
1222 4521 1313 4573 aetate
1389 4517 1529 4573 aestimari

87 4589 192 4648 debet?
268 4591 326 4646 ‘et
345 4591 406 4645 uice
423 4605 505 4646 uersa
523 4599 570 4646 ina
646 4591 740 4647 ⁵irrue
757 4593 926 4662 prouinciam
944 4601 992 4646 ina.
1063 4591 1152 4645 ‘loco
1171 4590 1218 4643 dcl.

86 4723 632 4794 dpeiiom.F¹lideonparinianusF'
672 4725 782 4794 lOope-
836 4725 868 4779 τὸ
885 4722 945 4794 uap'
963 4721 1044 4785 sirei
1063 4721 1226 4786 insolescatis
1249 4720 1354 4775 οἰκείοις
1372 4721 1461 4775 tibmcr
1481 4729 1528 4773 ta·

86 4801 131 4850 nt
158 4797 197 4850 F·
219 4796 224 4862 Ι
249 4793 383 4850 honestae
413 4797 439 4848 F
524 4795 558 4849 12
587 4794 714 4864 poste‘r'a
743 4795 782 4848 F*
836 4795 993 4858 naudaeus,
1017 4795 1072 4848 ἓωο
1096 4793 1141 4847 ὅτε
1164 4791 1197 4846 τὸ
1238 4791 1438 4862 pemcroisseuriu
1458 4790 1529 4845 ioris

88 4867 122 4922 13
140 4865 269 4934 ae'q’tate
281 4867 318 4919 F‘
371 4865 405 4920 14
417 4865 782 4934 eius]F·eumB(Anon.):
836 4865 866 4921 ὲκ
885 4866 1120 4932 ΦῩοειΒΜηοπ.)
1137 4866 1141 4931 Ι
1158 4879 1194 4932 qu
1245 4859 1389 4934 cuppiF²¹
1437 4863 1472 4916 30
1489 4862 1527 4930 et]

86 4937 126 4991 sai
145 4935 212 4990 iasa
229 4935 427 5008 norondrpoua,
448 4935 571 4992 eiusdem
591 4936 628 4989 pc
686 4937 782 4992 2011,-
837 4939 882 5002 F1,
901 4937 991 5008 acF?
1037 4936 1072 4990 33
1090 4935 1158 5003 loeo]
1179 4949 1213 4990 eo
1230 4933 1394 4998 locoDQrs,
1412 4933 1533 4987 eloeoI

86 5007 182 5064 binum
208 5010 245 5062 ss
305 5009 340 5064 27
364 5009 424 5077 suo]
442 5022 507 5077 'quo
531 5010 580 5062 P:
605 5007 714 5062 isacrm
738 5007 782 5078 rip
836 5009 871 5063 31
889 5009 1004 5063 interest
1021 5006 1131 5062 adiectu
1150 5007 1186 5059 Γ(
1238 5007 1274 5060 38
1293 5003 1411 5059 e'n'ditio
1429 5001 1465 5056 F⁶

1256 5091 1317 5147 21*
