3584 5454
76 291 199 378 suanus
747 267 832 350 753
1149 219 1329 342 xlxxvll
1351 275 1372 341 2
1394 281 1510 338 58-62

11 424 60 506 Ι57)
129 427 271 482 Auernus
289 427 358 483 libro
375 432 474 497 quarto
492 427 660 498 digestorum
680 430 801 486 aPaulo
820 431 1039 500 epitomatorem.
1066 429 1096 488 si
1109 435 1200 487 cretae
1211 429 1317 487 fodiun-
1336 425 1511 514 Q
1529 439 1550 494 S

76 516 128 572 das
146 532 232 572 causa
249 531 362 586 specum
380 516 442 585 quis
460 514 571 572 fecisset
588 522 617 572 et
634 521 737 573 cretam
757 516 929 588 abstulisset,
950 517 995 575 iur
1012 524 1063 590 est,
1081 535 1137 576 non
1155 521 1219 590 quia
1236 518 1360 591 fodisset,
1378 520 1429 576 sed
1446 521 1512 590 quia

76 603 244 661 abstulisset.

11 691 58 772 58)
127 693 270 750 iumsuus
287 691 357 748 libro
374 697 472 764 quarto
491 692 526 748 ad
538 692 664 749 Urseium
677 693 816 750 Ferocem.
844 693 873 750 Si
890 693 946 752 filio
964 693 1081 752 familias
1099 693 1202 752 ionum
1215 694 1317 752 iactum
1336 691 1511 780 Q
1528 703 1550 758 s

75 785 158 851 esset,
176 785 251 836 recte
268 781 293 838 is
310 785 390 852 pater
406 779 524 836 familias
542 779 632 838 iactus
650 797 683 838 eo
702 783 812 840 nomine
831 788 903 854 aget.
931 784 981 840 sed
999 789 1028 840 et
1046 785 1069 841 si
1081 800 1126 842 res
1138 785 1163 841 ei
1175 785 1266 841 locata
1277 783 1409 856 subrepta
1420 784 1511 855 fuerit,
1530 798 1543 838 u

74 874 155 940 pater
171 868 289 925 familias
306 868 397 925 factus
414 869 509 925 itidem
528 885 611 939 agere
628 872 737 940 poterit.
1034 877 1039 886 '

11 946 58 1027 59)
128 957 207 1013 lours
223 957 293 1014 libro
310 959 392 1013 tortio
410 973 445 1013 ox
463 957 581 1014 Minicio.
618 957 648 1014 Si
666 960 698 1030 is,
719 961 767 1030 qui
784 975 842 1016 rem
861 961 1071 1032 commodasset,
1089 977 1151 1017 eam
1169 975 1227 1016 rem
1246 961 1316 1016 clam
1335 955 1550 1044 Qui

75 1045 247 1116 abstulisset,
266 1045 332 1101 forti
350 1061 412 1101 cum
431 1060 465 1101 eo
483 1046 528 1116 agi
547 1062 601 1102 non
620 1052 719 1118 potest,
738 1048 803 1118 qnia
821 1064 901 1104 suum
919 1050 1070 1119 recepisset
1087 1054 1116 1105 et
1132 1049 1177 1104 ille
1195 1048 1361 1104 commodati
1379 1049 1511 1105 liberatus

74 1137 157 1190 esset.
189 1134 242 1190 hoc
264 1139 358 1190 tamen
382 1134 421 1189 ita
445 1134 634 1203 accipiendum
657 1141 712 1205 est,
737 1137 761 1191 si
783 1137 872 1192 nniiae
893 1137 1027 1192 retinendi
1052 1152 1152 1192 camus
1169 1137 1193 1192 is
1212 1137 1257 1192 cui
1275 1137 1449 1194 commodata
1466 1147 1543 1193 resa

73 1227 134 1278 erat
156 1221 267 1278 habuit:
290 1239 354 1278 narn
378 1223 402 1279 si
424 1223 564 1294 impensas
586 1225 757 1280 necessarias
779 1226 808 1280 in
830 1240 887 1280 rem
913 1225 1115 1282 commodatam
1138 1223 1255 1296 iecerat,
1274 1223 1285 1296 Ι
1304 1223 1428 1281 interfuit
1451 1225 1511 1282 eius
1527 1233 1601 1281 lete
1642 1249 1648 1262 ·

73 1311 167 1380 potins
190 1325 240 1382 per
261 1311 442 1368 retentionem
466 1325 514 1366 ees
532 1326 643 1368 seruare
660 1327 743 1382 quam
761 1313 832 1369 ultro
850 1313 1017 1370 commodati
1035 1329 1131 1385 agere,
1154 1314 1272 1384 ideoque
1289 1311 1355 1370 furti
1374 1315 1510 1371 actionem

73 1397 196 1454 habebit

12 1479 57 1557 60)
128 1485 301 1543 demessus
319 1486 388 1544 libro
405 1487 523 1558 septimo
540 1488 741 1558 quaestionum.
768 1488 876 1545 Ancilla
893 1487 1012 1561 ingitiua
1029 1489 1260 1560 quemadmodum
1275 1491 1317 1546 sui
1336 1487 1511 1574 [13.eo,1s,eo
1529 1497 1551 1551 S
1650 1533 1651 1536 ,

73 1571 177 1630 indum
196 1573 287 1631 iacere
304 1576 480 1646 intellegitur,
498 1577 538 1631 ita
555 1581 663 1647 partum
682 1591 792 1646 quoque
810 1577 1004 1634 contrectando
1023 1576 1154 1634 inrduum
1173 1577 1247 1634 iacit.
1351 1565 1510 1574 “-
1530 1592 1560 1631 rs

11 1655 56 1736 el)
126 1663 205 1718 Ioum
227 1662 297 1720 libro
320 1668 419 1719 octauo
437 1664 638 1734 quaestionum.
675 1663 705 1720 Si
723 1681 821 1721 seruus
839 1667 991 1722 communis
1009 1665 1056 1721 uni
1074 1681 1109 1722 ox
1127 1665 1245 1723 dominis
1262 1665 1317 1722 fur·
1335 1659 1551 1750 [wil-2118

72 1756 132 1808 tum
156 1749 265 1822 iecerit,
291 1753 429 1808 communi
451 1751 603 1809 diuidundo
627 1753 673 1823 agi
695 1752 796 1809 debere
818 1755 910 1824 placet
932 1759 961 1809 et
983 1753 1096 1812 arbitrio
1119 1754 1217 1810 iudicis
1240 1755 1386 1823 contineri,
1410 1757 1442 1808 ut
1464 1757 1513 1808 aut

73 1839 204 1896 damnum
227 1844 350 1910 praestet
373 1844 421 1895 aut
440 1845 518 1910 parte
536 1840 626 1896 cedat
659 1841 705 1896 cui
723 1857 894 1912 consequens
912 1842 1022 1898 uidetur
1040 1857 1115 1913 esse,
1140 1847 1172 1898 ut
1190 1843 1285 1913 etiam,
1310 1843 1334 1899 si
1352 1842 1513 1898 alienauorit

73 1945 153 1984 suam
171 1933 286 1998 partem,
305 1929 429 1983 similiter
446 1932 476 1984 et
493 1943 555 1984 cum
574 1933 697 2000 emptore
716 1930 761 2000 agi
779 1930 875 2000 possit,
894 1935 926 1985 ut
943 1930 1145 2000 quodammodo
1163 1931 1270 1987 noxalis
1288 1931 1360 1988 actio
1374 1934 1458 2000 caput
1469 1945 1511 1984 se·

73 2021 183 2087 quatur.
211 2015 286 2087 quod
303 2020 396 2072 tamen
414 2031 469 2072 non
486 2031 520 2072 eo
538 2031 626 2086 usque
644 2017 850 2087 producendum
870 2018 916 2088 ait,
934 2023 966 2074 ut
984 2019 1076 2088 edam,
1095 2019 1119 2074 si
1130 2017 1199 2074 liber
1210 2020 1247 2074 sit
1258 2018 1357 2089 iactus,
1376 2018 1511 2088 cumipse

73 2105 120 2175 agi
138 2119 221 2176 posse
238 2104 377 2176 dicemus,
401 2105 481 2160 sicuti
499 2119 554 2160 non
572 2110 700 2175 ageretur
718 2106 814 2176 edam,
839 2106 863 2160 si
880 2105 1006 2176 proprius
1025 2105 1131 2163 fuisset.
1165 2122 1200 2162 ex
1217 2107 1260 2162 his
1278 2107 1363 2177 igitur
1380 2120 1512 2177 apparere
1531 2119 1559 2159 ro

73 2198 104 2248 et
127 2198 236 2248 mortuo
259 2207 340 2249 seruo
361 2192 427 2248 nihil
445 2208 520 2262 esse,
544 2193 617 2263 quod
636 2198 713 2249 actor
731 2207 765 2250 cc
782 2195 892 2249 numine
910 2195 1041 2264 consequi
1059 2195 1160 2266 possit,
1185 2195 1238 2250 nisi
1256 2193 1326 2250 sorte
1344 2193 1411 2264 quid
1429 2209 1464 2248 cx
1481 2209 1512 2249 re

40 2289 52 2331 r
72 2279 177 2337 iurdna
195 2281 231 2337 ad
249 2282 353 2337 socium
372 2281 536 2351 peruenerit.
565 2281 615 2336 His
633 2282 716 2337 etiam
734 2281 800 2336 iliud
819 2297 991 2352 consequens
1009 2297 1070 2338 esse
1085 2283 1132 2352 ait,
1150 2287 1181 2338 ut
1194 2287 1222 2338 et
1234 2283 1293 2338 siis
1305 2297 1411 2352 seruus,
1429 2297 1510 2352 quem

73 2369 140 2426 milri
158 2370 266 2440 pignori
284 2369 401 2439 dederis,
419 2368 521 2425 lurtum
541 2369 606 2424 mihi
624 2368 729 2439 iecerit,
747 2369 855 2440 agendo
867 2371 1003 2426 cornaria
1013 2371 1194 2441 pignoraticia
1206 2384 1366 2439 consequar,
1384 2370 1426 2424 uti
1438 2370 1510 2425 simi·

38 2465 54 2510 a
72 2458 135 2514 liter
152 2463 202 2513 aut
218 2457 348 2513 damnum
367 2458 479 2513 decidas
498 2461 548 2514 aut
565 2473 614 2528 pro
632 2472 721 2513 noxae
739 2457 878 2514 deditione
896 2457 1033 2514 hominem
1051 2459 1197 2529 relinquas.
1227 2459 1303 2514 Idem
1316 2457 1461 2513 dicendum
1475 2457 1510 2512 de

72 2562 116 2617 eo,
134 2561 217 2616 quem
236 2547 410 2601 conuenisset
427 2547 456 2601 in
474 2561 559 2601 cansa
576 2545 764 2602 redhibitionis
782 2561 853 2616 osec,
870 2547 919 2616 nti,
938 2547 1168 2617 quemadmodum
1181 2547 1353 2602 accessiones
1366 2545 1510 2601 etiructus
1529 2559 1558 2600 rs

73 2640 181 2705 emptor
197 2635 342 2689 restituere
360 2635 475 2704 cogitur,
493 2634 533 2690 ita
551 2639 579 2689 et
596 2649 613 2689 e
631 2635 767 2690 contrario
786 2634 912 2689 uenditor
929 2650 1040 2706 quoque
1057 2637 1101 2691 uel
1120 2635 1250 2690 damnum
1264 2634 1392 2690 decidere
1403 2635 1448 2690 uel
1460 2649 1510 2705 pro

38 2731 53 2774 a
72 2737 162 2779 noxae
180 2721 319 2778 deditione
336 2721 473 2778 hominem
492 2723 645 2792 relinquere
663 2727 785 2792 cogatur.
813 2722 872 2778 Nisi
884 2723 958 2793 quod
975 2724 1004 2779 in
1022 2724 1065 2779 his
1083 2723 1200 2794 amplius
1217 2723 1261 2793 sit,
1280 2723 1363 2794 quod,
1382 2725 1405 2778 si
1420 2724 1510 2779 sciens

72 2812 135 2881 quis
153 2811 290 2881 ignoranti
307 2809 395 2866 iurem
413 2811 521 2880 pignori
539 2810 654 2881 dederit,
672 2811 747 2866 omni
764 2810 847 2866 modo
865 2810 995 2867 damnum
1013 2817 1153 2883 praestare
1169 2811 1310 2882 cogendus
1322 2817 1378 2867 est:
1396 2811 1425 2867 id
1436 2811 1510 2867 enim

38 2898 163 2955 lbcnae
184 2897 249 2954 ddei
267 2899 425 2954 conuenire:
449 2898 505 2955 Sed
528 2900 556 2955 in
580 2900 688 2956 actione
705 2899 790 2968 empti
807 2899 955 2968 praecipue
973 2900 1152 2970 spectandum
1171 2915 1247 2969 esse,
1272 2901 1380 2970 qualem
1399 2915 1509 2956 seruum

39 2995 53 3040 t
71 2987 201 3043 uenditor
217 2987 411 3057 repromiserit.
440 2987 519 3054 Quod
537 3001 604 3043 uero
621 2987 657 3043 ad
672 2987 795 3042 mandati
806 2987 941 3042 actionem
955 2988 1061 3058 attinet,
1079 2987 1206 3044 dubitare
1217 3003 1248 3044 se
1260 2989 1307 3058 ait,
1325 3004 1390 3044 num
1404 2991 1508 3058 aequel
1529 2997 1557 3040 eo

72 3075 219 3132 dicendum
237 3076 274 3130 sit
291 3077 366 3131 omni
384 3075 466 3132 modo
484 3075 613 3132 &mnam
631 3076 765 3147 praestari
783 3074 892 3145 debere,
911 3076 1067 3146 etquidem
1085 3075 1138 3131 hoc
1156 3076 1273 3146 amplius
1290 3089 1372 3146 quam
1387 3078 1415 3132 in
1427 3092 1508 3147 supe·

71 3163 191 3220 rioribus
208 3164 300 3219 causis
318 3163 492 3234 seruandum,
511 3169 550 3234 ut,
569 3163 676 3219 etiamsi
694 3165 862 3234 ignoraucrit
879 3164 911 3234 is,
930 3164 976 3234 qni
993 3167 1098 3219 certum
1111 3163 1249 3220 hominem
1261 3165 1316 3220 omi
1327 3164 1508 3235 mandauerit,

71 3252 160 3308 iurem
179 3267 255 3321 esse,
276 3251 360 3307 nihilo
379 3253 469 3308 minus
486 3257 579 3307 tamen
597 3251 728 3308 damnum
746 3251 873 3308 decidere
891 3255 1014 3321 cogatur.
1046 3251 1196 3307 iustissime
1213 3252 1286 3308 enim
1303 3257 1507 3322 procuratorem

71 3341 265 3411 allegaremus
283 3339 368 3396 inisse
386 3355 416 3396 se
433 3341 462 3396 id
480 3341 610 3396 damnum
628 3355 788 3410 passnmm,
806 3341 829 3395 si
848 3340 876 3395 id
894 3339 1055 3394 mandatum
1072 3354 1128 3396 non
1146 3341 1326 3410 suscepisset:
1351 3341 1434 3410 idque
1451 3341 1507 3396 eul-

71 3429 182 3486 dentr'us
199 3429 227 3484 in
246 3443 331 3484 cansa
347 3429 466 3500 depositi
484 3443 625 3500 apparere.
652 3444 716 3484 nam
733 3429 799 3483 licet
816 3427 936 3498 alioquin
954 3443 1072 3498 aequum
1090 3428 1218 3484 uideatur
1235 3443 1290 3484 non
1308 3433 1434 3498 oportere
1452 3429 1507 3484 cui·
1527 3438 1556 3480 ss

71 3533 154 3588 qnam
173 3517 235 3588 plns
252 3517 346 3572 damni
362 3533 412 3586 per
430 3531 539 3572 sernum
557 3515 682 3586 euenire,
701 3531 784 3586 qnam
802 3517 897 3585 quanti
914 3517 975 3587 ipse
993 3531 1090 3572 seruus
1109 3517 1159 3586 sit,
1178 3517 1264 3572 mnlto
1281 3520 1374 3572 umen
1392 3516 1507 3586 aequius

72 3621 134 3661 esse
153 3605 255 3660 nemini
272 3603 392 3660 officium
411 3621 500 3674 suum,
518 3604 592 3674 quod
611 3604 678 3674 eius,
697 3619 760 3660 cum
778 3618 832 3672 quo
850 3605 1025 3674 contraxerit,
1043 3619 1098 3660 non
1116 3605 1199 3660 edam
1218 3605 1261 3660 sui
1275 3603 1410 3662 commodi
1423 3619 1507 3659 causa

71 3694 233 3762 susceperit,
245 3693 408 3749 damnosum
418 3707 488 3762 esse,
501 3699 531 3748 et
542 3693 614 3748 sicut
625 3693 654 3747 in
665 3691 852 3762 superioribas
863 3692 1058 3762 contractibus,
1070 3691 1229 3747 uenditione
1240 3691 1375 3746 locatione
1384 3692 1507 3761 pignore,

70 3779 164 3836 dolum
183 3781 251 3851 eius,
269 3781 316 3851 qui
334 3782 424 3837 sciens
441 3781 589 3850 reticuerit,
607 3780 775 3852 puniendum
793 3795 856 3835 esse
874 3779 977 3835 dictum
990 3779 1034 3850 sit,
1051 3780 1092 3835 ita
1102 3780 1131 3834 in
1143 3778 1186 3834 his
1198 3779 1306 3848 eulpam
1318 3793 1421 3848 eorum,
1440 3793 1507 3848 quo

71 3885 131 3924 rum
150 3884 235 3924 causa
253 3868 437 3939 eunuchatur,
455 3870 523 3940 ipsis
540 3869 633 3939 potius
651 3869 811 3924 damnosam
830 3883 891 3924 esse
910 3867 1019 3924 debere.
1048 3883 1113 3923 nam
1131 3871 1206 3922 certe
1223 3865 1379 3922 mandantis
1398 3867 1506 3937 culpam
1525 3879 1554 3920 4ο

70 3971 142 4027 esse,
161 3957 209 4027 qni
226 3958 309 4012 talem
327 3973 438 4014 seruum
456 3959 510 4014 erni
528 3957 581 4014 sibi
598 3957 826 4027 mandaueritet
842 3957 967 4012 similiter
983 3956 1043 4012 eius
1060 3956 1107 4025 qni
1125 3955 1254 4026 deponat,
1272 3953 1345 4024 quod
1357 3969 1413 4011 non
1424 3953 1508 4010 inerit

39 4044 228 4116 eddigentior
245 4045 318 4101 circa
337 4046 511 4115 monendum,
530 4047 639 4116 qualem
658 4061 767 4102 seruum
786 4045 944 4117 deponeret
981 4043 1061 4101 Circa
1078 4043 1280 4100 commodatum
1299 4046 1391 4099 autem
1409 4043 1506 4099 merito

69 4151 265 4220 HXYMOG)

71 4303 80 4336 ¹
99 4299 199 4369 aeque]
217 4300 374 4378 peraeque?

70 4449 86 4503 1
106 4446 241 4534 alphenus
258 4449 287 4512 F,
305 4447 401 4520 ’Aspre
421 4449 449 4503 B
469 4451 474 4517 Ι
494 4449 602 4520 pauidi
614 4450 679 4520 epit.
698 4451 737 4502 1¹⁸³
756 4453 761 4516 Ι
816 4450 876 4503 uias
900 4447 1065 4512 dssrsdzersr
1091 4447 1171 4510 ιιῨτὸο
1193 4446 1330 4512 ὲπιιιιῶοοι
1352 4447 1399 4502 BS
1416 4448 1506 4516 (Dor.)

69 4517 394 4575 cre'ctaetorlinndrae
407 4521 444 4573 F’
487 4519 762 4576 8abetniisset'cum'
816 4519 1065 4588 ddcoffemdnsi'*
1109 4517 1283 4574 addubitare
1295 4533 1325 4574 se
1339 4519 1418 4573 ...31
1428 4533 1506 4588 prae·

68 4587 209 4644 illriiuum
219 4587 256 4642 ll‘
299 4590 515 4646 9retlnendol1
560 4592 596 4646 24
608 4590 761 4660 nexaeF'i
815 4590 883 4646 stati
894 4589 1005 4660 debere]
1021 4588 1211 4654 duerda'llcrur,
1231 4589 1319 4654 ἕλει-εκ
1333 4587 1505 4654 ὸΊογλιοκόο,

68 4661 229 4730 relinquas
246 4661 284 4713 F’
343 4663 377 4715 27
401 4661 453 4716 nisi
470 4661 544 4730 quod
562 4662 623 4732 asp]
649 4663 712 4716 laec
729 4662 762 4715 no
815 4661 873 4716 urirr
893 4662 967 4716 usuri
986 4659 1076 4730 τρόπῳ
1102 4659 1199 4723 ὀφείλει
1225 4661 1264 4714 sui
1287 4658 1506 4714 decredimus

69 4731 213 4786 editoribus
236 4733 305 4785 moto
329 4733 490 4786 distinctione
510 4733 674 4802 pessumdato
696 4738 763 4786 recte
815 4731 864 4786 ruis
883 4732 975 4785 zasias
994 4729 1169 4796 ἒιιιμοώοκεικ
1188 4729 1251 4801 Ῡιιὲρ
1270 4731 1318 4791 roi
1337 4731 1440 4793 οἰκὲιογ
1457 4731 1506 4784 BS

69 4807 224 4872 mepemd
247 4799 356 4855 Graeci:
385 4799 414 4854 ’es
442 4801 530 4868 τοῩτφ
557 4801 588 4854 ld
610 4803 650 4869 τῷ
674 4800 761 4856 essuri
815 4803 907 4868 (Dor.)
942 4803 977 4857 32
986 4801 1123 4856 hominem
1132 4803 1227 4856 om.F¹
1234 4801 1332 4870 εριιτὸκ
1343 4801 1446 4855 ciatrem
1457 4801 1506 4854 BS

68 4867 156 4926 haino
173 4869 347 4935 reconderis,
366 4871 414 4936 ὃτι,
432 4870 479 4926 edu
497 4871 632 4926 rrosildrc
650 4873 762 4927 κλὲιιτιιιι
815 4872 850 4926 33
868 4887 901 4927 co
938 4877 983 4928 tur
1001 4874 1026 4926 F
1064 4873 1100 4927 34
1116 4871 1394 4942 allegaro'm'nonF'
1409 4873 1414 4938 Ι
1430 4887 1505 4925 man·

68 4939 134 4996 sisar
153 4941 203 4996 rdrr
222 4940 326 4996 nistros
339 4943 378 5010 τῷ
391 4942 512 5012 οοοειοτι)
525 4941 662 5006 isueoiarr
676 4943 762 4995 alno·
815 4942 910 4998 datum
951 4942 1111 4998 damnatum
1140 4943 1175 4995 F¹
1247 4942 1284 4997 35
1312 4941 1442 4998 uidentur
1468 4939 1504 4994 1¹⁴¹

69 5029 115 5068 κεοι
134 5011 217 5074 ι’γῐὸκ
236 5011 275 5066 sic
292 5009 425 5084 ὲκέχγροιο,
447 5015 521 5068 usuri
541 5013 632 5084 τρόπῳ
649 5012 697 5067 rs'ru
716 5031 761 5066 ιιι·
815 5013 849 5069 el
868 5011 998 5083 trifidum]
1016 5011 1101 5070 officii
1119 5015 1155 5067 ΙΝ

11 5301 13 5304 ·
30 5295 37 5304 “’
77 5301 86 5316 ο

151 5419 153 5421 .
224 5407 230 5421 Δ
