3584 5454
83 292 130 340 nr
151 291 199 340 nn
219 275 494 384 summamoun
754 266 838 349 733
1170 272 1334 342 XXXXVI
1355 274 1375 340 8
1399 281 1511 337 15-21

24 434 66 493 15
137 429 215 485 inmas
237 429 306 486 libro
331 435 428 501 quarto
451 429 557 485 decimo
581 428 617 484 ad
634 428 779 484 Plautium.
816 427 942 500 Amplius
965 443 1020 485 non
1037 429 1094 500 peti
1112 428 1226 486 uerbum
1244 425 1512 515 Labeoffl
1529 435 1559 492 Β

84 519 124 574 ita
146 518 311 590 accipiebat,
336 520 359 575 si
382 519 484 576 iudicio
506 519 622 590 petitum
646 523 728 574 esset.
760 518 783 574 si
806 523 897 574 autam
921 519 949 574 in
972 517 1015 573 lua
1039 532 1101 573 enm
1123 519 1264 575 uocauerit
1282 523 1310 575 ei
1327 521 1394 576 satis
1411 521 1511 577 iudicio

84 607 199 664 sistendi
216 595 301 665 causa
319 609 463 681 acceperit,
482 607 612 662 indicium
630 611 722 662 tamen
741 612 866 678 coeptum
885 621 940 663 non
957 605 1048 678 fuerit,
1066 622 1119 678 ego
1136 611 1204 679 puto
1216 623 1270 664 non
1283 609 1416 665 committi
1426 609 1511 678 stipu-

84 698 213 754 lationem
236 697 351 769 amplius
369 713 424 753 non
442 696 513 767 peti:
537 695 582 750 bic
599 696 671 751 enim
689 711 744 754 non
761 699 845 768 petit,
863 697 913 753 sed
930 701 1024 768 petere
1041 697 1110 752 uult.
1142 698 1166 753 si
1183 711 1250 753 uero
1267 699 1357 754 soluta
1374 702 1448 754 esset
1464 711 1512 768 pe-

83 785 179 856 cunia,
201 787 265 842 lieet
288 787 347 842 sine
369 785 483 856 iudicio,
506 785 683 841 committitur
705 787 859 858 stipulatio:
883 802 947 842 nanr
965 791 994 844 et
1012 787 1035 841 si
1052 786 1113 856 quis
1131 787 1264 844 aduersus
1281 792 1427 858 patenum
1439 801 1511 842 conr·
1530 795 1544 836 ⁵

83 875 244 946 pensatione
261 874 462 938 deductioneus
480 890 547 930 usus
564 875 608 945 sit,
626 881 700 931 recte
718 875 822 932 dictum
840 881 884 932 est
894 876 997 946 petisse
1009 889 1071 931 euru
1084 875 1171 931 uideri
1183 882 1212 932 et
1224 877 1425 947 stipulationem
1438 891 1511 932 com·

83 966 156 1020 mitti
178 965 294 1036 amplius
316 979 371 1020 non
393 963 459 1035 peti.
493 978 556 1018 nam
580 967 609 1019 et
630 963 721 1036 bores,
744 965 791 1037 qui
814 965 959 1022 damnatus
982 979 1036 1021 non
1054 968 1167 1036 petere,
1191 965 1511 1036 si1horumqnisquam

82 1053 203 1125 iecisset,
222 1069 257 1110 ex
274 1057 440 1108 tutamento
457 1056 574 1108 tenetur.

24 1147 65 1206 16
135 1144 306 1200 Pourourus
328 1141 396 1198 libro
419 1142 500 1198 tertio
524 1157 559 1197 ex
578 1140 693 1198 Plautio.
730 1140 759 1198 Si
782 1141 934 1200 indebitum
957 1143 1126 1214 procuratori
1149 1142 1267 1198 solutum
1291 1143 1335 1213 sit,
1354 1136 1511 1227 [Q
1529 1145 1557 1200 11

83 1231 129 1302 agi
152 1232 245 1287 statim
269 1245 304 1286 ex
321 1232 373 1287 hac
392 1231 565 1302 stipulatione
584 1231 717 1288 aduersus
734 1237 937 1302 procuratorem
955 1237 1061 1303 potest,
1085 1235 1116 1287 ut
1140 1237 1228 1288 ratum
1252 1231 1354 1288 habeat
1376 1233 1510 1302 dominus,
1531 1241 1559 1281 ιο

83 1325 115 1376 ut
137 1321 226 1391 possit
248 1319 367 1391 dinosci,
391 1325 519 1376 utrumne
542 1319 653 1376 dominu
676 1320 781 1376 oondici
803 1319 904 1377 debeat
927 1321 955 1376 id
974 1319 1048 1390 quod
1066 1319 1217 1376 indebitum
1238 1321 1355 1377 solutum
1375 1322 1421 1393 sit,
1446 1322 1511 1377 siis

48 1423 61 1468 1
82 1415 172 1465 ratum
191 1407 299 1481 babeat,
318 1425 353 1465 an
371 1425 438 1466 uero
456 1411 624 1480 procuratori
642 1409 840 1467 eondicsudum
858 1411 902 1481 sit,
921 1410 945 1466 si
962 1410 1089 1466 dominus
1107 1415 1196 1466 ratum
1208 1409 1383 1467 nonhabeat.
1408 1409 1438 1467 Si
1449 1425 1510 1480 pro·

81 1504 193 1555 wrator
210 1497 323 1554 tunium
342 1499 459 1570 petisset
476 1506 505 1555 et
523 1500 657 1571 cauisset,
681 1499 722 1554 uti
740 1498 859 1570 adsolet,
882 1504 969 1555 ratam
988 1513 1045 1555 rem
1063 1499 1203 1556 dominum
1221 1497 1391 1569 habiturum,
1412 1499 1511 1556 deiude

82 1587 210 1646 dominus
226 1591 324 1658 postea
341 1588 458 1645 eundem
477 1587 591 1645 fundum
612 1588 782 1646 uendidisset
803 1603 921 1660 eumque
939 1593 1045 1659 emptor
1061 1594 1180 1660 peteret,
1204 1590 1406 1661 stipulationem
1423 1594 1510 1646 ratam

81 1691 139 1733 rem
160 1675 254 1732 baberi
272 1678 404 1734 committi
422 1677 543 1734 lulianus
562 1678 665 1734 scribit.
1530 1687 1558 1726 1⁶

24 1767 62 1828 17
136 1767 316 1824 usacsmus
336 1764 404 1823 libro
423 1767 572 1824 uicensimo
589 1768 677 1837 primo
696 1767 874 1838 digestorum.
910 1765 979 1822 llum
999 1763 1121 1821 debitore
1139 1763 1233 1822 decem
1253 1766 1338 1822 credi·
1356 1762 1512 1851 [offis-t
1530 1769 1590 1842 iis-

81 1855 150 1912 turis
171 1856 280 1912 nomine
297 1855 387 1912 Titius
410 1855 480 1926 egit:
503 1862 609 1927 partem
632 1856 772 1928 petitionis
795 1859 883 1911 ratam
905 1852 1001 1910 babuit
1018 1853 1153 1910 dominns.
1186 1854 1331 1911 dicendum
1350 1861 1393 1911 est
1410 1856 1512 1927 obliga·

82 1944 166 2000 donis
188 1950 294 2016 partem
318 1950 521 2016 consumptam,
544 1944 775 2016 quemadmodum
794 1944 818 1999 si
835 1943 931 1999 decem
949 1943 1095 2014 stipulatus
1113 1949 1188 2000 esset
1204 1951 1254 1999 aut
1271 1945 1409 2014 exegisset
1426 1945 1512 2002 credi·

81 2039 180 2104 torque
197 2047 252 2090 non
269 2037 366 2104 totum,
385 2033 433 2090 sad
451 2040 558 2104 partem
576 2040 672 2106 gestae
689 2035 729 2090 rei
747 2030 961 2103 comprobasset.
988 2031 1090 2088 idcirco
1108 2033 1132 2088 si
1149 2047 1184 2088 ex
1202 2033 1332 2103 stipulatu
1350 2033 1451 2090 'dacem
1464 2039 1513 2090 aut

83 2121 227 2192 Stichum,
250 2127 341 2178 utrum
365 2137 418 2193 ego
440 2122 561 2180 uolusro'
579 2123 692 2180 absente
714 2137 759 2179 me
776 2123 867 2178 litias
891 2121 1001 2178 domino
1019 2122 1139 2193 quinque
1156 2123 1285 2194 petisset,
1307 2123 1432 2179 insecuta
1448 2123 1512 2179 rati·
1530 2129 1559 2170 ¹⁰

81 2209 222 2268 habitione
239 2217 313 2268 reete
332 2216 423 2267 actum
442 2212 537 2269 uideri.

25 2303 64 2363 18
136 2301 308 2357 Pomeourus
332 2299 402 2357 libro
423 2301 574 2358 uicensimo
596 2305 675 2357 sexto
697 2300 733 2356 ad
757 2299 897 2357 Sabinum.
934 2297 963 2356 Si
986 2304 1146 2371 procurator
1166 2304 1253 2356 ratam
1276 2315 1333 2357 rem
1356 2295 1551 2385 Qu

82 2390 222 2446 dominum
245 2389 410 2446 beredemne
433 2391 494 2446 eius
516 2389 672 2446 habiturum
696 2390 801 2446 canerit
824 2395 853 2446 et
870 2405 941 2446 unus
960 2403 993 2445 ex
1011 2387 1158 2445 heredibus
1176 2389 1278 2446 domini
1296 2393 1384 2445 ratum
1403 2389 1511 2459 habeat,

41 2495 46 2504 ·
82 2479 152 2536 alter
169 2494 224 2536 non
242 2477 351 2550 babeat,
369 2480 428 2536 sine
446 2479 530 2536 dubio
548 2479 734 2536 committatur
751 2479 891 2548 stipulatio
908 2492 958 2549 pro
977 2493 1011 2534 ea
1027 2482 1114 2549 parts,
1132 2493 1182 2549 pro
1194 2483 1350 2548 quaratum
1362 2477 1511 2535 nonhabe

82 2567 164 2638 bitur,
183 2569 248 2638 qnia
264 2569 293 2623 iu
310 2569 340 2624 id
357 2569 542 2640 committitur,
561 2568 635 2640 quod
653 2569 821 2640 stipulatoris
839 2569 954 2625 intersit.
982 2584 1045 2624 nam
1064 2571 1093 2623 et
1110 2567 1134 2623 si
1151 2568 1211 2638 ipsu
1229 2567 1354 2624 dominus
1371 2581 1422 2638 pro
1433 2571 1511 2638 parta
1529 2574 1559 2617 ¹⁶

82 2664 172 2716 ratum
191 2657 325 2730 babuerit,
343 2673 393 2728 pro
411 2663 488 2730 parte
506 2673 561 2716 non
578 2657 711 2730 habuerit,
730 2672 784 2714 non
802 2657 973 2728 ultraquam
991 2658 1019 2714 ln
1036 2661 1143 2729 partem
1160 2657 1345 2714 committetur
1361 2657 1510 2728 stipulatio,

82 2749 148 2821 quia
164 2747 192 2803 in
210 2745 239 2803 id
256 2747 441 2820 committitur,
461 2748 536 2820 quod
553 2748 661 2804 intumit
678 2747 794 2818 agentis.
821 2751 851 2803 et
867 2747 931 2804 ideo
948 2747 1059 2818 saepius
1076 2762 1111 2803 ex
1123 2761 1157 2803 ea
1169 2745 1343 2818 stipulatione
1354 2747 1400 2817 agi
1410 2749 1511 2818 potest,

57 2825 60 2830 ’
81 2841 165 2909 prout
181 2837 289 2892 intersit
306 2838 427 2907 mentis,
450 2837 525 2907 quod
542 2837 645 2908 litigat,
664 2835 738 2907 quod
756 2837 905 2908 consumit,
924 2837 998 2908 quod
1016 2837 1148 2905 aduocat,
1165 2835 1240 2907 cuod
1257 2835 1403 2892 damnatus
1420 2835 1512 2905 soluit,

82 2928 155 2984 sieut
177 2927 205 2982 in
228 2926 402 2995 stipulatione
424 2926 517 2983 damni
540 2925 633 2982 iniecti
657 2925 902 2996 acciderepotest,
925 2931 958 2982 ut
974 2927 997 2982 is
1015 2927 1062 2998 qui
1080 2926 1227 2996 stipulatus
1244 2926 1281 2981 sit
1297 2925 1413 2981 subinde
1431 2929 1511 2995 agat:
1530 2929 1559 2973 ²⁹

82 3015 254 3072 canetenim
274 3015 304 3070 'si
321 3015 387 3084 quid
405 3013 444 3071 ibi
461 3021 523 3072 ruet
540 3015 680 3071 scindetur
695 3013 815 3070 fodietur
832 3013 842 3080 ΙΙ
859 3013 1064 3070 acuificsbitur'.
1091 3014 1164 3085 linge
1176 3013 1369 3085 ergosubinde
1381 3013 1510 3069 damnum
1529 3015 1600 3064 taes

82 3105 156 3161 duri:
181 3119 235 3160 non
253 3104 305 3159 erit
322 3103 449 3175 dubium,
470 3105 553 3175 quin¹
571 3119 654 3174 agere
670 3105 772 3174 possit:
795 3119 858 3159 nam
877 3104 901 3158 si
919 3107 978 3160 toto
996 3103 1096 3160 damno
1114 3108 1273 3174 computato
1290 3109 1356 3159 tunc
1374 3102 1510 3174 agendmn

81 3199 134 3266 est,
152 3193 349 3265 propemodum
368 3210 422 3250 nou
441 3197 504 3249 ante
520 3197 593 3264 aget,
611 3209 693 3263 quam
706 3192 765 3248 dies
777 3193 960 3264 stipulationis
972 3193 1150 3264 praeterierit,
1168 3193 1239 3248 intra
1250 3207 1332 3263 quem
1344 3191 1369 3248 si
1381 3191 1510 3248 damnum

81 3285 179 3340 datum
197 3283 241 3354 sit,
259 3283 432 3352 stipulatione
449 3287 559 3339 cautum
579 3282 644 3338 erit:
662 3281 736 3352 quod
753 3296 849 3338 uerum
868 3297 923 3338 non
940 3288 992 3338 est.

29 3373 64 3433 19
136 3373 255 3428 Psunus
278 3372 347 3427 libro
371 3372 581 3428 tertiodecimo
606 3370 642 3426 ad
659 3370 799 3426 Sabinum.
836 3371 867 3426 ln
891 3371 1080 3442 stipulatione,
1104 3385 1160 3442 qua
1176 3375 1335 3441 procurator
1353 3363 1551 3454 Qui

82 3467 165 3519 must
188 3465 275 3518 ratam
298 3475 355 3516 rem
377 3460 516 3517 dominum
534 3458 702 3530 habiturum,
725 3459 754 3514 id
772 3459 940 3531 conductus,
963 3459 1037 3530 quod
1054 3459 1161 3516 intersit
1178 3459 1353 3531 stipulatoris.
1383 3459 1511 3530 idemque
1530 3466 1559 3508 ³⁶

82 3552 150 3608 iuris
168 3556 211 3608 eat
228 3552 257 3606 in
274 3550 403 3606 clausulis
421 3549 547 3606 omnibns
565 3549 600 3606 ds
618 3548 680 3606 dolo
699 3549 780 3604 malo.

27 3639 67 3702 20
137 3641 288 3698 Unamuus
310 3638 380 3696 libro
402 3639 491 3709 primo
508 3638 733 3710 disputationum.
768 3637 830 3694 tion
847 3637 935 3694 solum
953 3637 982 3694 in
999 3636 1166 3708 actionibus,
1190 3651 1259 3707 quas
1276 3650 1337 3708 pro·
1370 3648 1396 3694 u.
1403 3649 1511 3706 s‚11‚uo
1528 3639 1551 3696 3

83 3735 194 3787 curator
213 3730 343 3801 intendit,
367 3743 462 3786 uerum
481 3729 509 3784 iu
527 3726 748 3800 stipulationibus
767 3741 888 3798 quoque,
910 3741 980 3798 quas
997 3727 1133 3798 interponi
1150 3726 1301 3797 desiderat,
1325 3726 1349 3781 si
1365 3726 1453 3782 uicem
1470 3743 1511 3784 rs-

82 3823 260 3893 praesentaat
282 3819 434 3890 undenum,
458 3833 557 3874 cauma
574 3832 637 3873 eum
655 3817 690 3872 de
708 3821 768 3874 rato
785 3821 903 3889 oportet.
935 3831 1019 3887 quare
1037 3817 1061 3872 si
1078 3816 1178 3887 duplae
1195 3814 1397 3886 stipulationem
1415 3829 1512 3886 procu·

83 3915 158 3966 rator
181 3909 349 3980 interponat,
373 3907 408 3963 dc
432 3911 492 3964 rato
516 3921 614 3963 cauere
638 3905 730 3962 debet.
761 3906 812 3962 sed
835 3911 864 3963 st
882 3905 907 3962 si
924 3905 1016 3961 damni
1034 3903 1127 3961 iniecti
1145 3905 1284 3975 stipulatio
1302 3919 1320 3960 a
1337 3910 1512 3975 procuratore
1529 3914 1559 3956 so

82 4000 280 4070 interponatur,
298 3996 411 4052 dorato
429 3995 512 4053 debat
528 4001 689 4067 procurator
706 4011 814 4052 cauere.

32 4088 65 4150 il
136 4087 215 4143 lours
232 4085 301 4142 libro
318 4086 405 4158 primo
424 4086 590 4157 opinionum.
620 4085 662 4142 lle
680 4085 824 4141 satisdatio
841 4088 929 4140 ratam
947 4097 1004 4140 rem
1022 4082 1161 4140 dominum
1180 4080 1336 4138 habitururn
1354 4079 1550 4168 [bssosr‘iJu‘sS

82 4176 211 4246 exigatur
228 4176 256 4230 in
274 4175 316 4232 bis
334 4189 405 4247 quae
422 4176 531 4232 nomino
549 4175 609 4231 sius
626 4178 730 4246 ageret,
748 4175 813 4245 qui·
829 4189 893 4230 sum
911 4187 942 4230 sc
959 4171 1058 4229 leobae
1075 4177 1276 4243 procuratorem
1293 4159 1511 4245 libellis‘pffncffl

82 4265 150 4322 dato
173 4263 313 4336 protessus
336 4270 392 4336 ast,
407 4264 536 4336 prodest
568 4263 642 4334 qnod
665 4263 689 4320 si
711 4263 861 4321 iudicatum
879 4263 949 4321 solui
966 4263 1035 4320 satis
1052 4261 1088 4319 ab
1105 4275 1139 4320 eo
1155 4266 1332 4334 procuratore
1348 4263 1510 4335 postuletur,

83 4369 198 4412 necesse
215 4357 264 4425 cst,
282 4359 314 4410 nt
330 4355 382 4411 iuri
400 4352 545 4411 manifesto
562 4356 699 4425 pareatur.
1187 4371 1191 4382 ·
1529 4362 1558 4405 as

82 4459 277 4530 affirmes)

84 4622 203 4678 uidet
274 4619 420 4678 ²subinds
438 4629 486 4678 ins.
504 4623 632 4690 (simililer
649 4621 716 4690 sud)
786 4617 909 4692 'quodi

83 4783 234 4854 ipolitum
252 4781 334 4852 esset}
356 4782 400 4846 F’,
423 4782 537 4852 petitum
556 4796 644 4837 essem
662 4781 706 4846 F¹,
724 4795 770 4850 pe
823 4779 932 4836 dictur
951 4775 1000 4832 par
1061 4779 1096 4836 33
1119 4778 1286 4850 stipulationi
1310 4779 1336 4831 F
1391 4778 1426 4834 33
1448 4777 1510 4833 uico

82 4855 164 4910 titum
183 4869 238 4909 non
256 4859 331 4909 emet
346 4853 488 4910 XYMOO
532 4854 566 4908 10
580 4857 711 4908 utratnm
724 4852 771 4908 ha·
823 4851 1047 4922 repraesentati}
1061 4849 1403 4922 nicempracscntatX·Y,
1421 4849 1510 4904 uicem

82 4925 150 4982 beat
166 4925 303 4994 domiuus]
321 4923 364 4988 ἐφ’
381 4923 602 4997 druspacaesicar
616 4923 663 4979 rbu
677 4924 771 4979 decub-
823 4921 1138 4994 prauseniautX¹M00
1180 4923 1217 4979 43
1233 4921 1356 4992 principi]
1377 4920 1511 4976 dacrtsiB

82 5015 132 5053 ras
145 4996 315 5053 incidissem
325 4997 472 5064 emm)
511 4998 544 5052 11
556 4995 723 5054 d'om'iuosci
735 4993 772 5050 F*
823 4996 860 5053 45
877 4999 1018 5053 nocemus
1035 4994 1061 5048 F

82 5071 118 5128 21
137 5067 305 5126 uideri's'F’
361 5069 396 5125 23
414 5067 571 5126 domiuum
589 5066 627 5124 F‘
679 5067 715 5124 30
732 5064 772 5124 io·
