3584 5454
273 256 453 326 XXXXVII
473 259 497 325 2
515 263 633 320 ill—48
945 250 1032 332 748
1666 275 1710 322 os

240 428 253 472 1
273 417 402 473 derelicto
421 416 458 472 sit
474 421 572 486 postca
589 430 607 470 a
625 414 735 471 dominc
753 412 856 484 habita,
875 411 940 469 furti
959 412 1041 469 nihilo
1061 413 1150 468 minus
1169 413 1214 483 agi
1232 413 1342 484 poterit.
1368 411 1399 468 Si
1418 427 1518 470 seruus
1537 407 1711 496 Q

272 505 437 562 fructuarius
455 503 603 575 subreptus
621 510 672 574 est,
691 507 815 573 uterqrm,
834 508 862 558 et
880 503 926 572 qul
944 499 1086 558 fruebatur
1100 507 1130 558 et
1141 501 1277 572 dominus,
1296 501 1431 558 actionem
1445 499 1511 556 furti
1524 499 1619 556 habet.
1646 500 1712 556 diui·

272 595 353 650 detur
374 595 459 664 igitur
476 595 548 649 actio
566 594 638 649 luter
655 593 796 648 dominum
815 595 844 647 et
861 590 1054 648 fructuarium:
1078 590 1244 647 fructuarius
1262 595 1328 660 aget
1344 589 1381 646 de
1398 588 1537 646 fructibus
1555 590 1601 646 uel
1619 590 1712 660 quand

273 681 396 738 interfuit
414 683 473 738 eiua
491 680 593 737 furtum
612 681 715 736 factum
734 696 789 736 non
808 695 869 736 esse
888 681 961 750 eius,
985 680 1073 751 dupli:
1096 680 1293 752 proprietarius
1310 694 1378 735 uero
1397 684 1478 750 aget,
1496 679 1575 748 quod
1592 677 1713 734 interfuit

240 781 255 826 a
273 772 333 828 cius
351 771 547 842 proprietatem
565 785 621 827 nou
639 785 701 826 esse
719 768 897 825 subtractam.
934 769 1013 836 Quod
1031 769 1148 824 dicimus
1166 767 1256 839 dupli,
1274 769 1314 823 sic
1331 768 1457 838 accipere
1476 766 1613 824 debemus
1630 767 1740 822 etiams

241 858 431 931 aqualldrupli
448 864 605 930 competere
624 859 769 928 actionem,
791 858 815 913 si
833 856 1007 914 manifestum
1025 857 1128 913 furtum
1147 857 1192 913 sit.
1228 857 1395 914 Haccactio
1413 856 1483 912 etsi
1502 857 1549 926 sit,
1569 857 1663 927 quiin
1680 870 1712 912 ec
1726 865 1786 912 loto

240 957 354 1005 tseruc
378 947 479 1004 babeat
503 963 582 1002 usum
607 952 728 1018 tantum,
751 946 853 1017 poterit
875 948 901 1002 ei
924 953 1088 1018 competere.
1125 947 1162 1002 Et
1186 947 1294 1016 siquis
1317 945 1491 1018 proposuerit
1509 945 1585 1000 bunc
1602 960 1712 1000 seruum

273 1039 356 1093 etlam
376 1037 548 1108 pigneratum
567 1051 638 1106 csse,
657 1036 774 1105 eueniet,
793 1041 824 1091 ut
841 1036 925 1091 etlam
944 1036 968 1092 is
986 1037 1033 1106 qui
1051 1037 1159 1106 pignori
1177 1037 1284 1105 accepit
1299 1033 1479 1091 babestfurti
1491 1035 1646 1090 actionem:
1662 1033 1712 1089 boc

274 1126 392 1196 amplius
410 1125 492 1180 etiam
512 1123 633 1195 debitor,
654 1126 679 1180 si
697 1124 779 1180 modo
797 1125 859 1194 plus
877 1126 978 1195 ualeat,
996 1141 1078 1196 quarn
1098 1141 1148 1196 pro
1165 1125 1280 1196 pignore
1298 1123 1422 1194 debetur,
1440 1122 1527 1179 babet
1545 1121 1612 1179 furti
1630 1124 1712 1179 actio·

241 1222 345 1271 tuem.
382 1213 476 1283 Usque
495 1213 565 1268 adeo
583 1218 675 1268 autom
694 1213 821 1269 diuersae
839 1219 904 1268 sunt
922 1215 1058 1284 actiones,
1081 1229 1153 1284 quae
1171 1215 1212 1270 eis
1230 1218 1403 1285 competunt,
1426 1217 1471 1283 ut,
1494 1212 1602 1282 siquis
1619 1227 1710 1268 eorum
1727 1225 1750 1262 rc

272 1319 322 1375 pro
340 1301 400 1358 fure
419 1302 548 1358 damnum
567 1301 714 1372 deciderit,
735 1301 789 1357 dicl
806 1307 933 1372 oporteat
950 1303 1123 1359 solummodo
1141 1303 1276 1360 actionem
1294 1301 1346 1358 subi
1364 1304 1569 1371 competentem
1588 1301 1711 1357 amisbae

273 1407 352 1462 eum,
369 1391 468 1447 ceteris
486 1405 552 1446 uero
571 1405 725 1460 superesse.
753 1406 816 1446 nam
836 1394 865 1445 et
882 1391 906 1446 si
924 1405 1062 1462 proponas
1080 1406 1252 1448 communem
1271 1407 1381 1447 seruum
1400 1390 1564 1460 subreptum
1583 1391 1710 1445 stallum

240 1489 254 1536 o
273 1496 307 1536 ex
325 1480 442 1536 dominia
459 1493 509 1549 pro
526 1477 586 1534 fure
604 1477 734 1534 damnum
753 1479 899 1548 decidisse,
917 1479 940 1533 is
959 1480 1006 1549 qni
1025 1495 1079 1536 non
1097 1479 1201 1537 decidit
1212 1478 1401 1536 babebitfurli
1413 1480 1562 1535 οοοὶοιιοιο.
1589 1479 1710 1549 Pruprie·

272 1569 359 1625 tarius
376 1582 486 1638 quoque
504 1581 587 1637 agero
605 1567 739 1624 aduemus
758 1566 937 1623 fructuarium
955 1571 1048 1638 potest
1065 1568 1167 1626 iudicio
1184 1568 1258 1640 furti,
1277 1571 1301 1624 si
1313 1569 1379 1640 quid
1391 1567 1526 1624 celandae
1538 1568 1710 1638 proprietatis

240 1665 255 1712 t
273 1659 317 1714 usi
335 1657 546 1729 subprimendae
564 1671 649 1712 ceusu
666 1655 740 1732 fecit
774 1655 860 1711 Recte
878 1655 981 1712 dictum
1001 1661 1052 1726 cst,
1071 1657 1118 1727 qui
1135 1659 1246 1728 putauit
1263 1672 1294 1714 se
1311 1657 1414 1713 domini
1432 1657 1580 1712 uoluntate
1597 1671 1654 1711 rem
1672 1661 1709 1711 at
1724 1665 1746 1706 rs

273 1747 388 1818 tingere,
406 1761 461 1802 uon
480 1761 542 1802 esse
561 1744 661 1801 furem:
679 1743 746 1814 quid
764 1745 836 1800 enlm
855 1743 918 1800 dolo
930 1743 1005 1816 facit,
1023 1746 1070 1816 qui
1082 1751 1163 1818 putat
1174 1746 1315 1802 domiuum
1327 1759 1528 1801 consensurum
1540 1744 1637 1815 fuisse,
1654 1745 1709 1800 siue

273 1833 343 1890 falso
366 1834 395 1890 id
418 1835 478 1890 siue
502 1849 567 1890 uere
590 1833 690 1904 putet?
721 1834 744 1888 is
766 1847 832 1903 argo
851 1833 925 1890 solus
944 1833 987 1890 fur
1005 1838 1062 1905 eat,
1086 1835 1133 1905 qui
1152 1835 1329 1906 adtrectauit,
1353 1834 1427 1905 qnod
1446 1833 1536 1889 inuito
1554 1833 1665 1889 dominc
1681 1847 1709 1888 ee

241 1922 365 1979 efacere
387 1923 477 1979 sciuit.
512 1923 565 1978 Per
587 1921 752 1978 contrarium
775 1922 928 1992 quaeritur,
951 1923 975 1978 si
998 1938 1051 1993 ego
1075 1938 1119 1980 me
1140 1924 1226 1980 inuito
1244 1923 1356 1980 dominc
1373 1921 1467 1978 facere
1484 1928 1627 1992 putarem,
1650 1935 1707 1976 cnm

273 2012 400 2068 dominus
418 2011 513 2081 uellet,
532 2027 568 2067 an
585 2010 650 2066 furti
669 2011 741 2066 actio
759 2010 803 2066 sit
834 2013 863 2065 et
880 2011 920 2066 ait
937 2011 1104 2082 Pomponius
1121 2011 1223 2068 furtsun
1243 2027 1287 2068 me
1303 2011 1409 2068 facere:
1433 2026 1532 2068 nerum
1551 2015 1644 2066 tamen
1660 2013 1706 2078 esf,

241 2105 318 2172 eut,
340 2116 401 2156 cum
421 2115 473 2170 ogo
492 2101 575 2156 uelim
594 2115 656 2156 eum
675 2099 730 2169 uti,
748 2099 813 2154 licet
830 2099 947 2170 ignoret,
965 2115 1000 2156 ne
1018 2099 1083 2156 furti
1101 2101 1138 2157 sit
1156 2099 1302 2171 obligatus.
1338 2099 1368 2156 Si
1385 2099 1490 2156 furtiua
1507 2115 1555 2156 ros
1574 2099 1610 2154 sd
1627 2098 1706 2154 domi·
1720 2109 1741 2150 u

273 2205 338 2245 unm
356 2188 437 2244 rediit
454 2193 483 2244 et
501 2189 599 2245 iterum
618 2191 789 2245 contrectata
806 2191 857 2257 est,
876 2189 1008 2259 competit
1025 2190 1079 2245 alla
1096 2188 1161 2245 furti
1179 2191 1260 2244 actio.

171 2283 173 2288 “
215 2275 255 2334 47
325 2279 445 2334 Paucos
467 2276 536 2334 libro
559 2293 632 2335 nouo
655 2277 691 2333 ad
713 2275 855 2334 Sabinum.
892 2275 921 2332 Si
944 2277 1094 2334 dominium
1119 2279 1159 2334 rei
1176 2278 1324 2350 subreptae
1341 2291 1517 2348 quacumque
1536 2269 1734 2361 ΜΞΝ

273 2367 378 2424 ratione
397 2369 532 2422 mutatum
551 2367 603 2437 sit,
624 2365 735 2422 domino
753 2364 818 2422 furti
836 2366 909 2421 actio
927 2367 1074 2437 competit,
1098 2367 1185 2422 uoluti
1203 2365 1297 2422 heredi
1314 2371 1343 2422 et
1359 2365 1495 2422 bonorum
1514 2365 1706 2436 possessoriet

272 2457 345 2528 patri
362 2455 493 2526 adoptiuo
511 2459 541 2510 et
556 2455 698 2524 legatario.
1718 2463 1739 2504 u

215 2541 255 2602 48
327 2544 478 2602 Unsrauus
501 2543 571 2600 libro
593 2543 824 2615 quadragensimo
842 2543 964 2600 secundo
982 2543 1019 2598 ad
1038 2541 1178 2600 Sabinum.
1215 2542 1268 2610 Qui
1287 2559 1336 2600 uas
1354 2548 1520 2614 argenteum
1540 2537 1732 2628 ΜΒ

272 2633 431 2704 perdiderat
453 2647 541 2703 eoque
564 2633 675 2688 nomine
698 2631 764 2689 furti
781 2633 900 2704 egeritlr
924 2631 960 2687 dc
978 2633 1097 2702 pondere
1115 2633 1191 2688 nasis
1208 2633 1396 2689 controuersia
1413 2648 1478 2690 cum
1496 2638 1575 2689 essct
1593 2639 1622 2689 et
1637 2637 1705 2688 actor

274 2723 363 2778 maius
386 2720 471 2778 fuisse
494 2721 612 2792 diceret,
636 2720 679 2778 fur
702 2737 754 2778 uas
772 2721 897 2793 protulit:
920 2721 949 2776 id
967 2721 991 2777 is
1009 2722 1087 2777 cuius
1105 2726 1164 2777 erat
1182 2721 1295 2778 abstulit
1312 2722 1352 2776 ei:
1377 2722 1424 2792 qui
1443 2720 1623 2793 subripuerat
1639 2721 1704 2791 dupli

273 2810 356 2867 nibilo
381 2811 470 2866 minus
489 2809 687 2866 condemnatus
705 2815 757 2866 set.
790 2811 943 2867 rectissime
960 2810 1111 2867 iudicatum
1130 2815 1186 2866 est:
1210 2825 1273 2866 nam
1292 2810 1321 2865 iu
1338 2810 1476 2866 actionem
1494 2811 1640 2882 poenalem
1657 2825 1703 2866 non

241 2908 254 2952 1
273 2900 349 2955 uenit
367 2900 427 2970 ipsa
444 2914 489 2954 res
507 2913 578 2969 quae
596 2898 729 2970 subrepta
746 2905 797 2970 est,
816 2900 876 2955 siue
894 2897 1033 2956 manifesti
1051 2897 1115 2956 furti
1133 2899 1192 2956 siue
1207 2913 1259 2954 nec
1270 2897 1408 2954 manifesti
1421 2903 1533 2970 agatur.
1562 2899 1614 2967 Qui
1625 2898 1702 2955 furem

273 2989 358 3059 nouit,
377 2989 435 3044 siue
453 2987 556 3043 iudicet
573 3003 636 3044 eum
654 2989 714 3044 siue
732 3004 787 3044 nou
805 2987 916 3059 indicet,
934 2987 978 3044 fur
989 2993 1045 3044 bon
1057 2993 1108 3057 est,
1127 3003 1190 3044 cum
1202 2989 1317 3044 multum
1331 2988 1448 3058 intersit,
1467 2986 1559 3044 furem
1572 2990 1633 3060 quis
1643 2989 1703 3044 celet
1715 2995 1733 3036 ll

241 3087 256 3131 a
274 3093 309 3133 an
327 3092 382 3132 non
400 3077 516 3132 indicet:
534 3077 582 3147 qul
600 3077 685 3148 nouit,
704 3076 769 3133 furti
788 3093 842 3133 non
860 3082 977 3148 meatur,
995 3078 1043 3147 qui
1061 3077 1140 3146 celat,
1159 3075 1211 3133 boc
1228 3077 1289 3148 ipso
1307 3081 1423 3132 tenetur.
1451 3076 1505 3142 Qui
1524 3093 1560 3134 ex
1573 3079 1702 3134 uoluntate

274 3165 377 3222 domini
399 3181 510 3222 seruum
533 3166 650 3236 recepit,
674 3167 740 3236 quin
761 3181 851 3236 neque
868 3165 913 3222 fur
930 3181 1020 3236 neque
1038 3165 1187 3237 plagiarius
1205 3165 1255 3235 sit,
1278 3165 1441 3235 plusquam
1459 3165 1638 3223 manifestum
1654 3169 1701 3221 cst:

242 3265 256 3310 3
275 3256 336 3326 quis
355 3255 426 3310 enlm
445 3255 614 3310 uoluntatem
634 3254 737 3310 domini
754 3254 859 3311 babens
876 3253 921 3311 fur
939 3255 993 3310 dici
1010 3255 1123 3326 potasti
1149 3254 1228 3320 Quod
1245 3253 1408 3310 sidcminus
1420 3256 1513 3310 uetuit
1524 3256 1702 3311 etlllesusce

273 3343 328 3415 pit,
348 3343 500 3413 siquidem
518 3358 573 3398 uon
591 3343 698 3398 celandi
717 3343 816 3414 auimo,
836 3359 890 3399 non
908 3349 952 3399 est
969 3342 1021 3414 fur,
1039 3344 1063 3398 si
1082 3343 1189 3412 celauit,
1207 3348 1274 3397 tunc
1291 3340 1335 3397 fur
1351 3357 1414 3398 esse
1432 3343 1540 3414 incipit.
1566 3345 1614 3416 qui
1630 3343 1702 3414 igitur

275 3433 398 3502 suscepit
420 3447 472 3488 nec
495 3431 597 3487 celauit
618 3433 671 3488 etsi
695 3431 782 3488 inuito
804 3433 929 3502 domino,
954 3431 999 3487 fur
1020 3446 1074 3487 non
1092 3437 1143 3487 est.
1177 3435 1272 3486 uetare
1291 3435 1382 3486 autem
1400 3431 1546 3488 dominum
1565 3432 1701 3503 accipimus
1713 3433 1731 3476 ’ὅ

241 3531 256 3576 a
274 3521 357 3577 etiam
376 3536 439 3576 snm
458 3521 506 3591 qui
524 3521 646 3591 ignorat,
665 3520 717 3577 boc
736 3526 779 3576 cst
797 3535 859 3576 cum
878 3522 925 3590 qui
943 3535 999 3576 non
1017 3520 1164 3576 consensit.
1201 3519 1231 3575 Sl
1248 3533 1301 3590 ego
1318 3518 1369 3574 tibi
1386 3520 1548 3589 poliendum
1567 3522 1701 3578 uestimen-

274 3615 332 3666 tum
351 3610 487 3680 locanerc,
505 3615 536 3666 tu
555 3625 621 3666 uero
639 3610 726 3665 inscio
744 3615 793 3664 aut
810 3607 897 3665 inuito
916 3623 960 3664 me
978 3609 1196 3666 commodauoris
1207 3609 1281 3665 'litio
1299 3613 1328 3664 et
1339 3609 1413 3665 Titio
1429 3607 1536 3666 furtum
1548 3609 1649 3666 factum
1660 3609 1701 3664 sil:

274 3703 303 3754 et
320 3697 371 3753 tibi
388 3699 520 3769 competit
537 3697 602 3754 furti
621 3699 701 3769 actio,
720 3698 786 3768 qula
803 3697 930 3754 custodia
947 3699 987 3753 rei
1006 3697 1041 3753 ad
1059 3701 1088 3754 te
1105 3698 1232 3770 pertinet,
1250 3703 1279 3754 et
1296 3697 1362 3752 mibi
1377 3697 1514 3754 aduersus
1525 3703 1565 3769 tc,
1582 3699 1700 3770 qabmn

274 3786 410 3842 debueras
432 3801 489 3842 rem
513 3785 688 3844 commodare
708 3790 738 3842 et
760 3785 789 3841 id
814 3784 940 3843 faciendo
964 3785 1067 3842 furtum
1086 3785 1243 3842 admiseris:
1265 3787 1306 3842 ita
1323 3785 1376 3842 erit
1393 3803 1490 3857 casus,
1513 3801 1571 3857 quc
1588 3786 1631 3843 fur
1646 3783 1701 3841 furt

241 3884 256 3929 c
274 3890 356 3946 agere
374 3876 471 3946 possit
498 3874 606 3932 Ancilla
623 3875 648 3931 si
665 3874 833 3945 subripiatur
849 3891 988 3946 praegnas
1005 3875 1051 3932 uel
1069 3874 1144 3946 apud
1161 3873 1248 3931 furem
1267 3875 1401 3946 concepit,
1419 3881 1519 3946 partus
1530 3875 1647 3933 fortium
1657 3876 1700 3942 eat
1710 3878 1730 3922 u

274 3965 333 4020 siue
355 3965 430 4034 apud
453 3962 540 4020 furem
565 3963 662 4020 edeam
685 3965 745 4020 siue
768 3963 843 4035 apud
865 3962 955 4020 bonae
978 3962 1043 4021 fidei
1063 3979 1265 4036 possessorem:
1288 3963 1339 4020 sed
1356 3963 1385 4020 in
1402 3963 1457 4021 hoc
1474 3967 1628 4037 posteriore
1643 3978 1701 4022 cass

273 4069 477 4139 saraca).
495 4071 587 4126 Pam
599 4070 624 4136 3,
636 4071 672 4125 ac
684 4091 717 4120 =
730 4073 745 4125 u
758 4071 808 4126 cr:
826 4071 852 4136 a,
864 4071 899 4126 ao
911 4092 945 4120 =
958 4073 974 4125 ι.
986 4071 1023 4126 ss
1035 4070 1050 4142 ς
1062 4073 1080 4125 5
1092 4072 1182 4144 (mque
1193 4073 1264 4143 sep.
1276 4071 1337 4137 rra,
1349 4071 1368 4124 2
1379 4071 1564 4142 amaneum)

275 4231 284 4265 ¹
303 4243 337 4285 eo
355 4229 465 4284 nominc
482 4227 548 4285 furti
565 4229 643 4299 egit?

525 4337 697 4348 ι--ι--ιυιι-

274 4385 507 4443 beubtractumF
543 4385 785 4458 iuu'i'adrupllF‘
832 4388 865 4442 10
875 4388 917 4442 sii
926 4387 965 4440 F*
1016 4395 1155 4461 propterea
1171 4395 1272 4445 mmor
1288 4390 1411 4444 excidisse
1424 4387 1700 4463 ncuopcssdonincl

277 4456 424 4514 llforeF¹
468 4458 501 4513 14
511 4457 720 4513 c'a'elaudaefi’
762 4459 796 4513 15
808 4457 962 4528 putabitFl
1019 4464 1047 4514 et
1071 4462 1114 4526 (et
1132 4475 1150 4514 a
1166 4459 1211 4526 X)
1233 4458 1315 4529 putri]
1339 4479 1388 4514 om.
1408 4461 1459 4516 5¹:
1485 4464 1525 4516 sai
1550 4463 1620 4532 οοτῷ
1637 4460 1701 4516 na'

275 4526 441 4585 demumst
487 4529 520 4583 16
529 4527 682 4584 furem⁴F²
727 4531 760 4584 17
771 4529 971 4585 adtrectubitf
1019 4529 1167 4598 BS(Dor.)
1220 4531 1255 4586 25
1273 4530 1506 4600 quadragensimo
1519 4533 1682 4602 secundoli

275 4601 309 4655 19
327 4597 430 4654 furtum
448 4613 492 4654 me
509 4597 706 4655 fucerenorum
719 4603 877 4670 tamenest]
891 4608 966 4673 quast
1019 4601 1096 4667 Pota,
1115 4600 1220 4665 riMO,
1239 4601 1331 4657 om.X
1384 4602 1614 4674 26depondero]
1653 4621 1703 4659 esa

275 4678 339 4726 essu
356 4667 457 4724 furtum
476 4683 521 4724 mc
538 4686 593 4726 non
611 4669 702 4726 facere
716 4686 812 4726 nerum
831 4673 903 4727 enim
922 4675 966 4726 est
1018 4672 1082 4728 RS:
1101 4673 1157 4743 napi
1170 4671 1219 4734 τοῨ
1231 4672 1353 4736 cussani.
1373 4673 1515 4744 deponere
1527 4677 1554 4730 F
1646 4673 1701 4739 uss]

275 4748 377 4826 '‘fmim
394 4741 442 4795 ΒΗ
456 4741 680 4844 (Derbf'rfacusir‘r
700 4741 734 4796 ais
753 4743 848 4798 uersis·
868 4741 964 4828 ilatio
1018 4757 1071 4828 uus
1089 4745 1124 4797 Ρ
1179 4745 1215 4798 32
1232 4743 1344 4800 domiuo
1363 4745 1420 4830 Fffl
1442 4745 1627 4816 seruum'qul'
1636 4757 1702 4802 few

274 4807 762 4952 utu'ullrlotuuimti
775 4813 964 4951 uolua
1017 4815 1470 4958 fletusfletus]
1491 4819 1551 4958 „tl
1568 4814 1703 4952 :ulti

274 4953 313 5021 τῷ
333 4955 414 5021 sarad)
431 4953 544 5024 bscudrp
564 4954 612 5009 Bu
624 4955 715 5022 (Dor.)
732 4963 756 5010 et
774 4956 816 5010 B:
834 4955 883 5010 uic
902 4955 965 5010 stoc
1017 4955 1087 5011 Petr.

273 5024 405 5081 ascudrac
434 5025 490 5081 Be.
512 5026 628 5094 60,10,
650 5025 684 5080 11
706 5025 759 5082 ecla.
773 5026 805 5080 4:
833 5027 880 5082 aad
901 5043 964 5081 racc
