3608 5460
265 257 445 325 XXXXllll
466 259 486 324 3
510 265 625 318 12-16
939 249 1026 329 630
1170 275 1216 322 nn
1239 275 1395 324 nrnsnsrs
1418 276 1522 324 rsus.
1540 275 1697 323 essessa

267 417 345 472 salus
362 416 398 470 sit
416 415 542 484 exceptio
562 413 696 469 aduersus
715 415 874 481 emptorem.
906 412 1008 467 Paulas
1027 412 1262 482 responditetism
1277 413 1411 468 aduersus
1423 417 1577 482 emptorem
1590 413 1698 470 eandem

266 505 453 573 exceptionem
473 508 637 573 competere.

210 597 247 654 13
320 595 579 648 Ηιιιιιοιιιιιιιιιιιι
591 590 660 646 libro
673 593 752 645 sexto
765 589 830 644 iuris
843 589 1032 657 epitomarnm.
1060 589 1092 644 ln
1105 589 1231 645 omnibus
1248 589 1308 645 lisci
1320 591 1529 660 quaestionibus
1547 587 1700 674 [iubja—rt
1724 597 1745 651 P

239 733 240 736 ,
267 683 390 752 exceptis
409 682 508 749 causis,
528 682 555 734 in
574 679 673 750 quibus
692 679 798 733 minora
815 681 940 746 tempora
957 678 1061 732 seruari
1074 679 1229 748 specialiter
1241 679 1420 734 constitutum
1439 685 1491 750 est,
1510 679 1611 748 uiginti
1623 696 1700 734 anno

236 783 245 826 1
267 787 326 826 rum
345 771 525 840 praescriptio
543 769 704 824 custoditur.
739 766 789 820 Rei
807 764 934 836 publicae
952 765 1073 820 rationes
1090 767 1262 838 subscriptae
1280 773 1309 822 et
1326 773 1481 838 expunctae
1499 767 1548 822 ad·
1567 765 1699 852 [up-1315]
1715 778 1727 818 s

267 875 364 915 uersus
383 873 445 914 eum
464 858 589 927 quidem,
613 857 660 926 qui
679 855 895 922 administrauit,
919 854 991 908 ultra
1009 854 1116 925 uiginti,
1135 855 1268 911 aduersus
1286 855 1415 912 heredem
1434 871 1500 911 uero
1520 857 1593 911 ultra
1610 857 1699 913 decem

267 964 354 1004 annos
372 948 513 1003 retractari
532 962 585 1002 non
604 949 728 1016 possunt.

212 1039 248 1094 14
320 1037 478 1092 Seleucus
496 1034 566 1090 libro
584 1034 714 1104 singulari
727 1032 918 1102 quaestionum
932 1029 1040 1100 publice
1055 1035 1242 1086 tractatarum.
1271 1031 1313 1088 De
1326 1031 1531 1088 accessionibus
1549 1030 1700 1117 [Εἰ-ιι
1723 1039 1742 1092 1

160 1107 162 1110 ⁵
267 1125 471 1196 possessionum
490 1123 556 1178 nihil
575 1123 601 1177 in
620 1127 783 1192 perpetuum
802 1135 890 1189 neque
909 1120 1073 1188 generaliter
1091 1118 1205 1175 definire
1222 1135 1383 1190 possumus:
1406 1122 1563 1176 consistunt
1587 1109 1699 1178 enimin

237 1228 246 1270 1
268 1214 326 1268 sola
344 1213 491 1282 aequitate.
528 1212 612 1266 Plane
629 1210 787 1266 tribuuntur
804 1209 861 1278 his,
885 1209 932 1278 qni
956 1209 984 1263 ιιι
1008 1209 1098 1264 locum
1123 1209 1237 1264 aliorum
1262 1209 1414 1264 succedunt
1431 1210 1490 1264 siue
1509 1225 1545 1265 ex
1563 1216 1700 1267 eontracta
1717 1222 1736 1261 ro

267 1302 327 1356 siue
346 1302 502 1356 uoluntate:
521 1297 667 1353 heredibus
685 1299 757 1353 enim
776 1303 805 1353 et
822 1297 873 1365 his,
892 1297 939 1366 qul
952 1312 1141 1354 successorum
1155 1298 1215 1352 loeo
1227 1297 1371 1368 habentur,
1389 1297 1471 1353 datur
1485 1301 1610 1354 accessio
1621 1303 1700 1354 testa·

204 1403 218 1447 a
236 1403 249 1448 3
268 1391 344 1445 ιοιιι.
381 1391 477 1458 ltaque
496 1389 519 1442 si
538 1386 603 1442 mihi
622 1386 779 1442 uendideris
798 1399 917 1455 seruum,
936 1391 998 1440 utar
1016 1386 1175 1442 accessione
1193 1390 1249 1440 tna.
1285 1386 1323 1440 Et
1345 1387 1369 1441 si
1387 1385 1453 1441 mibi
1470 1387 1579 1456 pignori
1598 1387 1700 1443 dederis

268 1484 296 1532 ct
314 1493 367 1547 ego
385 1477 500 1532 eandem
519 1491 576 1531 rem
596 1476 641 1530 alii
658 1475 817 1546 pigneraui,
840 1489 919 1530 meas
938 1475 1056 1530 creditor
1073 1479 1166 1529 utetur
1184 1475 1342 1530 accessione
1364 1475 1404 1530 ιιιι
1427 1477 1560 1544 temporis
1584 1479 1640 1532 tam
1658 1475 1700 1531 sd·

269 1582 366 1621 uersns
384 1571 543 1620 extraneum
563 1578 645 1632 quarn
665 1563 799 1618 aduersus
817 1569 845 1616 te
863 1564 966 1633 ipsum,
988 1563 1118 1633 quamdiu
1136 1563 1282 1632 pecuniam
1302 1563 1372 1618 milri,
1386 1578 1439 1618 non
1458 1564 1625 1620 excolueris:
1643 1581 1700 1620 nam

268 1657 314 1724 qui
333 1669 377 1709 me
394 1653 484 1723 potior
502 1657 558 1722 est,
577 1667 639 1706 cnm
659 1665 712 1720 ego
730 1657 758 1706 te
777 1657 956 1720 superaturus
975 1651 1040 1718 sim,
1060 1651 1146 1706 multo
1164 1651 1254 1720 magis
1273 1651 1407 1706 aduersus
1424 1657 1453 1705 te
1471 1653 1597 1721 optinere
1615 1653 1700 1708 debet
1716 1658 1743 1703 rt

236 1743 318 1801 tsed
336 1744 360 1797 si
379 1742 523 1811 pecuniam
541 1739 607 1795 milri
626 1739 749 1807 nolueris,
768 1739 820 1794 boe
837 1753 904 1794 casu
923 1741 1082 1796 accessione
1100 1742 1149 1794 tua
1167 1754 1221 1794 non
1240 1744 1342 1794 utetur.
1373 1741 1442 1795 item
1461 1741 1484 1794 si
1504 1739 1619 1797 absente
1635 1743 1701 1810 teis,

268 1832 316 1900 qni
333 1830 445 1900 negotia
463 1835 512 1885 tua
530 1827 676 1884 uidebatur
693 1827 893 1896 administrare,
912 1843 1022 1883 seruum
1041 1828 1106 1883 mihi
1124 1828 1281 1884 condiderit
1301 1835 1386 1900 tuque
1405 1843 1534 1884 reuersus
1551 1835 1641 1884 ratum
1658 1829 1700 1884 lra-

236 1933 249 1977 s
268 1919 369 1988 bueris,
388 1919 544 1975 omnimodo
563 1918 736 1972 accessione¹
751 1921 821 1971 utar.
852 1917 921 1971 Item
940 1918 964 1971 si
983 1916 1048 1971 mibi
1066 1916 1175 1986 pignori
1193 1917 1302 1972 dederis
1320 1923 1349 1972 et
1366 1919 1535 1988 conuenerit,
1553 1918 1607 1973 nisi
1624 1933 1702 1988 peeo-

268 2009 341 2063 niam
360 2007 499 2077 soluisses,
517 2008 599 2062 licere
618 2019 652 2060 ex
670 2009 752 2075 paeto
770 2005 871 2074 pignus
889 2005 1010 2060 uendere
1024 2005 1105 2074 idque
1122 2005 1301 2075 uendiderim,
1320 2007 1437 2077 emptori
1450 2008 1573 2063 accessio
1585 2008 1627 2062 tui
1639 2013 1701 2062 tem·

267 2097 341 2167 poris
360 2097 419 2152 dari
437 2093 560 2164 debebit,
585 2095 649 2149 licet
666 2094 754 2148 inuito
771 2097 800 2148 te
818 2093 935 2163 pignora
952 2093 1084 2148 distracta
1102 2094 1170 2148 sint:
1196 2095 1250 2148 iam
1274 2095 1347 2150 enim
1370 2095 1417 2150 illc
1440 2095 1468 2150 in
1489 2099 1628 2166 tempore,
1651 2110 1702 2164 quo
1718 2089 1790 2143 ἰ

268 2183 456 2254 contrahebas,
476 2185 563 2239 uideri
582 2182 769 2238 concessisae²
788 2181 947 2251 uenditioni,
966 2183 990 2236 ei
1008 2183 1151 2251 pecuniam
1172 2199 1226 2238 non
1244 2184 1393 2239 intulisses.

213 2277 250 2333 15
322 2273 494 2328 Usuussrns
506 2271 575 2328 libro
588 2272 683 2340 quinto
696 2270 911 2326 interdictorum.
940 2270 971 2324 ln
984 2271 1152 2342 usucapione
1168 2273 1352 2342 itasernatur,
1371 2278 1410 2340 ut,
1423 2272 1533 2327 etiarnsi
1551 2267 1703 2356 [Q
1802 2290 1804 2301 ·

269 2362 380 2418 minimo
403 2365 542 2418 momento
566 2360 708 2415 nouissimi
732 2358 786 2414 diei
809 2372 940 2429 possessa
963 2359 999 2413 ιιι
1023 2374 1081 2429 ιιι,
1105 2360 1189 2416 nihilo
1212 2362 1303 2416 minus
1326 2362 1464 2432 repleatur
1486 2363 1634 2431 usucapio,
1655 2375 1704 2416 nec

239 2461 250 2505 1
269 2455 345 2506 totus
363 2451 422 2505 dics
440 2449 560 2518 erigitur
577 2448 612 2503 ad
632 2447 795 2518 explendum
815 2449 995 2503 constitutum
1013 2453 1130 2518 tempus.
1158 2449 1290 2506 Accessio
1302 2451 1485 2520 possessionis
1497 2448 1529 2504 fit
1546 2465 1602 2506 non
1620 2450 1703 2505 solum

270 2540 409 2609 temporis,
429 2537 502 2608 quod
521 2537 595 2608 apud
614 2552 676 2592 oum
694 2534 754 2604 init,
773 2535 847 2592 unde
865 2537 889 2591 is
908 2537 999 2607 emit⁸,
1018 2537 1068 2592 sed
1087 2543 1116 2616 et
1133 2538 1180 2608 qui
1198 2539 1224 2593 ei
1241 2537 1375 2607 uendidit,
1394 2537 1468 2594 unde
1485 2544 1517 2593 ιιι
1530 2539 1630 2593 emisti.
1656 2537 1703 2593 sed
1720 2545 1781 2590 β

271 2629 295 2683 ιι
319 2628 426 2682 medius
450 2627 548 2696 aliquis
570 2641 604 2680 ex
628 2624 786 2680 arrctoribus
809 2639 865 2680 nou
889 2625 1056 2695 possederit,
1080 2627 1305 2696 praecedentium
1328 2632 1470 2682 anctorum
1494 2629 1703 2698 possessionen

270 2716 399 2786 proderit,
419 2715 483 2784 quia
501 2715 647 2769 coniuncta
665 2729 719 2769 non
737 2720 789 2783 est,
808 2713 880 2769 sicut
897 2729 949 2768 nee
961 2714 995 2782 ei,
1014 2715 1061 2784 qui
1074 2729 1127 2769 non
1140 2716 1272 2785 possidet,
1291 2716 1411 2770 auctoris
1423 2717 1563 2786 possessio
1577 2717 1704 2771 accedere

238 2817 253 2860 a
270 2809 371 2876 potest.
401 2805 470 2858 ltem
490 2803 662 2858 adiciendum
681 2807 732 2872 est,
751 2802 824 2857 unde
843 2803 942 2870 emisti,
961 2805 1026 2858 aut⁴
1038 2803 1111 2874 pade
1124 2805 1148 2858 is
1166 2805 1239 2874 emit,
1258 2805 1303 2859 cni
1315 2809 1346 2860 tu
1357 2803 1503 2858 emendum
1517 2803 1705 2874 ιιιιιιιιιιιιιιι,

271 2898 300 2948 et
318 2893 392 2962 quod
410 2893 484 2963 apud
502 2907 574 2963 eum,
593 2893 640 2961 qui
659 2889 831 2946 uendendnm
851 2891 1001 2946 mandauit.
1029 2892 1103 2961 quod
1121 2893 1144 2946 si
1162 2893 1186 2948 is
1204 2907 1323 2962 quoque,
1341 2893 1386 2947 cni
1402 2891 1563 2948 mandatnm
1577 2901 1645 2964 erat,
1663 2893 1706 2949 alii
1721 2899 1770 2945 β

271 2980 446 3038 uendendum
466 2981 650 3051 mandauerit,
674 2995 729 3035 non
748 2981 827 3034 aliter
845 2979 939 3049 huius,
960 2978 969 3048 ΙΙ
989 2981 1035 3050 qni
1054 2985 1152 3050 postea
1169 2981 1364 3050 mandauerat,
1383 2979 1502 3036 dandam
1521 2975 1705 3038 accessionem
1721 2983 1782 3038 15

240 3080 253 3123 e
272 3069 366 3126 Labeo
384 3071 430 3139 ait,
449 3083 532 3138 quam
551 3070 574 3124 si
593 3069 621 3124 id
640 3070 729 3138 ipsum
748 3069 875 3125 dominus
893 3069 919 3123 ei
937 3069 1099 3139 permiserit.
1127 3067 1183 3125 Sed
1196 3070 1259 3124 etsi
1271 3085 1288 3124 a
1300 3067 1356 3125 filio
1368 3069 1413 3124 uel
1431 3085 1512 3125 seruo
1531 3085 1590 3125 rem
1609 3085 1705 3140 emero,

272 3159 395 3216 accessio
412 3157 544 3230 temporis
561 3162 591 3212 et
608 3173 662 3227 qno
681 3157 755 3228 apud
773 3161 879 3228 patrem
898 3163 947 3213 aut
964 3158 1104 3214 dominum
1122 3157 1175 3214 fnit
1193 3159 1232 3212 ita
1249 3157 1342 3214 danda
1359 3163 1403 3214 est
1419 3158 1494 3228 milri,
1513 3160 1537 3214 si
1553 3164 1604 3215 aut
1615 3160 1704 3215 nolan-

239 3251 330 3303 stato
348 3247 435 3318 patris
453 3247 592 3302 dominius
610 3251 659 3302 aut
676 3261 738 3301 eum
757 3247 1020 3302 administrationem
1044 3247 1144 3316 peculii
1167 3245 1281 3302 baberet
1299 3246 1432 3303 uendidit
1467 3247 1538 3302 Item
1557 3248 1651 3306 ὼιιιιιι
1667 3251 1707 3303 ιιι

272 3336 395 3392 accessio
414 3351 475 3390 eum
495 3351 541 3404 eo,
565 3335 640 3404 quod
659 3335 732 3406 apud
751 3335 883 3406 pupillum
902 3334 968 3405 fuit,
993 3336 1106 3391 aculus
1124 3340 1230 3406 tutore,
1254 3351 1317 3390 eum
1341 3337 1365 3392 is
1383 3337 1498 3391 tutelam
1517 3337 1578 3392 eius
1597 3337 1707 3393 admini-

272 3429 380 3494 straret,
399 3425 498 3479 emisti.
526 3424 653 3493 idemque
671 3425 699 3479 in
717 3439 759 3494 eo,
778 3425 825 3494 qui
843 3439 861 3480 a
878 3430 1004 3479 curatore
1023 3423 1119 3495 pupilli
1137 3423 1268 3480 iuriosiue
1285 3426 1397 3495 emerit,
1415 3425 1585 3482 sesnandum
1603 3431 1659 3482 est:
1681 3429 1708 3481 et
1723 3425 1801 3480 ab

272 3515 296 3569 si
314 3514 418 3568 uentris
436 3513 545 3568 nomine
564 3516 613 3567 aut
631 3513 704 3584 eins,
729 3528 800 3583 qnae
817 3513 857 3568 rei
875 3513 1028 3568 seruandae
1052 3529 1137 3568 eausa
1154 3513 1181 3568 in
1199 3515 1374 3583 possessione
1393 3517 1467 3570 esset
1484 3514 1559 3570 dotis
1577 3531 1646 3571 suae
1662 3529 1707 3571 no·

239 3612 253 3656 e
273 3602 354 3671 mine,
372 3601 523 3656 deminutio
542 3599 616 3656 iacta
634 3602 684 3656 eit:
708 3617 771 3656 nam
796 3601 824 3656 id
842 3616 952 3671 quoqne
970 3602 1102 3672 temporis
1120 3601 1235 3658 aceedit.
1272 3604 1333 3658 Hae
1351 3608 1444 3658 autem
1462 3605 1638 3662 accessiones
1655 3619 1707 3660 non

272 3696 329 3746 tam
348 3691 403 3745 late
422 3690 597 3761 accipiendae
616 3695 680 3746 sunt
697 3705 779 3760 quam
798 3690 884 3746 uerba
902 3705 995 3745 earum
1014 3695 1123 3760 patent,
1147 3695 1179 3746 ut
1201 3692 1298 3760 etiam,
1321 3692 1345 3747 si
1367 3697 1432 3762 post
1450 3692 1639 3750 uenditionem
1657 3699 1708 3748 tra·

273 3779 459 3848 ditionemque
483 3781 523 3833 rei
541 3779 676 3834 traditae⁶
696 3779 770 3849 apud
793 3779 964 3834 uenditorem
987 3795 1031 3834 res
1053 3777 1148 3849 fuerit,
1172 3779 1298 3849 proficiat
1319 3781 1349 3840 id
1370 3787 1481 3852 tempus
1505 3783 1638 3852 emptori,
1662 3781 1708 3838 sed

240 3878 254 3923 e
273 3868 338 3924 illud
358 3869 446 3923 solum
464 3868 538 3937 quod
557 3871 620 3923 ante
639 3867 698 3938 suit,
718 3868 782 3923 licet
800 3868 966 3924 uenditionis
984 3872 1107 3938 tempore
1125 3883 1186 3924 eam
1205 3884 1262 3924 rem
1282 3869 1410 3926 uenditor
1426 3885 1480 3927 non
1493 3871 1639 3928 habuerat
1668 3869 1708 3940 Ei,
1724 3883 1737 3923 ι

273 3957 317 4011 cui
335 3956 414 4010 heres
433 3971 490 4011 rem
508 3956 700 4012 hereditariam
719 3956 852 4026 uendidit,
871 3961 900 4012 et
917 3955 1025 4013 heredis
1043 3963 1153 4027 tempus
1171 3962 1200 4013 et
1218 3955 1340 4014 defuncti
1358 3957 1443 4015 debet
1460 3960 1606 4017 accedere.

217 4045 255 4102 16
325 4045 444 4099 Pennus
456 4045 525 4101 libro
538 4045 619 4100 tertio
632 4045 667 4099 ad
680 4043 820 4101 Sabinam.
847 4044 979 4101 Accessio
992 4047 1051 4101 sine
1063 4049 1157 4102 nostro
1169 4051 1293 4116 tempore
1310 4046 1389 4103 nobis
1400 4048 1534 4119 prodesse
1551 4043 1709 4134 Q
1725 4043 1781 4110 ‘b‘

273 4148 326 4187 non
344 4139 444 4202 potest.

272 4221 466 4290 smenon)

275 4339 283 4371 ¹
303 4341 352 4390 tua
370 4344 417 4389 tna
436 4339 514 4403 (cdd.)
540 4305 597 4371 „⁸²
614 4336 717 4392 uideris
735 4307 908 4393 consensisse
926 4340 962 4404 (u.
975 4339 1024 4406 tl?
1100 4341 1111 4376 ¹
1129 4340 1154 4396 is
1172 4340 1247 4409 emit]
1266 4341 1356 4396 emisti
1374 4339 1537 4412 (Krusyerfl
1610 4344 1622 4380 ⁴
1641 4341 1711 4398 unde

274 4406 364 4462 emisti
383 4407 440 4475 snt]
459 4407 534 4476 quod
551 4407 625 4478 apud
643 4423 705 4462 eum
724 4406 795 4463 fuit?
866 4411 877 4444 ⁶
895 4409 935 4464 rei
952 4410 1070 4466 traditae
1088 4413 1135 4466 del.

275 4521 490 4590 equitent*
550 4525 639 4579 inan
657 4543 704 4577 om.
716 4524 754 4577 1¹⁸²
762 4541 769 4577 r
794 4523 841 4585 oia
863 4523 964 4588 tusus·
1019 4527 1170 4593 B(Aacn.)
1221 4527 1257 4581 36
1275 4531 1323 4580 ant
1341 4526 1401 4581 eins
1417 4541 1490 4597 quae
1565 4534 1643 4586 esset
1659 4529 1713 4594 (nel

274 4594 408 4655 ιιφῶιτιι
436 4594 463 4647 Β
489 4595 599 4660 (Anca.)
687 4595 918 4651 decessionibus
945 4597 971 4649 F
1019 4605 1066 4651 tas.
1083 4598 1118 4662 0)
1142 4597 1214 4653 dotis
1238 4613 1307 4652 snae
1328 4599 1408 4664 (snae
1431 4617 1480 4652 ora
1498 4599 1570 4668 1⁷11)
1593 4599 1713 4670 nomine}

276 4665 310 4717 18
333 4665 494 4718 conueneris
519 4663 568 4717 par
626 4666 659 4720 21
685 4665 772 4720 uideri
795 4667 966 4722 concessisse
1018 4667 1147 4734 FX·l⁷M,
1167 4673 1215 4724 aut
1232 4669 1291 4724 eins
1309 4669 1357 4738 qni
1369 4670 1409 4726 rei
1421 4670 1577 4726 seruandae
1589 4673 1715 4728 camin

274 4733 436 4802 conditioni]
462 4735 530 4800 FX·,
554 4735 656 4790 uideris
679 4739 848 4792 concessisse
871 4737 965 4793 uendi·
1018 4739 1193 4808 possessione
1201 4745 1275 4796 esset
1285 4739 1393 4795 dotisue
1405 4741 1715 4828 nomineX‘Oetqnart

273 4805 342 4859 tioni
357 4807 386 4869 O,
398 4805 500 4860 uideris
512 4807 680 4862 concessisse
693 4808 878 4864 uenditionem
890 4813 966 4874 (nen-
1018 4819 1057 4865 stc
1069 4813 1177 4881 teperet,
1193 4818 1270 4866 uertit
1283 4811 1400 4866 Graecus
1419 4819 1560 4884 interpres:
1578 4814 1593 4866 is
1612 4824 1653 4868 ιιι
1664 4815 1714 4868 ιιι

275 4875 442 4931 dicationem
464 4876 498 4942 0)
515 4877 641 4932 ΧὟΜΟ
699 4881 733 4934 22
751 4879 912 4934 serua‘n'tar
929 4879 966 4932 Ρ
1018 4882 1111 4950 προῖκι
1129 4880 1211 4943 sireis
1227 4881 1287 4949 (ιιι
1306 4881 1440 4970 masnade)
1458 4885 1498 4939 sai
1517 4881 1557 4940 ὲιιι
1575 4886 1716 4949 asserere?

274 4948 309 5000 24
328 4947 501 5018 explendum]
526 4947 680 5018 exemplum
703 4951 737 5002 F*
792 4951 827 5005 29
845 4951 965 5006 uenden·
1019 4951 1186 5016 remeaturos
1203 4953 1241 5008 sic
1257 4952 1306 5007 risa
1325 4955 1669 5024 roinparusroscsuaaris
1687 4957 1715 5014 B

274 5017 375 5074 domu
415 5019 450 5076 33
469 5019 630 5076 Ιιιιιιιιιΐι
675 5020 966 5093 ttpnpfflqtctusoc
1019 5025 1213 5092 (Ansaqmcle,
1230 5043 1290 5080 nam
1308 5029 1407 5100 aptae
1425 5045 1456 5082 sa
1473 5027 1707 5105 Densum.
