3728 5452
314 285 491 356 XXXVIIII
511 287 532 353 1
554 293 669 351 18-21
981 281 1068 364 388
1274 267 1280 280 ’
1382 303 1428 352 na
1450 303 1575 351 nanno
1599 301 1743 350 munero

282 450 297 498 9
315 443 418 500 sionem
437 443 536 514 tradat,
557 443 680 514 stipulari
698 447 815 514 oportet,
833 443 898 514 qnia
915 441 995 500 buius
1013 457 1122 514 quoqne
1140 442 1179 498 rei
1197 442 1304 514 culpam
1322 445 1453 513 praestat.
1491 441 1546 497 Sed
1565 439 1633 512 qnid
1649 439 1706 510 fiet,
1723 439 1746 495 si

315 534 441 589 uendItor
458 534 517 589 sine
536 534 617 604 culpa
634 533 758 603 stipulari
776 549 831 590 non
848 533 969 602 potuerit
986 537 1014 588 ct
1032 532 1067 588 ob
1085 531 1138 588 boc
1156 536 1262 603 emptor
1280 533 1425 604 stipulatus
1439 529 1541 588 inerit?
1567 545 1659 587 nonne
1673 529 1745 585 dam·

314 623 520 692 compatitur?
547 639 582 678 an
600 622 652 678 boc
670 621 799 678 damnum
817 622 845 677 in
863 623 952 678 aliena
970 637 1000 677 rc
1017 621 1146 677 acciderit
1154 625 1171 693 ¹,
1190 623 1442 678 rcuquIturautem
1456 621 1666 692 ademptorem,
1685 619 1749 690 quia

315 713 450 769 actionem
469 727 503 768 ex
521 716 613 783 empto
631 727 685 768 non
703 711 805 767 habet?
835 712 884 768 sed
902 711 968 767 nihil
985 712 1013 766 in
1031 711 1084 766 bac
1101 727 1186 767 causa
1203 710 1311 782 prolicit
1328 712 1481 782 stipulatio,
1499 711 1553 766 nisi
1571 711 1600 765 in
1620 709 1656 778 id,
1675 707 1750 779 quod

314 807 378 873 post
395 801 568 857 traditionem
587 800 701 872 accidIt,
724 802 802 872 quia,
825 800 890 856 dum
908 801 1058 856 uenditorIs
1076 801 1202 857 custodia
1220 807 1275 871 est,
1298 802 1323 856 is
1341 801 1465 872 stipulari
1482 799 1566 854 debet
1583 812 1750 868 omnemque
1788 806 1825 848 5

315 891 484 960 diligentiam
502 891 617 962 emptori
635 893 788 961 praestare:
807 895 835 946 et
852 890 926 962 qnod
944 891 999 946 alia
1012 891 1119 946 audone
1132 891 1226 960 quaeri
1238 893 1338 961 potest,
1356 889 1385 946 id
1397 891 1425 944 iu
1437 889 1642 960 stipulationem
1656 887 1754 942 damni

267 986 297 1033 10
314 978 408 1035 iniecti
425 980 535 1036 ommno
553 996 607 1036 non
626 979 778 1035 deducitur.
805 977 860 1034 Sed
872 979 896 1034 si
907 979 1034 1035 uenditor
1045 979 1239 1050 Interposuerit
1250 979 1461 1052 stipulationem,
1481 977 1562 1033 etiam
1576 976 1605 1033 id
1618 976 1756 1032 damnum

316 1068 477 1140 continebit,
501 1069 574 1137 quod
597 1074 661 1140 poet
682 1067 856 1124 traditionem
878 1069 994 1139 emptori
1012 1069 1165 1140 contigerit.
1198 1069 1272 1140 quod
1290 1083 1351 1124 esse
1370 1068 1567 1138 iniquissimum
1588 1065 1684 1122 Aristo
1703 1066 1757 1136 ait,

315 1159 458 1230 quoniam,
477 1159 500 1213 si
518 1163 626 1230 emptor
642 1173 751 1229 quoquc
769 1158 861 1213 damni
879 1156 973 1214 inlecti
991 1159 1137 1228 stipulatus
1156 1161 1243 1228 essct,
1265 1157 1373 1214 duobus
1390 1157 1540 1228 promissor
1556 1155 1684 1211 eiusdem
1703 1171 1760 1210 no-

315 1249 388 1304 minc
407 1247 587 1318 obligaretur:
611 1248 664 1302 nisi
681 1245 751 1303 forte
769 1247 798 1303 id
817 1252 912 1304 contra
930 1263 960 1304 se
978 1247 1092 1318 babeat,
1116 1247 1181 1319 quia
1198 1247 1225 1301 in
1245 1245 1297 1302 boo
1314 1245 1346 1302 fit
1363 1247 1516 1317 stipulatio,
1538 1245 1636 1315 quanti
1654 1260 1690 1299 ea
1708 1260 1763 1300 res
1813 1252 1828 1287 ἲ

267 1344 295 1390 11
316 1338 381 1393 erit:
399 1342 431 1392 ut
448 1338 537 1408 possit
554 1337 641 1392 uideri
659 1337 725 1392 nibil
742 1338 875 1394 interesse
893 1337 946 1393 iam
965 1337 1123 1392 uenditorir.
1154 1335 1335 1406 Stipulationc
1359 1335 1451 1390 damni
1469 1332 1563 1390 iniecti
1586 1333 1765 1404 interposita

316 1425 411 1484 Sabini
428 1425 565 1482 secunda
583 1441 650 1482 uera
667 1429 711 1481 est
728 1427 919 1497 existimantis,
936 1429 976 1498 ut,
996 1426 1027 1496 sl,
1046 1425 1112 1481 dum
1131 1423 1291 1481 aedificatur
1308 1425 1380 1480 intra
1397 1425 1469 1480 (ilem
1488 1424 1661 1494 stipulationi
1678 1438 1763 1478 conr-

315 1515 489 1587 prebensnm,
508 1531 591 1586 supra
608 1515 740 1586 parietem
759 1531 850 1572 meum
869 1515 966 1572 domus
985 1515 1119 1571 deciderit
1135 1529 1252 1584 cumque
1270 1514 1423 1586 nitiauerit,
1447 1515 1511 1570 licet
1527 1517 1593 1584 post
1610 1513 1686 1568 diem
1705 1513 1766 1568 sti-

315 1605 463 1676 pulationis
480 1605 571 1674 parics
589 1603 711 1674 decidat,
734 1605 837 1674 possim
862 1620 956 1676 agere,
979 1605 1044 1676 qnia
1069 1605 1198 1660 damnum
1223 1605 1277 1660 iam
1296 1609 1362 1660 tuno
1380 1603 1546 1674 acceperIm,
1571 1618 1634 1658 cum
1660 1601 1769 1673 paries

316 1694 433 1750 uitiosus
451 1691 541 1749 iactus
559 1695 603 1748 sit.
631 1693 846 1764 necquicquam
865 1693 989 1766 obstare,
1007 1709 1062 1765 qno
1080 1695 1169 1750 minus
1188 1694 1270 1750 ctiam
1290 1697 1436 1764 antequam
1455 1691 1565 1747 desidat
1584 1691 1631 1761 agi
1649 1691 1768 1762 possit:

316 1787 352 1854 et,
372 1783 395 1839 si
413 1783 452 1838 ita
470 1797 619 1838 concussus
638 1783 674 1838 sit
691 1781 790 1854 parics,
809 1786 841 1838 nt
858 1783 933 1839 nulla
950 1783 1055 1840 ratione
1073 1783 1175 1854 recipi¹
1192 1783 1281 1854 possit
1297 1783 1415 1853 ideoque
1429 1779 1610 1851 deponendus
1625 1785 1679 1850 eet,
1698 1783 1772 1836 non

269 1879 298 1925 12
317 1872 428 1928 minoris
446 1873 519 1927 iltem
539 1870 752 1942 aestimandam,
776 1887 858 1941 quam
882 1873 906 1928 ri
928 1872 1085 1929 decidisset.
1122 1872 1151 1928 Si
1174 1873 1279 1928 uicinas
1303 1872 1387 1928 aedes
1411 1869 1560 1926 babeamus
1585 1873 1614 1924 ct
1631 1869 1773 1925 inuicem

316 1961 504 2017 desideremus
522 1960 614 2016 damni
632 1959 725 2016 infecti
743 1962 843 2032 caueri,
862 1961 927 2016 nibil
946 1961 1074 2033 obstabit,
1094 1976 1148 2032 quo
1167 1963 1256 2018 minus
1275 1967 1303 2017 ct
1321 1977 1373 2032 ego
1391 1963 1419 2016 iu
1431 1967 1538 2017 tuarum
1556 1958 1672 2014 aedium
1691 1973 1776 2028 pos-

269 2058 298 2104 1³
316 2051 466 2106 sessionem
490 2049 583 2105 mittar
601 2055 629 2106 et
646 2053 677 2105 tu
695 2049 723 2105 in
742 2065 873 2106 mearum.
910 2047 939 2106 Si
961 2051 1080 2122 pupillus
1105 2049 1244 2122 probibuit
1266 2051 1298 2106 Iri
1321 2051 1349 2106 in
1372 2049 1573 2121 possessionem
1599 2047 1698 2103 damni
1716 2049 1777 2102 im·

268 2147 299 2194 11
316 2138 394 2210 lecti,
417 2139 509 2210 placet
525 2139 553 2194 in
571 2153 634 2194 cum
653 2153 708 2195 non
730 2139 830 2194 iniuste
853 2145 1008 2210 competere
1030 2139 1101 2197 bano
1125 2141 1153 2196 iu
1176 2139 1278 2196 iactum
1302 2139 1446 2196 actionem.
1483 2137 1512 2194 Si
1537 2137 1674 2194 mandatu
1693 2147 1779 2192 meo

270 2235 299 2282 lo
317 2230 387 2286 alius
404 2225 587 2300 prohibuerit,
609 2229 637 2284 in
656 2243 699 2283 me
717 2227 785 2284 baec
804 2228 875 2284 acti0
894 2229 1034 2300 competit.
1071 2231 1132 2286 Non
1150 2231 1238 2287 solnm
1263 2235 1354 2286 autem
1378 2245 1440 2285 cum
1458 2228 1538 2300 punit
1554 2231 1685 2299 praetor,
1708 2220 1781 2298 qui

316 2319 345 2376 in
362 2318 537 2390 possessione
555 2333 629 2388 csse,
649 2317 800 2373 sedetiam
819 2333 895 2390 eum,
914 2318 960 2388 qui
979 2317 1120 2389 possidere
1136 2335 1235 2392 pessus
1254 2335 1309 2375 non
1327 2317 1421 2388 fuerit,
1439 2333 1501 2372 cum
1521 2317 1660 2387 alloquIn,
1681 2317 1706 2371 si
1723 2317 1780 2382 is,

317 2409 364 2480 qui
381 2408 457 2464 iussn
475 2407 609 2478 praetoris
627 2411 756 2478 coeperat
773 2407 915 2478 possidere
932 2413 961 2463 et
978 2407 1145 2479 possidendo
1163 2407 1312 2465 dominium
1332 2421 1443 2478 capere,
1468 2412 1516 2461 aut
1538 2422 1596 2460 non
1614 2405 1780 2460 admissus

318 2503 366 2554 aut
383 2497 487 2553 eiectus
504 2495 569 2552 inde
586 2493 677 2566 fuerit,
696 2496 762 2552 utile
780 2495 955 2552 interdictum
973 2497 1047 2552 unde
1064 2497 1093 2552 ui
1111 2497 1155 2552 uel
1172 2496 1358 2553 Publicianam
1377 2496 1511 2552 actionem
1529 2493 1634 2550 babere
1652 2495 1777 2565 potest-

318 2585 368 2643 scd
385 2586 409 2641 si
426 2586 455 2641 iu
473 2583 575 2642 factum
594 2585 702 2642 actione
720 2585 820 2656 egerit,
844 2585 887 2642 his
905 2585 1059 2642 actionibus
1077 2587 1194 2657 experiri
1211 2601 1266 2642 non
1284 2591 1389 2657 potest,
1413 2601 1475 2640 cum
1499 2587 1612 2654 praetor
1629 2581 1661 2638 id
1680 2583 1774 2654 agat,

270 2682 299 2728 16
317 2691 352 2731 nc
370 2674 500 2730 damnum
518 2673 603 2730 iaciat
620 2679 705 2746 actor,
723 2689 778 2730 non
796 2675 873 2730 utin
891 2675 966 2732 lucro
984 2681 1116 2732 narretur.
1154 2675 1183 2732 Si
1200 2680 1361 2747 procurator
1378 2689 1456 2731 meus
1477 2673 1571 2729 damni
1589 2671 1690 2729 Infecti
1708 2671 1771 2728 sti-

318 2765 429 2837 pulatus
446 2765 491 2835 sit,
510 2780 594 2820 causa
611 2765 723 2834 cognita
740 2763 805 2819 mihi
824 2779 858 2820 ex
877 2780 911 2820 aa
928 2765 1103 2836 stipulatione
1122 2766 1193 2822 actio
1212 2765 1350 2836 competit.

263 2849 300 2908 19
372 2853 465 2910 Gaius
489 2853 524 2908 ad
548 2853 667 2909 edictum
690 2853 824 2924 praetoris
848 2853 946 2909 urbani
967 2855 1049 2911 titulo
1073 2856 1108 2911 dc
1132 2853 1232 2912 damno
1251 2853 1360 2910 infecto.
1380 2842 1764 2938 Q

319 2943 435 3013 Eorum,
460 2943 506 3012 qul
524 2941 668 2998 bonafide
687 2941 799 3012 absunt,
823 2943 851 2998 in
870 2943 1045 3014 stipulatione
1064 2945 1155 3000 damni
1180 2943 1274 3000 infecti
1292 2945 1335 3000 ius
1353 2959 1408 3000 non
1427 2942 1623 3013 corrumpitur,
1649 2943 1698 2997 sed
1713 2955 1758 2996 re·

320 3031 408 3087 nereis
424 3030 540 3086 cauendi
558 3047 592 3086 ex
610 3029 683 3088 bono
701 3037 729 3088 et
747 3047 835 3102 aequo
854 3037 977 3104 potestas
995 3033 1088 3104 datur,
1113 3033 1172 3089 siue
1197 3034 1299 3089 domiui
1323 3033 1378 3090 siut
1402 3033 1460 3088 siue
1484 3031 1588 3101 aliquid
1612 3031 1644 3085 in
1667 3046 1702 3086 aa
1724 3041 1754 3084 ra
1816 3024 1828 3062 ⁴⁴

287 3124 300 3169 1
319 3125 362 3177 ins
380 3117 512 3192 babeant,
537 3119 624 3190 qualis
647 3127 690 3177 est
707 3123 826 3178 creditor
848 3127 876 3178 et
899 3121 1082 3179 fructuarius⁸
1100 3127 1129 3178 ct
1146 3121 1356 3196 superficiarius.
1394 3121 1458 3178 Siue
1476 3119 1587 3176 aedium
1607 3119 1678 3176 uitio
1696 3119 1750 3174 siue

320 3209 419 3281 operis,
437 3209 511 3280 quod
529 3211 573 3264 uel
591 3210 619 3265 iu
638 3210 752 3267 aedIbns
770 3213 814 3268 uel
832 3212 860 3268 in
878 3213 938 3269 loco
956 3211 1061 3269 urbano
1080 3218 1128 3268 aut
1144 3213 1255 3282 rustico,
1270 3209 1400 3282 iprinato
1418 3209 1565 3282 pubIIccuc
1584 3208 1643 3280 fiat,
1662 3205 1746 3265 damni
1779 3195 1828 3248 fil

320 3297 422 3370 ailquid
439 3296 560 3354 futurum
579 3299 623 3370 sit,
642 3305 720 3355 curat
737 3306 854 3372 praetor,
872 3305 904 3356 ut
920 3303 1026 3358 dmenti
1045 3303 1172 3358 damnum
1192 3307 1331 3358 caueatur.

263 3380 303 3440 20
373 3389 451 3444 Ionas
472 3387 542 3444 libro
564 3403 636 3444 nouo
661 3389 767 3446 decimo
786 3390 821 3446 ad
840 3389 959 3446 edictum
977 3392 1152 3462 prouincIale.
1188 3393 1264 3448 Inter
1286 3389 1464 3447 fructuarium
1483 3393 1512 3444 et
1529 3387 1577 3444 do·
1597 3377 1741 3472 Q
1760 3367 1813 3424 '1⁹

321 3479 423 3534 minum
446 3477 622 3549 proprietatis
645 3478 684 3533 ita
707 3478 799 3535 damni
821 3477 915 3535 inlecti
938 3482 1029 3536 cautio
1053 3481 1142 3537 locum
1166 3480 1263 3553 babet,
1287 3482 1311 3536 si
1333 3477 1630 3548 fructuarius'quidem
1650 3477 1684 3532 de
1702 3461 1798 3532 scli⁵⁵

321 3568 389 3624 uitio
407 3569 499 3623 cancri
516 3565 570 3622 albi
587 3566 738 3639 desideret,
762 3569 889 3624 dominus
911 3583 977 3625 uero
995 3570 1169 3641 proprietatis
1193 3570 1228 3626 de
1247 3571 1337 3641 operis
1356 3569 1437 3640 uitio,
1461 3569 1484 3624 si
1502 3567 1570 3640 quid
1588 3567 1740 3623 fructuarius

321 3655 461 3712 aedificet:
484 3673 547 3712 nam
566 3655 601 3712 de
619 3657 698 3712 ruina
716 3657 825 3714 aedium
844 3663 939 3714 neuter
957 3659 992 3715 ab
1011 3661 1097 3718 altero
1115 3659 1269 3716 cautionem
1287 3659 1443 3714 desiderare
1462 3662 1568 3730 potest,
1588 3655 1740 3712 fructuarius

320 3744 392 3817 ideo,
410 3745 475 3816 quia
492 3744 604 3802 relectio
623 3746 732 3802 aedium
751 3747 786 3802 sd
804 3747 864 3804 eius
881 3749 968 3819 ipsius
986 3765 1056 3806 onus
1074 3751 1145 3806 non⁴
1163 3751 1290 3820 pertInet,
1307 3749 1503 3820 proprietarius
1520 3747 1599 3818 ideo,
1617 3747 1683 3817 quia
1700 3741 1741 3800 usi·

321 3839 380 3891 tata
397 3835 545 3906 stipulatio,
564 3835 671 3906 quade
689 3851 718 3892 re
736 3836 905 3892 restituenda
922 3835 1086 3895 fructuarius
1105 3844 1194 3910 cenet,
1213 3839 1248 3894 ad
1266 3837 1337 3894 hunc
1355 3853 1464 3909 quoque
1482 3853 1578 3893 casum
1597 3835 1741 3908 porrIgitnr.
1754 3830 1774 3876 ⁸⁹

265 3919 302 3977 21
374 3923 493 3980 Pennus
517 3923 586 3980 libro
608 3929 707 3982 octauo
732 3925 767 3980 ad
784 3927 930 3982 Plautium.
966 3927 996 3984 Si
1019 3927 1089 3984 iilius
1107 3927 1223 3984 familias
1246 3927 1394 3998 inquilinus
1412 3929 1460 3998 sit,
1484 3927 1579 3982 uidea-
1598 3914 1786 4012 QX

322 4029 392 4084 mus,
411 4029 447 4068 an
464 4013 557 4069 damni
574 4012 669 4070 iniecti
685 4014 795 4071 nomine
813 4017 840 4071 in
857 4016 1060 4086 possessiouem
1079 4015 1187 4074 sedium
1205 4017 1356 4073 uicinorum
1375 4016 1525 4073 mittendus
1549 4017 1588 4073 sit
1605 4016 1744 4088 (quaeritur
1801 4017 1804 4030 ⁴

322 4119 540 4192 aaronica)

324 4280 471 4336 ¹accidit?
500 4293 502 4303 ·
547 4279 651 4336 'refici
669 4283 704 4350 (a.
718 4283 767 4349 ii?
843 4283 900 4338 'in
919 4282 1062 4339 noxalibus
1081 4281 1234 4338 actionibus
1252 4297 1345 4338 corum
1365 4283 1410 4354 qui
1429 4281 1575 4341 bonafide
1594 4259 1748 4342 absentius

322 4367 397 4480 1ὲοὶ
397 4351 668 4493 coluriliirpllelr'psli
689 4355 807 4410 reuersis
831 4353 996 4411 defendendi
1019 4369 1055 4412 ex
1077 4353 1150 4412 bono
1223 4359 1252 4410 et
1273 4353 1439 4411 fructuarius
1457 4355 1494 4409 D.
1510 4359 1526 4410 t.
1538 4365 1583 4412 cu.
1661 4359 1672 4393 ⁴
1691 4357 1749 4412 tien

324 4535 487 4543 —n———-..-.

323 4583 501 4640 buentitoris
521 4585 556 4637 F·
609 4584 692 4640 tsi*
709 4585 746 4638 F‘
806 4587 839 4642 11
863 4585 1010 4642 uenditori-
1063 4587 1111 4640 loc
1129 4589 1189 4640 otim
1203 4593 1350 4642 coniuncto:
1369 4587 1593 4642 circinasset
1637 4591 1752 4660 311111-

323 4656 498 4725 stipulatione
517 4655 543 4708 F
598 4655 631 4711 14
654 4655 764 4712 decidet
781 4657 818 4710 F·
878 4660 912 4714 15
936 4659 1010 4728 quie·
1063 4658 1103 4712 les
1116 4657 1153 4712 F·
1200 4657 1235 4713 36
1253 4656 1321 4714 bitio
1340 4659 1377 4712 F·
1391 4660 1396 4726 Ι
1412 4659 1447 4714 de
1465 4660 1576 4730 operis⁴
1589 4661 1627 4714 F²
1675 4660 1753 4718 aum

324 4743 405 4796 quam
433 4729 469 4780 F¹
532 4727 566 4782 16
592 4728 649 4783 itte⁴
672 4730 710 4781 Γ)
734 4729 739 4798 Ι
762 4729 855 4799 recipi]
883 4731 911 4794 F,
937 4727 1011 4786 retici
1064 4729 1123 4784 eius
1146 4729 1232 4800 ipsius
1255 4744 1325 4786 onus
1348 4743 1402 4785 non
1426 4731 1555 4802 pertinet]
1576 4741 1614 4787 aie
1634 4733 1698 4788 ΡΧ·
1714 4752 1754 4788 asc

323 4797 490 4864 XYQMOO
534 4800 566 4854 17
585 4797 788 4854 deoidcssetl'1
804 4803 809 4870 Ι
824 4800 938 4870 uicinas]
953 4801 1011 4856 uiu-
1064 4804 1139 4856 aliter
1148 4803 1259 4872 tepeant
1270 4801 1651 4867 GraeciiBS.l6,1,7acd.4:
1664 4803 1755 4868 cicca-

324 4885 374 4925 nas
393 4871 428 4924 F¹
477 4870 510 4924 18
528 4870 714 4926 desideremut
731 4871 768 4924 F¹
822 4873 855 4927 19
873 4873 1013 4927 curuffi
1065 4871 1272 4944 operators'proc
1290 4871 1322 4934 οῩ
1340 4873 1466 4944 χρεωοτεῖ
1483 4877 1636 4935 briocensis
1652 4876 1754 4932 rossa-

324 4940 545 5010 nonunquam
565 4943 601 4994 F'
655 4944 689 4998 21
708 4941 795 4997 1111οο
813 4944 850 4996 P
902 4945 937 4998 22
955 4959 1012 4998 ras·
1064 4943 1222 4998 raninronra
1235 4943 1328 5012 cison),
1341 4944 1376 4998 ad
1389 4944 1448 4998 eius
1457 4945 1543 5014 ipsius
1554 4948 1654 5017 (ipsius
1665 4969 1713 5002 om.
1723 4947 1754 5010 0)

324 5013 421 5068 susF
476 5014 511 5067 26
537 5011 612 5068 liciat
634 5015 672 5067 F·
695 5014 700 5082 Ι
725 5013 817 5070 damni
840 5011 951 5070 *iniecti
975 5013 1011 5069 Ρ*
1064 5014 1153 5070 honus
1176 5013 1476 5090 perunctntinroo,
1500 5035 1550 5072 om.
1569 5025 1637 5074 inter
1662 5017 1757 5084 01th

324 5085 359 5139 29
378 5085 426 5139 sed
449 5085 575 5156 reuersis]
599 5093 637 5140 ric
652 5089 753 5158 dapum
775 5089 856 5141 uitae
878 5087 932 5142 ioco
955 5107 1012 5142 corn
1064 5087 1099 5142 39
1117 5087 1153 5142 de
1170 5085 1341 5142 restituenda
1358 5087 1384 5140 F
