3608 5460
209 240 518 312 armona-21
637 219 641 232 ’
879 237 966 316 652
1007 202 1016 220 ¹
1381 261 1429 308 ss
1452 241 1634 308 menoses
1685 253 1689 264 ¹

172 400 191 460 8
262 401 381 456 Pennus
398 399 466 454 libro
485 398 607 454 seeundo
625 398 661 454 ud
676 397 815 454 Sabinum.
847 400 942 454 ln‘illa
960 399 1148 470 stipulatione:
1168 400 1198 455 'ei
1216 399 1342 456 kalendis
1360 399 1488 456 Stiobum
1507 395 1668 482 [ᾖαῖῐέδ

210 489 271 545 ‘non
289 488 405 557 dederis,
425 487 520 543 deoem
539 488 605 544 dare
623 487 769 558 spondesi'
787 493 894 544 mortuo
912 487 1021 544 bomine
1038 489 1185 559 quaeritur,
1204 505 1240 546 au
1258 490 1350 545 statim
1368 494 1432 544 ante
1445 475 1638 558 kalendas—sgi

209 578 305 650 possit.
332 576 451 632 Sabinus
468 577 600 632 Prooulus
623 576 837 646 exspectandum
863 577 934 632 diem
959 579 1043 633 sotori
1066 583 1179 648 putant,
1203 578 1277 648 quod
1300 583 1343 634 eat
1360 580 1469 634 uentu:
1494 582 1555 633 tota
1572 578 1637 632 onim

210 666 340 736 obligatio
359 665 411 722 sub
428 667 588 722 eondieione
606 670 635 720 et
652 666 680 720 in
698 665 770 720 diem
789 665 890 722 oollata
908 671 951 721 est
968 670 997 721 et
1014 666 1078 722 lloet
1096 667 1131 722 ad
1149 667 1337 724 eondioionem
1356 668 1491 724 oommitti
1509 667 1639 737 uideatu,

211 756 270 812 dies
289 761 381 811 tamen
399 761 534 826 superest.
561 753 610 810 sed
629 769 691 810 oum
710 769 757 824 eo,
782 755 828 824 qui
850 755 891 809 ita
912 755 1049 826 promisit:
1069 755 1099 810 'si
1118 757 1189 812 intra
1206 755 1339 813 kalendas
1357 757 1445 826 digito
1463 756 1571 812 eaelum
1589 769 1668 811 nont

210 843 354 915 ‘tetigerit'‚
374 845 419 914 agi
437 844 562 914 protinus
579 847 681 913 potest.
709 843 777 898 haee
795 849 824 898 et
841 843 983 899 Mareellus
1001 843 1108 914 probat.

173 933 192 992 9
263 935 434 990 Pounoruus
452 931 520 988 libro
539 931 661 987 seeundo
679 931 715 988 od
733 931 873 988 Sabinum.
910 931 940 987 Si
958 933 1048 988 Titios
1066 937 1095 989 et
1112 933 1192 991 Seius
1210 935 1357 1005 separatim
1380 935 1420 989 ita
1437 934 1486 989 sti·
1505 929 1641 1017 ffle‘r—tt
1658 941 1676 995 S

210 1024 295 1094 pulati
314 1027 418 1078 esseut:
439 1020 560 1077 'fundum
579 1021 669 1088 illum,
693 1021 716 1075 si
734 1021 772 1076 illl
790 1035 844 1077 non
862 1019 984 1091 dederis,
1009 1022 1074 1078 mibi
1093 1023 1158 1078 dare
1177 1021 1331 1094 spondesi',
1354 1021 1437 1078 finem
1461 1023 1548 1079 dandi
1566 1023 1640 1078 alteri

210 1112 276 1182 iore,
295 1111 385 1182 quoad
403 1109 533 1166 iuditium
552 1111 729 1180 aoolperetur,
748 1115 776 1164 et
792 1109 856 1164 ideo
874 1112 1034 1180 oooupantls
1051 1111 1110 1167 iore
1129 1113 1273 1169 aetionem.
1658 1127 1670 1165 a

154 1200 193 1259 10
262 1201 340 1256 lnnu
363 1199 432 1256 libro
457 1199 539 1254 tertio
560 1198 595 1254 ad
614 1197 754 1254 Sabinum.
790 1199 850 1254 Hoo
868 1199 926 1254 iure
950 1201 1064 1270 utimur,
1088 1207 1120 1256 ut
1142 1215 1177 1256 ex
1200 1201 1252 1256 hae
1275 1201 1465 1272 stipulatione:
1484 1196 1677 1284 [ra-{Qus

210 1291 241 1346 'si
258 1291 359 1345 Luolus
377 1289 467 1344 Titius
486 1291 550 1346 ante
568 1285 700 1343 kalendas
718 1287 804 1342 Maias
822 1287 850 1342 in
869 1287 976 1344 ltaliam
995 1305 1050 1345 non
1067 1291 1186 1361 uenerit,
1209 1289 1305 1346 desem
1329 1291 1396 1346 dare
1419 1289 1570 1360 spondesi'
1588 1305 1640 1346 non

210 1385 274 1435 ante
292 1379 348 1449 peti
366 1377 511 1448 quiequam
529 1377 631 1447 possit,
656 1391 737 1446 quam
756 1375 927 1446 exploratum
946 1378 982 1432 sit
1000 1384 1064 1434 ante
1082 1394 1142 1434 eam
1162 1379 1234 1434 diem
1252 1380 1279 1435 in
1298 1380 1405 1436 ltahm
1425 1379 1520 1435 uenire
1539 1380 1640 1434 litium

210 1483 264 1525 non
281 1483 363 1538 posse
381 1481 470 1536 nequo
488 1467 622 1535 uenisse¹,
641 1466 700 1520 siue
719 1465 784 1520 uiuo
802 1466 861 1521 sine
880 1471 986 1522 mortuo
1004 1468 1033 1523 id
1051 1468 1189 1524 aoeiderit.

154 1559 190 1615 11
262 1558 380 1612 Pronus
397 1555 466 1612 libro
484 1554 605 1610 seeundo
624 1553 660 1610 ad
675 1552 815 1610 Sabinum.
847 1555 931 1610 lilius
949 1556 1013 1612 dunt
1033 1557 1061 1611 in
1079 1557 1191 1612 oluitote
1209 1563 1252 1611 est
1270 1557 1293 1612 si
1312 1557 1467 1628 stipuletur,
1486 1553 1576 1640 [αἶα
1583 1570 1640 1639 1-13
1657 1565 1677 1619 s

209 1647 279 1717 patri
297 1659 409 1701 reuerso
427 1643 462 1699 ab
480 1643 605 1699 hostibus
624 1642 733 1698 uidetur
750 1643 912 1714 adquisisse.
1658 1659 1683 1701 ια

154 1737 191 1794 12
263 1736 434 1791 Pounourus
456 1729 524 1788 libro
548 1733 644 1803 quinto
667 1733 703 1788 ad
722 1731 861 1790 Sabinum.
899 1733 928 1788 Si
953 1733 993 1789 ita
1015 1734 1160 1804 stipulatus
1183 1732 1274 1790 suero:
1296 1733 1400 1790 ‘decom
1418 1741 1468 1792 aut
1486 1729 1675 1816 [ᾖδ’,ἶιῖα

210 1824 336 1895 ‘quinque
360 1823 419 1878 dari
443 1821 599 1892 spondes‘l',
621 1823 741 1892 quinque
764 1821 911 1878 debentur:
935 1827 964 1877 et
987 1824 1010 1878 si
1033 1824 1085 1878 ita:
1105 1823 1236 1878 'kalendis
1260 1823 1394 1879 Ianuariis
1417 1825 1463 1879 uel
1486 1811 1641 1880 deiminio

211 1913 222 1986 ΙΙ
236 1913 301 1968 'dari
320 1910 476 1982 spondesl',
493 1911 607 1981 perinde
625 1913 677 1982 est,
696 1911 775 1980 qnasi
794 1910 926 1968 'kalendis
944 1911 1106 1966 Februariis
1125 1913 1271 1981 stipulatus
1289 1913 1350 1968 sim.
1654 1925 1791 1984 tote

154 2000 191 2058 13
262 2002 412 2058 Unnrnnue
434 1999 503 2056 libro
528 2014 600 2056 nono
623 1999 729 2056 deoimo
752 1999 788 2054 ad
809 1999 950 2056 Sabinum.
991 1999 1042 2068 Qui
1066 2000 1137 2056 ‘ante
1161 2000 1294 2056 kalendas
1316 1997 1672 2086 proximae'[th‘o','1,TlS

209 2092 362 2163 stipuletur,
380 2090 475 2145 similis
493 2093 537 2144 est
554 2089 589 2159 ei,
607 2090 654 2158 qui
673 2087 812 2144 balendis'
831 2091 984 2160 stipulatur.
1499 2080 1586 2086 ”
1618 2079 1636 2085 ’”
1654 2107 1677 2147 aa
1758 2127 1803 2170 α

154 2179 191 2238 14
262 2181 433 2236 Pounoarus
451 2177 520 2234 libro
532 2177 675 2247 quintoad
688 2176 828 2233 Sabinum.
859 2177 889 2234 Si
906 2179 946 2234 ita
964 2179 1109 2249 stipulatus
1127 2194 1216 2235 essem
1235 2179 1285 2236 abs
1298 2185 1326 2235 te
1345 2179 1464 2236 'domum
1499 2193 1525 2239 lt.
1534 2195 1573 2248 aa,
1582 2177 1671 2250 1,]18
1774 2215 1796 2266 ἵ

210 2267 381 2326 'aedilioarii'
399 2268 443 2324 uel
462 2266 590 2323 heredem
609 2283 699 2324 meum
719 2267 886 2324 damnauere
903 2269 1019 2324 insulam
1039 2267 1198 2338 aedilieare,
1222 2269 1303 2324 Celso
1327 2270 1418 2338 plaoet
1440 2285 1497 2326 uon
1515 2257 1637 2340 anto'ou'i

209 2375 291 2432 posse
309 2373 344 2414 ex
362 2373 396 2412 ea
413 2371 505 2426 eausa,
524 2371 606 2425 quam
625 2363 734 2428 tempus
751 2359 936 2428 praeterisset,
954 2371 1009 2427 quo
1022 2357 1111 2413 insula
1123 2356 1262 2414 aedilieari
1274 2365 1382 2428 posset:
1402 2373 1453 2414 neo
1466 2357 1636 2416 fideiussores

210 2449 267 2504 dati
285 2453 349 2504 ante
368 2447 458 2502 diem²
476 2444 655 2501 tenebuntur:
1650 2463 1745 2512 αι...
1762 2490 1789 2528 ,4

154 2535 191 2594 15
262 2539 340 2593 Innru
356 2535 426 2591 libro
444 2535 594 2590 uioensimo
613 2536 730 2606 septimo
748 2535 783 2591 ud
801 2534 942 2592 Sabinum.
979 2539 1008 2591 et
1025 2535 1087 2591 ideo
1105 2535 1270 2605 haesitatur,
1294 2537 1318 2592 si
1343 2537 1435 2608 miquo
1453 2553 1519 2608 pars
1536 2539 1634 2594 insulse
1648 2535 1696 2590 S·
1708 2549 1788 2615 ἓ·

209 2625 284 2684 laeta
301 2626 344 2694 sit,
363 2623 463 2680 deinde
480 2623 607 2679 ineendio
625 2630 788 2696 cousumpta
806 2626 850 2695 sit,
868 2641 903 2680 an
922 2626 1057 2695 integrum
1077 2631 1187 2696 tempus
1205 2627 1421 2696 eomputandum
1439 2628 1477 2682 ait
1494 2643 1587 2684 rursus
1603 2625 1633 2682 ad

209 2713 406 2772 aedificandam
430 2713 546 2768 insulam
570 2727 606 2768 an
629 2729 695 2770 uero
718 2715 850 2784 reliquom
875 2713 1019 2770 dumtaxat
1042 2715 1257 2785 exspectandum
1276 2715 1352 2785 quod
1369 2715 1475 2772 deerat.
1503 2727 1533 2773 et
1551 2717 1631 2772 uerius

210 2810 261 2876 est,
280 2811 312 2861 ut
329 2805 465 2872 integrum
482 2801 509 2857 el
526 2801 614 2858 detur.

154 2892 192 2951 16
262 2894 339 2949 mnu
361 2893 430 2948 libro
454 2896 533 2948 sento
557 2891 592 2946 ad
610 2891 751 2948 Sabinum.
787 2890 817 2948 Si
835 2891 957 2948 Stiobom
982 2897 1030 2948 aut
1048 2892 1217 2964 Pamphilum
1236 2887 1749 2976 [ffaafiffiss‘a'asejo‘fflQ

211 2982 276 3039 mihi
293 2981 394 3038 debeas
413 2987 441 3036 et
458 2983 526 3037 alter
543 2995 579 3038 ex
596 2982 636 3037 ele
655 2995 732 3037 meus
750 2979 840 3036 iaetus
859 2981 895 3037 sit
913 2996 948 3037 er
966 2981 1058 3052 aliqua
1075 2997 1169 3052 eausa,
1186 2969 1628 3053 reliqffu'nffib'etnffiiffsu
1641 2993 1748 3050 -s

178 3081 190 3125 1
209 3071 356 3142 stipulatio
373 3071 528 3126 huiusmodi
545 3070 581 3126 'in
599 3085 685 3126 annos
703 3069 834 3140 singulos'
852 3085 907 3126 una
925 3074 968 3126 est
985 3075 1014 3126 ot
1025 3071 1130 3126 ineerta
1141 3075 1170 3126 et
1181 3077 1321 3143 perpetus,
1339 3087 1395 3128 non
1409 3073 1627 3142 quemadmodum

210 3161 298 3217 simile
315 3161 436 3230 legatum
454 3166 542 3216 morte
559 3159 683 3230 legatarii
700 3157 831 3216 liniretur.

154 3253 192 3311 17
263 3249 413 3306 Unrrarsus
435 3249 504 3305 libro
529 3249 678 3305 uiuensimo
703 3255 802 3304 ootauo
820 3249 856 3304 ad
874 3247 1014 3304 Sabinum.
1051 3247 1196 3320 Stipulatio
1214 3265 1269 3306 non
1287 3250 1362 3306 ualet
1379 3250 1408 3306 in
1427 3253 1468 3307 rei
1485 3243 1626 3336 [Uesuli
1639 3260 1727 3311 -1

210 3338 386 3410 promittendi
404 3337 544 3394 arbitrium
562 3338 662 3394 oollata
679 3338 846 3394 oondloione.
1506 3329 1535 3336 ψ
1548 3331 1557 3334 “
1621 3327 1623 3390 J
1685 3349 1730 3387 :ut

155 3431 192 3489 18
262 3429 434 3484 Pouroarus
456 3426 525 3482 libro
548 3426 655 3484 deoimo
678 3427 714 3483 ad
735 3427 875 3483 Sabinum.
912 3427 964 3493 Qui
987 3426 1029 3482 bis
1053 3426 1125 3482 idom
1150 3427 1297 3498 promittit,
1320 3427 1381 3498 ipso
1405 3429 1466 3486 iure
1484 3421 1631 3514 [lalajr'ffl
1679 3427 1723 3478 41

211 3519 327 3590 amplius
345 3533 427 3588 quam
444 3517 529 3572 semel
547 3531 600 3572 non
618 3521 735 3572 tenetur.
1513 3501 1629 3516 “A

155 3609 191 3668 19
262 3607 340 3662 mnu
362 3606 432 3663 libro
454 3606 549 3676 quinto
572 3605 680 3662 deoimo
704 3605 739 3661 ad
757 3604 897 3662 Sabinum.
935 3604 964 3660 Si
981 3605 1121 3676 stipulatio
1139 3603 1213 3660 iaota
1229 3603 1324 3662 suerit:
1343 3595 1646 3692 fflfffl
1709 3591 1727 3643 ⁸

211 3696 242 3751 'sl
259 3697 340 3766 eulpa
357 3701 406 3751 tna
423 3695 570 3753 diuortium
588 3694 692 3750 laetum
710 3693 800 3764 luerit,
818 3693 912 3762 darii',
938 3693 1012 3750 nulla
1029 3695 1169 3765 stipulatio
1187 3699 1237 3764 est,
1256 3695 1320 3765 qnia
1339 3698 1463 3753 oonteuti
1482 3712 1545 3754 esse
1562 3699 1647 3755 usbo-

211 3801 272 3842 mus
288 3785 385 3856 poenis
402 3786 494 3860 legum
512 3783 728 3856 eomprehousis:
752 3783 804 3839 nisi
828 3783 851 3838 si
873 3789 901 3838 et
924 3783 1064 3853 stipulatio
1088 3783 1248 3840 tantundem
1273 3783 1375 3839 habeat
1396 3799 1518 3858 poenae,
1542 3791 1660 3859 quant»

210 3875 271 3947 lego
290 3875 326 3930 sit
343 3874 547 3946 comprehensa
1719 3847 1743 3887 ⁴⁸

154 3966 194 4026 20
265 3964 414 4020 Unnrarrus
431 3963 501 4020 libro
518 3962 658 4034 trigesimo
676 3966 775 4033 quarto
793 3961 829 4016 ad
844 3959 985 4017 Sabinum.
1021 3961 1184 4018 Huiusmodi
1202 3961 1394 4032 stipulationes
1412 3977 1470 4020 non
1488 3943 1664 4049 [1131]ζῇ
1713 3929 1739 3984 ¹5

211 4057 275 4110 sont
292 4053 416 4110 inutiles:
435 4052 515 4124 'quod
533 4051 582 4108 tibi
595 4051 683 4107 Titius
701 4049 793 4121 debet,
812 4065 873 4106 oum
893 4050 1000 4107 debitor
1018 4066 1080 4108 esse
1098 4051 1217 4122 desierit,
1236 4051 1302 4107 dare
1320 4052 1470 4122 spondes?
1488 4041 1668 4112 nanu‘uale‘

210 4143 349 4214 stipulatio
366 4142 446 4213 quasi
463 4141 515 4197 snb
533 4141 630 4212 quaeis
649 4141 702 4196 alia
719 4139 878 4196 oondioione
896 4145 1037 4210 oonoepta.

1252 4217 1657 4237 „mm-„J
1690 4195 1730 4262 5

40 4229 41 4234 ’
154 4234 191 4293 21
263 4233 433 4288 Pouroruos
459 4230 527 4288 libro
554 4231 650 4300 quinto
674 4230 780 4286 deoimo
804 4229 840 4286 od
863 4227 1004 4286 Sabinum.
1047 4229 1076 4286 Si
1100 4229 1218 4286 diuortio
1237 4226 1276 4314 [Β.
1284 4244 1322 4298 aa,
1334 4245 1354 4300 1,
1363 4244 1402 4290 20.
1418 4243 1464 4291 RS.
1473 4245 1512 4300 aa,
1522 4239 1658 4300 ausus

210 4320 284 4377 iaoto
302 4336 342 4391 ea,
361 4335 432 4390 quae
451 4320 516 4376 nibil
533 4320 561 4375 in
580 4319 644 4376 dote
663 4317 771 4389 babeat,
790 4318 862 4375 dotis
881 4320 990 4376 nomine
1009 4325 1118 4376 eentum
1138 4319 1197 4375 dari
1215 4309 1368 4391 stipuletur,
1387 4323 1432 4377 uel
1448 4331 1653 4392 quaerentum

113 4415 126 4430 ⁸
211 4411 354 4467 dumtaxat
371 4409 479 4480 babeat,
498 4409 617 4465 dueenta
635 4409 708 4464 dotis
725 4407 835 4464 nomine
853 4407 911 4463 dari
930 4409 1089 4480 stipuletur:
1108 4409 1239 4465 Prooulus
1258 4411 1304 4481 ait,
1324 4409 1347 4465 si
1366 4409 1490 4468 dueenta
1501 4413 1650 4485 stipuletur

211 4516 403 4588 ((Χῑαιοσ)
468 4585 471 4592 ,

210 4619 447 4628 ——-----·—-—-——

94 4661 98 4671 ’
212 4667 358 4736 ¹uenisse]
377 4665 529 4722 interesse?
599 4665 701 4722 ²diem
720 4668 767 4724 del.
838 4667 987 4739 ⁸reliquus
1006 4668 1105 4736 (adum

212 4821 246 4874 22
259 4819 303 4874 uel
311 4819 353 4874 *si*
362 4817 490 4874 heredem
505 4817 539 4871 F²
568 4819 603 4873 26
615 4818 850 4890 aninintegrum
861 4821 898 4874 F’
952 4820 1033 4892 (Τι’ρ.)
1069 4819 1503 4890 31111110]1“’Χ1’1100,1(1αα1·1
1539 4828 1639 4898 etpoe

212 4893 245 4945 21
259 4890 347 4946 deerit
360 4891 396 4943 F’
431 4891 466 4944 28
478 4894 510 4944 ut
520 4889 566 4944 *in*
578 4889 715 4960 integrum
729 4891 765 4944 1⁴⁸¹
800 4891 897 4961 tilleio]
951 4892 994 4946 nis
1012 4893 1104 4962 legum
1122 4890 1336 4964 eomprehousis]
1357 4895 1427 4967 ἡτῷ
1440 4899 1518 4968 aium
1532 4899 1570 4954 'eni
1587 4900 1638 4952 τώκ

211 4961 254 5017 his
270 4963 307 5016 Ρ
322 4965 327 5030 Ι
342 4977 377 5018 ex
396 4961 487 5031 aliqua
504 4961 596 5030 eausa]
616 4971 691 5048 qaod
708 4971 770 5018 esset
788 4962 842 5018 alia
858 4967 900 5018 usi
952 4963 1081 5026 roroirmu
1091 4963 1479 5040 mprcubtsnoraiB(Piroiiua)
1492 4969 1639 5043 ssqut'm'·

213 5034 267 5090 alla
284 5049 348 5106 qua,
366 5041 467 5090 must
485 5033 594 5090 Graeci:
619 5043 645 5088 ea
662 5033 754 5104 ἑτέρα(
772 5033 898 5090 airiacB
951 5035 995 5091 uls
1012 5035 1049 5088 F²
1100 5036 1136 5092 45
1154 5050 1209 5106 que
1226 5035 1292 5093 nibil
1310 5039 1336 5092 F
