3504 5452
115 253 169 302 rr
194 253 486 304 rmnreonnnsens
835 235 888 316 91
1174 191 1175 202 ἵ
1319 241 1439 310 XXXII
1461 251 1576 307 eo-eo

75 405 91 451 1
115 407 205 449 esse:
227 393 283 448 sed
301 395 396 450 nerins
416 399 461 451 est
478 410 526 452 ees
544 397 649 466 legates
667 411 741 467 esse,
766 397 813 467 qul
830 397 950 452 minores
968 397 1100 453 aunioulis
1117 404 1217 456 emant
1254 398 1347 456 Seruis
1365 405 1394 456 et
1411 401 1515 458 snelllis
1532 417 1575 456 nr-

115 482 210 538 banis
236 483 343 554 legatis
366 499 518 554 agasonem
542 485 688 542 mulionem
712 487 804 556 legato
827 501 882 542 non
905 487 1038 542 eontineri
1059 487 1201 557 respondi:
1226 503 1274 545 eos
1301 491 1373 545 enim
1396 491 1470 546 soles
1491 491 1520 546 in
1541 505 1576 547 ee

78 585 97 630 2
117 585 251 628 numere
270 571 383 642 baberi,
408 589 478 643 quos
501 579 580 644 pater
596 573 715 631 familias
733 576 834 632 oireum
859 589 889 630 se
908 576 968 646 ipse
985 576 1042 631 sui¹
1062 577 1152 632 oultus
1169 591 1254 634 eausa
1270 577 1391 634 haberet.
1427 580 1504 635 Lana
1520 580 1575 636 lino

117 677 259 734 purpura
277 663 360 718 uxori
376 663 484 734 legatis,
503 679 574 734 quae
592 665 651 720 eius
670 680 754 720 eausa
772 667 870 736 parata
887 668 988 732 essent,
1007 680 1069 720 enm
1087 667 1200 722 multam
1218 668 1308 722 laeam
1327 673 1355 724 et
1368 669 1456 724 omnis
1468 669 1576 738 generis

118 751 304 822 reliquisset,
322 751 514 823 quaerebatur,
532 769 567 808 an
585 753 674 808 omnis
692 752 844 808 deberetur.
872 753 1021 824 respondit,
1040 755 1064 810 si
1081 753 1147 810 nihil
1163 770 1200 819 ex
1218 771 1252 812 ea
1263 755 1477 812 destinasseted
1495 771 1574 812 usum
1593 766 1608 808 e

118 841 242 911 uxoris,
262 841 316 896 sed
334 842 423 897 omnis
441 843 590 898 sommiata
607 847 696 912 esset,
714 857 768 898 non
786 842 945 898 dlsslmllem
964 857 1026 898 esse
1043 843 1280 914 deliberationem,
1299 861 1361 901 eum
1378 859 1467 916 penus
1483 847 1577 916 legate

121 935 207 984 esset
227 933 260 984 et
279 931 382 986 multas
400 945 444 986 res
461 947 533 1002 qnae
549 945 638 1002 penna
656 935 749 985 essent
766 932 930 1002 reliquisset,
948 946 983 988 ex
1001 931 1100 1002 quibus
1118 937 1197 1003 pater
1214 933 1331 990 familias
1347 934 1467 990 uendere
1478 936 1575 992 solitus

122 1023 216 1074 esset
246 1035 314 1074 nam
333 1021 358 1075 si
375 1021 441 1076 nina
458 1019 613 1076 diffudisset
630 1018 773 1075 habiturus
793 1021 883 1076 usioni
906 1023 966 1092 ipse
988 1027 1017 1077 et
1039 1021 1117 1077 beros
1135 1024 1209 1090 eins,
1233 1027 1326 1078 tamen
1348 1037 1429 1079 omne
1450 1024 1479 1079 in
1501 1039 1575 1094 penu

123 1107 301 1164 existimari.
328 1109 379 1164 sed
397 1125 460 1165 eum
477 1107 639 1179 preberetur
659 1123 722 1164 enm
745 1109 792 1180 qul
813 1114 1008 1166 testamentum
1032 1109 1144 1168 fodisset
1165 1118 1272 1183 partem
1289 1127 1377 1182 penes
1395 1111 1514 1168 uendere
1532 1127 1575 1168 so·

123 1198 211 1253 litum
232 1212 308 1266 esse,
327 1199 505 1254 eonstitutum
524 1213 594 1266 esse,
611 1201 644 1254 ut
657 1211 692 1252 ex
704 1211 746 1268 eo,
764 1197 838 1268 qood
853 1199 889 1254 ad
901 1215 1002 1254 annum
1014 1215 1084 1271 epos
1097 1206 1180 1271 esset,
1198 1201 1313 1256 beredes
1324 1201 1457 1270 legatario
1468 1201 1574 1257 darent
1594 1213 1622 1252 ro

124 1287 169 1342 sie
188 1285 264 1342 mihi
283 1287 375 1356 plaeei
392 1293 421 1342 et
438 1287 467 1342 in
484 1288 546 1343 lana
563 1284 636 1356 fieri,
659 1291 690 1342 ut
708 1301 743 1342 ex
760 1303 795 1342 ea
813 1287 887 1358 qnod
909 1288 945 1343 ad
967 1304 1048 1344 usum
1071 1305 1191 1346 annuum
1214 1291 1411 1346 muliori‘satis
1431 1296 1517 1359 esset,
1541 1304 1575 1346 ea

125 1383 274 1432 sumeret:
297 1391 353 1431 non
375 1377 447 1430 enim
472 1375 590 1432 dedueto
613 1391 660 1446 eo,
685 1375 759 1446 quod
776 1377 812 1431 ad
830 1377 882 1432 uiri
899 1393 980 1434 usum
998 1393 1069 1449 opus
1086 1383 1173 1448 esset,
1197 1379 1330 1450 reliquom
1353 1379 1431 1434 uxori
1453 1379 1574 1449 legatum

93 1475 107 1518 a
126 1481 208 1534 esse,
234 1465 289 1520 sed
306 1464 382 1535 quod
398 1465 493 1521 uxoris
516 1481 600 1520 eausa
622 1470 749 1534 paratum
767 1471 849 1521 esset
885 1466 1008 1522 Praediis
1026 1465 1137 1537 legatitis
1155 1473 1185 1523 et
1202 1482 1273 1538 quae
1290 1482 1385 1524 eornm
1401 1467 1574 1538 praediorum
1592 1474 1609 1522 i.
1620 1469 1657 1523 se¹

126 1553 318 1610 eelendornm
335 1569 421 1609 eausa
438 1558 531 1625 empta
547 1559 698 1624 peneque
716 1559 821 1625 essent,
837 1569 928 1625 neque
946 1555 1093 1626 topiarium
1111 1571 1201 1626 neque
1219 1557 1378 1612 saltuarium
1395 1557 1517 1627 legatum
1534 1557 1574 1612 ui·

127 1641 192 1699 deri
213 1643 269 1698 ait:
288 1643 435 1712 topiarium
453 1643 524 1698 enlm
543 1643 665 1713 ornandi,
684 1644 843 1700 saltuarium
862 1649 954 1700 autem
972 1645 1068 1700 tuendi
1082 1650 1111 1701 et
1122 1645 1294 1701 comedendi
1305 1644 1382 1701 tundi
1394 1645 1482 1716 magis
1493 1659 1574 1716 qnam
1595 1656 1621 1698 rs

127 1733 246 1788 oolendi
265 1739 392 1803 paratum
410 1747 486 1788 esse:
510 1733 617 1788 minum
635 1732 830 1788 maebiuarinm
849 1734 971 1803 legatum
994 1733 1095 1790 uideri:
1118 1735 1185 1790 item
1208 1748 1289 1804 oues,
1314 1749 1385 1804 quae
1407 1735 1575 1792 stereorandl

128 1819 216 1878 fundi
234 1835 323 1877 eausa
338 1827 513 1892 pararentur:
530 1823 597 1877 item
615 1822 769 1892 opilionem,
788 1822 811 1876 si
829 1821 888 1876 elus
906 1822 1015 1891 generis
1032 1837 1100 1878 oues
1117 1828 1234 1878 comet

70 1909 104 1968 il
189 1911 271 1966 Ioum
288 1910 358 1966 libro
376 1915 476 1966 oetano
494 1911 662 1980 digestorum
681 1911 815 1966 aPeooo
834 1911 1052 1980 epitomatorem.
1082 1911 1248 1968 Tentoribos
1265 1911 1400 1982 omnibns,
1432 1923 1574 1980 eleeto
1594 1918 1614 1972 S

131 2001 184 2070 qui
202 2001 247 2055 sui
266 2004 361 2055 essent
379 2015 441 2054 enm
459 2004 622 2070 moreretur,
646 1999 745 2069 legatis
763 2000 917 2070 quaesitum
935 2005 993 2070 est,
1012 2015 1047 2056 an
1066 2002 1148 2071 etis,
1166 2015 1248 2071 quem
1266 2007 1364 2072 postea
1381 2017 1416 2057 ex
1433 1988 1574 2058 bis-esde

131 2089 207 2144 rium
226 2087 353 2158 ieebset,
376 2089 468 2157 legato
486 2089 678 2145 contineretur.
705 2089 847 2159 respondit
863 2089 1009 2145 eontineri:
1031 2105 1085 2146 non
1109 2091 1181 2146 enlm
1200 2091 1236 2146 ad
1254 2091 1328 2146 uliud
1344 2083 1511 2160 ardbeium,
1525 2090 1575 2146 sed
1593 2101 1622 2142 so

134 2177 174 2232 ad
192 2179 278 2233 alium
295 2193 377 2233 usum
395 2177 584 2232 transduetum
602 2192 673 2232 esse.

63 2261 106 2322 62
193 2268 335 2324 launna
352 2265 422 2322 libro
441 2265 572 2337 singulari
589 2266 624 2321 de
642 2265 878 2336 ambiguitatibus.
906 2266 958 2332 Qui
976 2267 1046 2323 duos
1064 2267 1153 2324 mules
1170 2267 1291 2326 babebat
1307 2267 1347 2324 ita
1363 2269 1400 2324 le-
1418 2262 1574 2353 Εἶθ’-ρ
1593 2273 1614 2328 S

138 2357 230 2426 pauit:
250 2355 347 2412 'mulos
365 2355 449 2426 dnos,
467 2355 514 2425 qni
532 2355 586 2410 mei
604 2360 683 2412 erunt
701 2371 763 2410 enm
781 2357 894 2427 moriar,
913 2355 992 2412 heres
1009 2357 1095 2414 dato':
1119 2357 1191 2414 idem
1210 2359 1299 2414 nullos
1317 2359 1418 2428 midos,
1437 2358 1486 2414 sed
1505 2358 1575 2414 duas

138 2446 228 2501 mulus
246 2446 404 2515 reliquerat
431 2443 572 2515 respondit
583 2442 696 2500 Seruius
714 2444 808 2500 deberi
825 2445 955 2516 legatum,
973 2447 1039 2515 quia
1050 2448 1183 2504 mulorum
1196 2447 1378 2520 appellatione
1389 2447 1472 2503 etiam
1485 2447 1575 2503 mulae

142 2525 322 2605 eontinentur,
340 2533 570 2604 quemadmodum
588 2534 771 2604 appellatione
790 2549 929 2590 seruorum
948 2537 1031 2590 etiam
1050 2551 1146 2592 seruas
1162 2537 1322 2608 plerumque
1339 2535 1520 2592 eontinentur.
1544 2536 1573 2592 id
1592 2547 1621 2588 ao

144 2629 231 2680 autem
250 2639 284 2680 eo
302 2625 404 2694 ueniet,
423 2623 497 2693 quod
514 2639 623 2694 semper
641 2639 724 2678 sexus
742 2624 909 2680 maseuliuus
927 2624 1010 2680 etiam
1027 2623 1188 2682 femininum
1206 2641 1301 2684 sexum
1320 2627 1450 2682 eontinet

55 2705 110 2766 63
192 2714 270 2769 murs
289 2712 359 2770 libro
381 2715 470 2784 primo
493 2713 528 2768 ad
547 2711 673 2768 Urseium
691 2713 831 2770 Feroeem.
864 2699 899 2768 'ln
923 2713 1080 2784 repetendis
1102 2715 1200 2785 legatis
1223 2714 1292 2770 bueo
1313 2713 1400 2770 uerba
1417 2709 1613 2799 QX

145 2817 210 2872 quae
228 2802 302 2858 sdiei
318 2803 410 2858 solent
427 2803 499 2858 'item
517 2802 584 2856 dare
601 2801 716 2858 damnes
735 2801 802 2858 esto’
821 2807 850 2857 et
867 2801 903 2858 ad
921 2801 1096 2860 eondieionee
1114 2807 1143 2858 et
1159 2803 1195 2859 ad
1213 2803 1273 2860 dies
1291 2805 1443 2876 legatorum
1462 2805 1573 2861 easdem

144 2892 304 2964 repetendas
319 2890 416 2947 referri
433 2889 550 2947 Sabinus
568 2891 718 2960 respondit.
1593 2903 1622 2946 ro

53 2971 117 3036 M
192 2981 366 3038 Aruernus
384 2979 453 3035 libro
470 2986 549 3035 sexto
567 2981 767 3050 quaestionum.
795 2979 847 3046 Qui
864 2978 949 3036 tilium
967 2985 997 3036 et
1013 2981 1159 3051 nepotem²
1176 2981 1304 3037 heredem
1322 2982 1398 3038 insti·
1417 2979 1574 3069 Q
1592 2989 1613 3043 S

146 3073 237 3141 tuerat,
255 3075 333 3126 eerta
348 3069 464 3139 praedia
480 3083 605 3139 quaeque
623 3070 651 3124 in
670 3069 711 3124 bis
730 3070 824 3124 mortis
842 3075 964 3140 tompore
983 3084 1034 3124 sua
1052 3075 1145 3126 essent
1162 3071 1256 3141 nepoti
1273 3071 1574 3142 perfideieommissum

148 3158 254 3215 dederat
271 3159 407 3229 exeepte⁸
424 3157 597 3214 kalendario:
619 3159 714 3214 mertis
731 3163 855 3228 ternpore
872 3159 901 3212 in
919 3173 953 3212 ea
970 3173 1048 3229 area,
1071 3160 1100 3214 in
1118 3175 1173 3230 qna
1189 3161 1370 3216 instrumenta
1387 3165 1417 3216 et
1433 3163 1574 3218 motiones

148 3247 293 3304 debitorum
311 3251 405 3316 eraut,
426 3248 543 3318 poenula
566 3251 710 3304 numerate
731 3247 843 3302 inuenta
865 3251 916 3302 est.
943 3247 1080 3316 plerisque
1103 3247 1249 3304 uidebatur
1265 3251 1313 3305 uix
1330 3251 1485 3308 ueresimile
1503 3265 1573 3321 esse,

150 3341 174 3390 ot
187 3341 304 3392 testator
322 3335 358 3392 de
374 3336 493 3407 peennia
508 3341 653 3392 numerata
670 3335 809 3391 sensisset.
837 3349 890 3406 ege
908 3340 1000 3392 autem
1018 3337 1085 3392 illud
1102 3337 1215 3408 dignum
1232 3339 1470 3396 animaduersione
1481 3341 1574 3398 existi·

150 3425 263 3496 uebam,
285 3441 351 3482 eum
369 3428 432 3496 quis
450 3425 638 3480 kalendarium
655 3425 789 3496 praestari
807 3425 888 3480 ulieui
905 3425 1036 3494 uoluerit,
1060 3431 1187 3482 uunmne
1210 3429 1321 3484 nomina
1338 3427 1482 3486 demunt
1498 3427 1574 3486 debi·
1592 3441 1621 3482 so

151 3517 227 3571 torem
245 3515 383 3586 praestari
400 3515 520 3570 uoluisse
538 3513 738 3584 intellegendus
755 3518 799 3570 est
816 3531 851 3569 an
869 3529 936 3570 uere
954 3515 1037 3570 etlam
1059 3516 1217 3586 peenniam,
1240 3519 1264 3572 si
1281 3533 1337 3588 qua
1354 3516 1389 3574 ab
1406 3517 1449 3574 his
1466 3524 1573 3590 exenta,

151 3603 226 3662 suen
244 3611 341 3659 tamen
358 3603 518 3659 kalendario
536 3603 674 3659 destinata
691 3602 782 3659 fuerit.
810 3609 838 3658 ot
856 3603 945 3674 magis
962 3609 1038 3674 pute,
1057 3605 1300 3676 quemadmodum,
1319 3608 1343 3662 si
1360 3613 1474 3664 exaotae
1491 3621 1573 3676 peou·

149 3693 198 3752 lite
216 3699 246 3749 st
263 3709 361 3750 rursus
379 3694 528 3748 eolleeatae
546 3697 652 3763 essent,
674 3693 839 3762 permutatio
862 3693 1003 3748 neminum
1027 3709 1082 3750 non
1103 3699 1257 3764 peremeret
1279 3696 1323 3751 nel
1346 3697 1480 3752 minueret
1496 3695 1573 3752 fidel·

148 3785 329 3853 ammissum,
353 3782 394 3837 ite
410 3783 488 3853 ipsae
505 3795 615 3851 queque
633 3782 778 3852 peeuniae,
802 3782 826 3837 si
843 3781 933 3836 adhue
950 3781 1124 3853 kalendario,
1148 3783 1176 3838 id
1200 3788 1243 3840 est
1264 3784 1419 3840 nominibus
1441 3784 1574 3842 laeiendis

145 3867 291 3928 dssdnatae
310 3875 417 3941 essent,
441 3870 530 3926 eidem
553 3869 764 3926 fideicommisso
788 3871 885 3926 eedere
908 3871 1036 3927 debeant.
1064 3873 1129 3942 quin
1154 3873 1236 3928 etiam
1259 3873 1325 3929 illud
1348 3888 1456 3945 qnoque
1478 3879 1573 3944 putem
1590 3886 1620 3927 eo

142 3957 248 4018 defendi
264 3975 357 4032 posse,
376 3966 408 4016 ut
425 3975 481 4017 non
498 3960 580 4016 modo
599 3976 616 4015 a
632 3959 801 4016 debitoribus
819 3967 933 4017 exaetae
950 3961 1096 4032 paeoniae,
1121 3961 1170 4018 sed
1188 3977 1360 4033 qnaeomque
1377 3962 1412 4018 de
1430 3977 1515 4019 eausa
1531 3978 1572 4020 re·

137 4043 244 4122 dieue,
263 4051 354 4106 eidem
372 4054 466 4105 tamen
484 4049 582 4105 rationi
600 4047 717 4105 fuerint‘
736 4049 889 4106 destinatae
907 4049 1117 4106 fideicommisso
1134 4050 1242 4107 eedaut

95 4115 120 4178 ⁶⁵
190 4141 369 4196 llmmnrous
391 4139 460 4194 libro
483 4139 600 4208 septimo
622 4137 831 4195 lnsdtntionnm.
866 4141 979 4210 Legatis
1002 4141 1089 4196 seruis
1107 4141 1229 4211 exeeptis
1247 4140 1398 4212 negotinto-
1430 4151 1457 4198 Β.
1465 4153 1572 4224 affl
1590 4147 1612 4202 S

130 4227 212 4286 tibus
230 4229 326 4286 Labeo
349 4229 460 4299 seripsit
483 4243 531 4283 eos
553 4229 646 4297 legato
669 4233 800 4300 exceptos
823 4229 924 4300 uideri,
948 4229 995 4299 qni
1017 4229 1166 4300 praepositi
1188 4234 1282 4284 essent
1303 4229 1406 4299 negotii
1428 4230 1573 4286 exercendi

131 4327 230 4390 uuas,
250 4319 337 4374 nenti
355 4318 403 4388 qni
421 4317 457 4373 ed
468 4317 614 4373 emendum
625 4317 770 4373 looandnm
784 4317 990 4374 eondueendnm
1002 4319 1151 4389 praepositi
1163 4323 1268 4374 suant:
1287 4316 1467 4374 eubieularies
1479 4324 1571 4376 antem
1590 4332 1619 4374 es

128 4409 381 4488 FiWDEQICK)

131 4533 252 4612 ¹ipsius
270 4540 335 4596 sui?
406 4541 466 4596 ¹et
482 4543 609 4610 nepotem
628 4542 675 4595 del.
740 4540 895 4610 ⁸tsxeiepto]
905 4543 1018 4613 firment
1036 4541 1133 4598 Graeci
1149 4539 1365 4612 (iosippuutnera
1382 4542 1439 4595 reba
1457 4542 1571 4597 bassiori

135 4605 224 4684 Tip.):
243 4629 305 4668 oum
325 4617 401 4668 certo
420 4615 465 4680 (=
484 4609 622 4680 e'cesre)?
692 4611 704 4646 ⁴
722 4609 823 4668 fuerint
840 4614 886 4668 det.

137 4743 829 4828 lsnnienlis]WElKeem·13:oietnerteinusi-
883 4747 918 4801 20
936 4744 1019 4814 aliud]
1037 4745 1120 4800 alium
1138 4745 1165 4798 F
1209 4746 1244 4800 22
1262 4745 1326 4815 quii*
1344 4745 1382 4798 F‘
1430 4746 1465 4800 23
1483 4745 1571 4817 heros]

140 4815 188 4870 rdn
209 4817 407 4888 suspensores.
437 4816 555 4870 anmeuli
579 4816 612 4882 F,
638 4817 752 4886 agriemi
775 4817 831 4871 De
882 4817 940 4902 sele
958 4816 1037 4872 heres
1054 4817 1093 4870 Ρ
1108 4819 1113 4883 Ι
1129 4817 1247 4872 duesF·
1294 4815 1329 4902 35
1346 4819 1497 4889 seruorum]
1516 4833 1571 4873 ser·

144 4886 329 4944 ltbsre's'des
340 4889 379 4943 Ρ
427 4887 462 4942 13
474 4887 544 4957 esso]
559 4888 588 4953 0,
604 4895 679 4943 esset
689 4887 828 4958 merui
882 4904 988 4944 narrem
1006 4887 1054 4942 Ρ·
1107 4889 1141 4944 tl
1164 4887 1323 4958 repetundis
1344 4889 1381 4942 F·
1434 4891 1469 4945 44
1487 4890 1570 4960 serip-

148 4959 221 5086 m}
237 4975 291 5046 ouo
300 4961 336 5086 g
374 4957 571 5100 llitlgfllporiut'
585 4960 624 5084 aFit
641 4961 697 5086 Γῖθ
710 4959 834 5100 ,116113Ιῖ
882 4961 918 5016 tls
936 4961 974 5014 F·
989 4962 993 5030 Ι
1009 4973 1058 5016 ees
1074 4961 1166 5032 legate
1179 4958 1384 5031 'ees'eneeptos
1401 4961 1438 5014 F‘

221 5047 289 5087 sem
515 5046 578 5086 nem
708 5047 733 5086 rs
