3600 5460
70 261 116 307 ns
137 260 348 309 nauuursms
371 260 597 310 massmanno
745 237 833 318 429
1220 243 1341 310 Xllllll
1361 244 1383 309 4
1404 251 1501 304 e-ra

71 399 136 454 tatis
152 399 284 456 heredem
302 401 442 471 scripserit
458 406 488 456 st
505 415 585 457 seruo
603 399 655 456 auh
674 401 832 457 condicione
851 401 887 456 sit
903 399 1014 456 libertas
1033 400 1110 456 data:
1135 401 1262 471 qnoniam
1281 401 1388 456 interim
1406 399 1438 455 fit
1455 399 1501 456 he·

70 488 152 558 redis,
171 488 332 545 confusione
350 488 424 545 iacta
441 505 508 545 usus
525 489 639 560 fructus,
658 491 682 546 si
700 491 821 546 extiterit
838 490 969 560 condicio,
988 491 1131 560 perueniat
1148 491 1184 546 ad
1201 490 1362 546 libertatem.

37 579 54 636 7
123 577 201 632 loun
223 577 292 634 libro
314 594 387 635 nono
406 579 512 636 decimo
530 580 566 635 ad
584 579 724 635 Sabinum.
762 579 888 635 Neratius
906 579 1001 634 scribit
1018 581 1091 648 eius,
1116 580 1160 634 oui
1177 579 1287 635 libertas
1305 581 1345 634 sic
1363 576 1540 662 [Qui

69 665 137 720 data
154 671 199 722 est
217 667 248 723 'si
266 667 332 722 mihi
350 669 440 724 nullus
457 667 529 724 filius
547 669 599 723 erit
617 683 678 724 cum
696 668 809 739 moriar,
828 667 937 723 Stichus
954 668 1023 723 liber
1041 668 1117 739 esto',
1141 669 1265 739 impediri
1283 667 1435 724 libertatem
1454 684 1501 740 po·

69 759 162 812 stumo
185 761 259 812 nato.
292 757 342 812 sed
364 757 429 812 dum
454 761 580 827 speratur
602 758 692 828 nasci,
716 763 805 822 utrum
831 759 859 812 in
883 757 1015 812 seruitute
1037 773 1177 814 remanere
1196 759 1311 813 dicimus
1330 775 1365 813 an
1383 774 1448 814 uero
1467 769 1533 814 erc

68 844 207 916 postlacto
224 845 422 916 respondemus
437 852 509 902 retro
522 845 635 902 liberum
647 844 732 902 fuisse
744 847 818 902 nullo
830 845 885 903 filio
897 847 982 903 nato?
1008 848 1081 917 quod
1094 848 1181 917 magis
1194 847 1309 902 arbitror
1319 846 1501 916 probandum.

33 933 51 991 8
122 936 295 991 Pourourua
321 934 389 990 libro
416 935 511 1005 quinto
536 935 570 992 ad
593 935 733 992 Sabinum.
771 935 799 990 Si
825 936 863 991 ita
886 937 922 991 sit
946 937 1092 1007 scriptum:
1117 932 1541 1020 [Εῐῇἶῧζῐιιιᾞῖιέἶῇἒ

68 1023 197 1094 'Stichus
215 1025 239 1079 si
250 1025 370 1080 rationes
383 1024 528 1095 diligenter
538 1029 673 1081 tractasse
685 1024 831 1095 uidebitur,
849 1025 917 1081 liber
928 1025 1004 1096 eato',
1020 1013 1418 1096 dilgentffiffsal'e‘ra‘ncam,
1430 1041 1502 1095 qnae

67 1113 190 1181 domino,
209 1127 263 1169 ucn
280 1129 352 1184 quae
369 1129 450 1170 seruo
468 1115 520 1170 crit
538 1115 620 1185 utilis,
639 1115 799 1170 coniuncta¹
819 1113 883 1170 fidei
900 1114 990 1172 bcnas
1008 1121 1036 1171 et
1053 1117 1082 1170 iu
1099 1115 1210 1184 reliquis
1224 1130 1332 1186 quoque
1345 1114 1500 1170 reddendis.
1520 1123 1533 1162 9

32 1203 50 1260 9
121 1202 274 1259 bernaus
294 1202 363 1258 libro
385 1203 536 1259 uicensimo
559 1207 657 1274 quarto
681 1203 716 1258 acl
735 1203 875 1260 Sabinum.
912 1204 942 1260 Si
962 1205 1023 1276 quis
1041 1205 1080 1260 ita
1097 1205 1205 1274 legatus
1224 1205 1271 1273 ait,
1296 1207 1327 1260 ut
1345 1200 1540 1287 [Qffid

68 1293 285 1362 manumittatur,
303 1293 328 1347 si
346 1293 530 1348 manumissus
548 1309 603 1350 non
621 1292 710 1364 fuerit,
728 1293 797 1350 liber
814 1309 876 1349 esse
894 1294 985 1349 iussus
1003 1295 1064 1350 est¹
1078 1294 1157 1364 eique
1170 1295 1290 1364 legetur:
1309 1293 1501 1348 etlibertatam

36 1395 48 1436 1
67 1387 226 1452 competere
244 1385 272 1437 st
288 1383 409 1452 legatum
428 1381 522 1438 deberi
540 1397 622 1454 saepe
640 1396 801 1452 responsum
820 1387 871 1438 est.
898 1383 977 1449 Quod
995 1384 1172 1438 coustitutum
1191 1388 1235 1438 eat
1249 1383 1365 1438 uetitum
1377 1383 1405 1437 in
1417 1387 1501 1438 testa·

67 1475 162 1526 mento
181 1471 217 1526 ad
235 1471 387 1528 libertatem
405 1473 518 1542 perduci
537 1487 592 1528 noo
610 1488 692 1542 posse
709 1473 870 1542 manumitti,
889 1471 940 1528 hoe
953 1472 988 1527 ad
1000 1487 1048 1528 eos
1059 1473 1284 1542 pertineraputo,
1303 1472 1350 1542 qui
1362 1471 1501 1527 testatoris

67 1559 180 1616 luerunt
197 1562 242 1616 uel
260 1561 381 1616 herodis:
401 1575 481 1618 seruo
499 1563 571 1617 enim
590 1563 679 1617 alieno
698 1561 725 1616 id
743 1562 857 1631 irrogari
875 1577 930 1617 non
947 1563 1056 1631 poterit.
1520 1571 1550 1610 1⁴

26 1647 52 1707 .0
120 1651 242 1706 Paucas
259 1650 327 1706 libro
345 1655 443 1720 quarto
461 1651 497 1706 ad
516 1651 657 1708 Sabinum.
693 1650 723 1708 Si
740 1651 876 1722 peculiam
895 1652 1082 1722 praelegatum
1101 1655 1145 1706 est
1162 1655 1190 1705 et
1207 1650 1326 1706 uicariua
1344 1646 1540 1735 ffls

65 1739 137 1795 liber
154 1755 217 1796 esse
235 1739 326 1794 iussus
345 1741 388 1810 sit,
407 1739 523 1798 liberum
542 1757 604 1797 eum
623 1755 684 1796 esse
702 1743 819 1796 constat.
849 1741 962 1796 multum
980 1741 1053 1796 enim
1072 1741 1186 1794 interest
1203 1740 1273 1794 iuter
1288 1755 1377 1810 genus
1395 1745 1424 1796 et
1440 1757 1502 1811 spe·

67 1831 154 1884 dem:
171 1829 291 1900 speciem
311 1829 383 1884 enim
402 1831 485 1886 eximi
503 1830 538 1886 de
556 1845 657 1900 genere
675 1831 780 1899 placet:
798 1829 871 1900 quod
886 1834 929 1885 est
941 1831 968 1885 in
981 1830 1087 1901 peculio
1099 1830 1191 1898 legato
1203 1833 1232 1882 et
1243 1828 1345 1884 uicario
1363 1826 1502 1914 [Q

37 1929 48 1974 1
67 1918 247 1974 manumisso.
283 1917 312 1973 Si
330 1935 427 1974 seruus
444 1920 553 1990 legatus
570 1919 639 1975 liber
657 1935 718 1975 essa
737 1921 833 1974 iussus
847 1925 898 1990 est,
915 1918 984 1974 liber
1001 1924 1052 1975 est.
1081 1919 1131 1974 sed
1148 1918 1172 1973 si
1189 1917 1265 1986 prius
1282 1917 1351 1973 liber
1368 1935 1430 1976 esse
1447 1921 1501 1976 ius-

67 2023 130 2078 sus,
149 2011 248 2078 postea
265 2008 373 2076 legatus
391 2009 440 2078 sit,
460 2009 611 2078 siquidem
631 2009 744 2064 euidens
763 2010 889 2064 uoluntas
908 2010 944 2064 sit
961 2009 1109 2078 testatoris,
1128 2008 1202 2078 quod
1220 2008 1323 2062 ademit
1339 2007 1502 2080 libertatem,

69 2111 131 2152 cum
149 2099 259 2167 placeat
276 2096 357 2154 hodic
374 2098 458 2153 etiarn
475 2098 629 2154 libertatem
648 2099 731 2154 adimi
749 2113 845 2168 posse,
864 2099 956 2169 legato
974 2114 1037 2154 eum
1055 2097 1153 2154 cedere
1171 2103 1250 2168 puto:
1274 2097 1348 2169 quod
1367 2099 1390 2154 si
1408 2099 1437 2154 in
1454 2098 1502 2155 ob·
1521 2106 1550 2146 2⁰

68 2202 150 2242 scuro
168 2187 213 2257 sit,
230 2192 296 2242 tuuc
313 2185 490 2244 fauorabiliua
508 2187 689 2258 respondetur
707 2188 821 2244 liberum
839 2187 906 2244 iore.

26 2278 50 2334 .1
120 2277 295 2332 Posseoums
312 2276 380 2332 libro
398 2279 515 2348 septimo
534 2277 569 2332 ad
587 2275 726 2332 Sabinum.
754 2277 783 2333 Si
796 2279 887 2348 legato
900 2293 980 2333 seruo
993 2275 1203 2332 fideicommissa
1214 2275 1326 2331 libertas
1345 2271 1540 2360 [ΜΒ

39 2377 50 2420 1
69 2365 166 2421 relicta
189 2370 246 2435 est,
270 2366 316 2420 uel
338 2365 416 2422 heres
440 2367 486 2422 uel
508 2367 658 2437 legatarius
675 2383 738 2422 eum
757 2368 865 2437 cogitur
882 2368 1080 2422 manumittere.
1117 2364 1154 2420 'Si
1172 2363 1281 2420 Stichus
1300 2369 1328 2420 et
1344 2366 1502 2436 Pamphilus

70 2453 174 2510 'decem
199 2454 335 2524 dederint,
359 2454 437 2510 liberi
460 2454 563 2511 suntc’:
587 2461 679 2526 potest
702 2455 770 2510 alter
787 2457 906 2526 quinque
925 2455 1016 2511 dando
1033 2454 1103 2510 liber
1120 2469 1194 2524 esse,
1218 2455 1344 2524 quamuis
1362 2455 1430 2510 alter
1447 2471 1502 2511 uon

39 2543 186 2599 adederit.
214 2545 283 2599 (lum
299 2548 465 2600 testamento
483 2559 579 2600 seruus
596 2544 665 2600 liber
682 2560 743 2600 esse
761 2545 852 2601 iussus
870 2551 921 2616 est,
940 2547 985 2600 uel
1003 2560 1057 2600 uno
1075 2559 1110 2601 ex
1127 2543 1250 2615 pluribus
1267 2543 1413 2600 heredibus
1426 2545 1501 2600 iusti·
1521 2552 1549 2594 2⁵

69 2634 137 2689 tntis
156 2633 275 2688 adeunte
293 2632 472 2690 hereditatem
491 2635 583 2690 statim
602 2633 670 2690 liber
687 2639 737 2690 est.

26 2721 53 2778 ,2
122 2721 275 2779 Uesaeuus
298 2721 367 2778 libro
390 2723 635 2794 quinquagensimo
659 2723 695 2778 ad
718 2723 846 2779 edictum.
883 2723 912 2778 Si
930 2723 991 2792 quis
1008 2723 1161 2780 libertatem
1180 2722 1232 2778 sub
1249 2723 1326 2778 lusis·
1346 2718 1541 2805 [ΒῖᾹῇῖῆιῖ

70 2811 177 2867 iurandi
199 2812 360 2868 modicique
384 2814 535 2884 reliquerit,
560 2814 651 2869 edicto
674 2815 806 2883 praeturis
824 2814 900 2869 locus
918 2828 972 2868 non
990 2813 1055 2882 erit,
1078 2818 1111 2867 ut
1127 2811 1300 2868 iurisiurandi
1319 2798 1502 2868 corditio-rel

70 2903 203 2971 mittatur,
221 2907 250 2957 et
268 2902 380 2957 merito:
398 2919 461 2958 nam
480 2905 504 2958 si
518 2903 726 2973 quisrcmiserit
743 2901 930 2958 condicionem
948 2901 1089 2972 libertatis,
1107 2902 1195 2972 ipsam
1212 2901 1367 2958 libertatem
1379 2899 1501 2972 impedit,

39 2999 53 3042 1
70 2989 134 3046 dum
157 2995 313 3060 competere
331 2992 410 3046 aliter
427 3007 481 3048 nou
499 2995 605 3063 potest,
630 3007 711 3063 quam
732 2992 756 3047 si
773 2992 890 3062 paritum
910 2990 992 3047 fuerit
1009 2991 1170 3047 condicioni.
1206 2991 1323 3046 Proinde
1342 2995 1370 3046 et
1387 2991 1410 3046 si
1428 2991 1502 3060 lega·
1520 2999 1549 3040 ³⁰

69 3087 126 3136 tum
152 3081 294 3150 quiscum
312 3079 438 3136 libertate
455 3083 605 3152 acceperit,
629 3098 683 3138 non
702 3083 781 3137 aliter
798 3082 919 3151 legatum
937 3079 1062 3150 habebit,
1086 3081 1138 3135 nisi
1157 3080 1309 3136 condicioni
1328 3080 1502 3135 iurisiurandi

36 3169 212 3240 apalmerit
240 3167 295 3224 Sed
312 3169 336 3225 si
354 3186 421 3240 pure
438 3170 591 3228 libertatem
610 3172 755 3241 acceperit,
773 3171 893 3240 legatum
913 3169 965 3225 sub
982 3169 1156 3226 iurisiurandi
1175 3169 1341 3238 condicione,
1359 3173 1440 3238 putat
1457 3169 1501 3224 Iu·
1518 3174 1534 3220 l.
1545 3175 1590 3222 ala

36 3259 157 3315 abacus
180 3258 249 3314 libro
273 3259 432 3329 trigessimo
455 3261 543 3330 primo
566 3261 733 3331 digestorum
755 3259 856 3315 remitti
873 3260 898 3314 ei
917 3259 1104 3314 condicionem
1122 3258 1304 3314 iurisiurandi.
1339 3257 1414 3314 ldem
1433 3263 1501 3328 puto

69 3347 217 3404 dicendum
235 3349 304 3403 etsi
322 3347 442 3404 libertati·
459 3365 568 3421 quoque
586 3351 686 3406 iniecta
704 3350 829 3406 condicio
847 3349 896 3419 sit,
918 3347 967 3404 aed
985 3351 1103 3404 testator
1120 3362 1182 3404 curn
1200 3348 1282 3404 uiuus
1300 3349 1501 3404 manumiserit:

69 3453 132 3494 nam
152 3443 181 3492 et
198 3436 243 3493 hic
260 3437 385 3493 condicio
402 3439 487 3508 legati
503 3441 664 3496 remittetur.
1520 3443 1548 3484 ⁸⁵

26 3520 54 3580 la
120 3529 201 3583 lnam
223 3526 293 3582 libro
313 3528 408 3597 quinte
426 3528 651 3598 disputationum.
688 3527 717 3584 Si
736 3529 775 3584 ita
792 3526 875 3583 suerit
892 3527 979 3583 seruis
997 3525 1105 3582 duobus
1122 3525 1234 3582 libertas
1252 3525 1325 3596 data
1344 3522 1540 3612 [ΜΒ

68 3620 91 3674 si
109 3617 228 3673 insulam
247 3616 453 3674 acdiheaoerint
469 3620 515 3674 uel
532 3619 556 3674 si
574 3624 692 3674 statuam
710 3619 859 3688 posuerint,
878 3616 963 3672 diuidi
981 3615 1049 3672 haec
1063 3615 1186 3672 condicio
1198 3632 1253 3672 uon
1264 3617 1374 3687 poterit.
1401 3618 1501 3672 solum·

69 3707 151 3764 modo
170 3706 238 3762 illud
254 3705 367 3762 habebit
384 3707 591 3780 dubitationem,
610 3725 645 3763 en
664 3709 748 3764 altero
766 3705 884 3762 faciente
902 3704 1073 3762 satisfactum
1092 3705 1226 3761 uoluntati
1244 3705 1371 3761 uideatur
1384 3705 1501 3777 ideoque

69 3799 104 3853 ad
120 3797 277 3854 libertatem
295 3797 450 3866 perueniat:
469 3797 544 3868 quod
561 3799 649 3868 magis
668 3803 718 3867 est,
736 3797 789 3852 nisi
807 3796 881 3852 aliud
899 3795 1035 3866 expressit
1051 3799 1176 3850 testator.
1203 3793 1328 3851 iaciendo
1344 3801 1436 3852 nmen
1449 3795 1501 3850 sibi

68 3887 257 3944 condicionem
281 3886 418 3957 impleuit,
443 3887 521 3944 alteri
530 3895 608 3944 'nou:
632 3887 698 3957 quin
721 3886 805 3940 immo
827 3885 995 3955 extinguitur
1018 3885 1043 3940 ei
1063 3884 1201 3940 condicio:
1225 3899 1276 3940 nec
1294 3885 1365 3941 enim
1385 3885 1501 3956 amplius
1519 3893 1548 3932 4⁰

41 3983 165 4048 lparere
187 3975 342 4032 condicioni
363 3979 468 4046 potest,
491 3993 554 4032 cum
577 3977 662 4032 semel
680 3975 790 4046 expleta
807 3975 852 4030 ait.
888 3974 963 4030 Idem
984 3974 1078 4044 quaeri
1095 3978 1232 4044 potestat
1249 3973 1273 4028 si
1290 3971 1375 4030 fabris
1393 3974 1501 4032 duobus

67 4067 112 4121 uel
136 4064 300 4137 pictoribus,
324 4065 348 4120 si
372 4064 523 4122 membrum
542 4066 728 4137 depinxissent
745 4065 790 4120 uel
807 4065 831 4119 si
849 4061 1029 4120 fabricassent
1047 4079 1159 4134 nauem,
1182 4063 1248 4132 quid
1266 4063 1433 4136 adscriptam
1452 4064 1501 4119 ait:

67 4172 132 4212 nam
157 4155 309 4210 uoluntatis
331 4155 383 4210 erit
404 4155 543 4227 quaestio,
567 4171 633 4211 num
655 4155 734 4210 alteri
757 4153 868 4210 alterius
890 4151 957 4209 lacti
980 4153 1165 4210 condicionem
1189 4153 1337 4209 iunxerit¹r
1362 4169 1433 4225 quae
1456 4168 1501 4208 ras

66 4261 288 4332 nmmos)

66 4404 294 4462 ¹couiuactam‘l
364 4403 451 4459 ’siti
521 4405 616 4459 ⁸idsm
637 4405 732 4460 Graeci
749 4407 784 4470 (a.
798 4408 840 4472 tl:
857 4403 1006 4460 iniunxerit
1022 4402 1101 4472 (Pii

64 4547 266 4618 bnato1natu
286 4545 321 4598 1⁵⁷
337 4547 342 4612 Ι
357 4543 572 4601 seruitute‘m'F
618 4544 759 4602 aborsu*
811 4545 928 4602 ἐπέκειτο
946 4545 994 4602 uera
1012 4546 1044 4616 τῷ
1064 4544 1197 4617 ὲλεγθερίᾼ
1212 4545 1226 4598 ἡ
1240 4547 1288 4608 τοῩ
1306 4545 1386 4618 ὅρκογ
1405 4546 1500 4618 cipetra

64 4621 148 4675 etF²
189 4619 222 4673 11
242 4617 275 4686 si]
295 4622 326 4672 ut
343 4618 416 4672 le¹
457 4617 491 4673 15
509 4617 542 4688 si]
555 4619 632 4672 seF¹
675 4620 708 4672 16
721 4618 757 4686 et]
813 4619 965 4686 BS(Dor.)
1013 4619 1047 4674 37
1066 4615 1116 4672 si‘t’
1130 4618 1246 4672 insulam
1264 4617 1302 4672 F‘
1318 4621 1323 4686 Ι
1339 4617 1500 4674 aedificans·

64 4696 113 4747 est
131 4691 167 4743 F¹
216 4691 252 4744 20
269 4687 420 4743 adinum
466 4691 501 4744 21
520 4687 758 4744 faborauiliusd':
812 4689 885 4745 rihrt
903 4691 941 4743 F’
996 4691 1033 4744 40
1056 4694 1124 4744 arelo⁴
1137 4691 1210 4744 enim
1230 4689 1267 4742 F²
1323 4691 1360 4746 42
1382 4690 1499 4760 depixis-

63 4762 165 4818 fauore
182 4760 316 4815 libertatis
333 4758 473 4830 iactaque
493 4761 585 4825 riserat
604 4761 653 4815 BS
669 4762 759 4828 (Dor.)
812 4767 874 4816 sent
886 4763 932 4827 F’,
950 4761 1114 4816 derisissent
1125 4763 1161 4814 1¹⁴¹
1205 4761 1241 4816 43
1258 4776 1323 4815 nam
1339 4763 1417 4817 alteri
1434 4763 1500 4817 alte-

64 4831 394 4888 arcessmmrmmar.
427 4831 578 4888 24dederit
586 4833 618 4886 F:
628 4832 758 4896 obcursor
812 4834 868 4889 rius
886 4831 952 4888 lacti
970 4831 1168 4888 condictionem
1181 4833 1299 4888 iunxerit
1310 4835 1343 4888 F:
1362 4833 1420 4888 ariri
1439 4831 1499 4888 'esi-

65 4903 118 4960 138
136 4903 229 4968 (Dor.)
284 4903 319 4958 25
342 4902 505 4958 heredibus
527 4905 566 4957 Γ)
623 4905 658 4959 28
681 4903 758 4959 iuria·
813 4923 866 4972 erqo
891 4904 979 4968 ιῨτῶιι
1006 4904 1054 4958 raia
1077 4903 1106 4958 ὲκ
1129 4903 1178 4967 rc?
1206 4903 1307 4970 φᾶκτογ
1333 4905 1381 4967 roi
1406 4903 1499 4976 ‘stipor

63 4975 187 5032 iurando
200 4974 236 5028 F¹
281 4973 615 5045 341ibartatiJXY200,
632 4974 758 5031 libertate
812 4975 964 5041 cruezerieo
984 4977 1078 5049 aipesoc
1098 4976 1146 5031 RS
1163 4976 1255 5044 (Dor.)

66 5049 96 5112 F,
115 5045 251 5102 libertatis
273 5061 357 5102 eausa
374 5045 424 5112 Μ’,
446 5046 580 5103 libertatis
597 5045 654 5102 M‘:
679 5047 701 5102 ei
719 5048 757 5102 rai
