3728 5452
219 219 368 290 XXXVII
390 223 428 288 11
449 229 530 286 a-5
894 215 980 298 312
1167 240 1214 288 ua
1236 238 1406 288 sonorum
1426 235 1649 287 rossssmoss

219 381 280 451 dns,
299 381 323 436 si
340 384 404 450 post
421 380 515 436 decem
534 380 606 436 intra
624 379 841 450 quattuordecim
860 383 977 436 annos¹:
996 379 1020 434 si
1038 377 1147 449 quidem
1165 378 1237 435 intra
1254 379 1349 434 decern
1367 377 1526 447 decesserit,
1544 377 1651 432 Primus

219 470 294 526 solus
312 469 390 524 heres
409 469 461 524 erit
479 474 508 525 et
525 469 642 540 accipiet
658 468 791 525 bonorum
809 468 1021 539 possessionem,
1039 467 1063 522 si
1075 482 1142 524 uero
1155 472 1219 537 post
1231 467 1326 524 decern
1338 468 1410 522 intra
1421 466 1651 537 quattuordecim,

219 557 362 614 Secundus
380 559 454 614 solus
471 557 550 614 heres
568 559 621 614 crit
638 564 667 614 et
685 559 801 628 accipiet
817 558 950 614 honorum
968 557 1183 628 possessionem,
1207 572 1258 612 nec
1275 555 1327 612 sibi
1345 557 1510 626 iunguntur,
1533 571 1598 622 cum
1617 555 1654 610 sd

187 651 297 704 tsnaru
324 647 439 717 quisque
466 662 577 702 causam
606 646 773 703 substitutus
800 647 844 703 sit.
887 644 1015 702 Defertur
1039 644 1171 702 bonorum
1198 645 1336 716 possessio
1362 645 1514 702 secundum
1542 644 1663 702 tabulas

219 737 307 807 primo
325 735 413 805 mado
432 736 539 805 ascripti
557 735 717 807 heredibus,
742 751 806 792 mox
824 737 876 792 illis
895 734 1124 806 conpetentibus
1148 733 1340 805 sequentihus,
1363 749 1418 791 non
1442 735 1532 790 solum
1550 733 1664 790 substi-
1801 741 1813 782 i

219 827 300 896 tutis,
322 841 418 880 uerum
436 824 579 880 substituti
600 839 710 896 quoque
734 825 904 895 substitutis,
928 829 956 880 et
978 839 1028 895 por
1050 825 1147 880 sedem
1171 823 1333 880 substitutos
1356 823 1536 880 admittimus.
1564 823 1666 894 primo

219 914 307 984 gradu
326 918 418 970 autem
436 914 552 984 scriptos
570 916 695 986 accipere
713 913 846 970 dehemus
864 929 973 984 omncs,
997 914 1044 983 qui
1066 913 1155 984 primo
1179 915 1239 970 loco
1263 915 1358 984 scripti
1381 917 1460 970 sunt:
1482 929 1548 968 nam
1572 913 1674 968 sicuti.

219 1003 255 1059 ad
273 1003 426 1058 adeundam
444 1002 624 1060 hereditatem
648 1005 764 1075 proximi
789 1009 867 1073 sunt,
891 1004 931 1058 ita
953 1007 982 1058 et
1004 1002 1039 1058 ad
1061 1002 1195 1058 honorum
1218 1004 1418 1074 possessionem
1442 1002 1673 1058 admittendam-

187 1096 202 1144 t
220 1091 249 1148 Si
268 1093 328 1162 quis
351 1093 390 1147 ita
413 1092 564 1162 scripserit:
583 1092 697 1150 Primus
719 1108 755 1149 ox
776 1097 855 1164 parte
872 1092 952 1148 heres
971 1097 1044 1148 esto:
1069 1093 1092 1148 si
1109 1093 1216 1148 Primus
1239 1093 1318 1150 heres
1341 1107 1396 1148 non
1419 1093 1482 1162 erit,
1507 1090 1674 1148 Secundus

220 1181 306 1238 hores
329 1187 398 1238 esto.
425 1181 535 1237 Tertius
559 1196 594 1238 ex
618 1183 672 1238 elia
692 1186 771 1252 parte
793 1181 908 1238 dimidia
929 1180 1009 1236 heres
1032 1187 1106 1238 esto:
1129 1182 1309 1252 timuerit,
1333 1181 1452 1248 Quartus
1474 1179 1557 1236 heres
1576 1180 1672 1252 esto',
1803 1187 1825 1226 ¹⁰

187 1275 201 1322 t
219 1271 326 1326 Primus
344 1277 372 1326 et
389 1271 499 1326 Tertius
516 1272 621 1342 priores
639 1271 675 1327 ad
693 1270 825 1327 bonorum
844 1271 1045 1341 possessionem
1063 1271 1221 1326 innitantur.
1255 1269 1285 1326 Si
1302 1270 1364 1340 quis
1381 1271 1421 1344 ita
1438 1270 1592 1328 instituerit
1608 1271 1677 1326 he-

219 1360 312 1416 redes:
332 1359 401 1416 'uter
418 1375 454 1416 ex
470 1357 600 1417 iratribus
618 1361 687 1416 meis
705 1359 796 1416 Seiam
814 1375 928 1416 uxorem
951 1359 1073 1430 duxerit,
1097 1375 1132 1414 cx
1155 1359 1288 1415 dodrante
1311 1358 1376 1414 mihi
1393 1359 1473 1414 heres
1491 1365 1569 1428 esto,
1593 1363 1680 1416 uter

221 1448 283 1506 'non
301 1449 416 1519 duxerit,
435 1464 469 1504 ex
487 1448 647 1520 quadrante·
658 1447 737 1504 heres
755 1447 832 1519 estc,
851 1449 875 1504 si
893 1448 1003 1518 quidem
1022 1453 1130 1505 memus
1147 1446 1230 1504 inerit
1248 1446 1325 1518 Seia,
1344 1463 1447 1519 mquas
1464 1451 1560 1518 partes
1578 1447 1679 1504 habi-

161 1547 166 1556 ·
219 1537 296 1594 turos
314 1538 429 1594 heredes
447 1545 570 1596 constat:
594 1538 668 1610 quod
687 1539 711 1594 si
729 1537 764 1594 ab
783 1539 869 1594 altero
886 1553 956 1593 uxor
974 1537 1057 1592 ducta
1074 1535 1169 1607 inerit,
1187 1536 1348 1594 dodrantem
1366 1541 1394 1591 et
1412 1537 1597 1606 quadrantem
1616 1538 1680 1594 eis

188 1629 202 1675 'l
220 1632 388 1698 competere:
406 1628 540 1686 bonorum
558 1634 650 1684 autern
668 1628 883 1699 possessionem,
902 1629 1049 1696 antequam
1067 1627 1169 1682 existat
1185 1626 1319 1697 condicio,
1337 1630 1464 1684 neutmm
1481 1632 1590 1697 petere.
1627 1627 1683 1684 si

220 1717 344 1772 consulto
362 1705 400 1772 sit
415 1717 558 1773 inductum
575 1733 675 1774 nomen
693 1716 816 1787 heredis,
834 1715 1021 1772 indubitanter
1038 1715 1169 1786 probatur
1187 1715 1320 1772 bonorum
1337 1716 1541 1787 possessionem
1559 1721 1681 1787 petere

220 1819 283 1862 enm
301 1821 356 1862 non
374 1822 469 1877 posse,
488 1805 718 1876 quemadmodum
736 1821 790 1861 non
808 1810 914 1876 potest,
932 1806 979 1876 qui
997 1804 1076 1860 heres
1094 1805 1212 1875 scriptus
1230 1809 1344 1860 estnon
1362 1805 1487 1860 consulto
1506 1809 1678 1862 testatore:

189 1899 203 1946 s
221 1911 284 1951 nam
302 1911 351 1966 pro
370 1911 425 1952 non
442 1896 544 1967 scripto
562 1900 613 1966 cst,
631 1909 713 1966 quem
732 1894 814 1950 scribi
832 1895 927 1950 noluit.
963 1894 993 1950 Si
1010 1895 1065 1950 duo
1090 1893 1146 1950 sint
1162 1892 1277 1950 heredes
1295 1893 1413 1950 instituti
1430 1893 1541 1950 Primus
1560 1900 1590 1950 et
1609 1893 1676 1950 Se-

220 1984 341 2054 cundus,
366 1983 492 2042 Secundo
510 1983 620 2040 Tertius
638 1983 816 2054 substitutus,
840 1985 983 2040 omittente
1001 1983 1127 2039 Secundo
1149 1981 1296 2054 bonoilrum
1318 1982 1522 2053 possessionem
1542 1983 1681 2040 Tertius

220 2073 358 2130 succedit:
382 2073 455 2144 quod
473 2075 497 2128 si
515 2074 624 2130 Tertius
648 2073 766 2129 nolucrit
787 2072 967 2130 hereditatem
991 2073 1066 2128 adire
1083 2073 1127 2128 uel
1146 2071 1279 2128 honorum
1297 2072 1500 2142 possessionem
1519 2073 1681 2142 accipere,

221 2163 334 2220 reccidit
350 2162 484 2220 honorum
502 2163 641 2233 possessio
659 2161 695 2218 ad
707 2162 836 2218 Primum.
863 2178 915 2218 nec
932 2163 984 2218 crit
1002 2161 1027 2217 ei
1045 2176 1159 2218 necesse
1177 2167 1270 2232 petere
1288 2159 1421 2217 bonorum
1439 2163 1685 2232 possessionem,

221 2251 271 2308 sed
289 2253 348 2322 ipso
366 2253 425 2308 iure
443 2253 468 2306 ei
487 2251 641 2307 adcrescet:
665 2250 760 2306 heredi
782 2251 854 2306 enim
878 2252 980 2322 scripto
1002 2252 1074 2306 sicut
1097 2251 1187 2321 portio
1209 2250 1381 2318 hereditatis,
1405 2249 1445 2304 ita
1467 2255 1497 2305 et
1520 2250 1682 2310 bonorunn

187 2344 202 2390 9
219 2342 358 2412 possessio
376 2341 519 2396 adcrescit
556 2339 586 2396 Si
604 2356 701 2396 seruus
719 2339 798 2396 heres
817 2340 935 2410 scriptus
953 2341 1002 2410 sit,
1025 2341 1051 2396 ei
1075 2340 1184 2396 domino
1208 2336 1330 2396 defertur
1352 2337 1485 2400 bonorum
1504 2344 1684 2412 possessio,

220 2431 256 2488 ad
274 2446 355 2502 quem
378 2430 514 2486 hereditas
536 2429 697 2500 pertinebit:
722 2428 845 2485 ambulat
867 2430 939 2485 enirn
963 2445 1026 2484 curn
1051 2429 1170 2494 dominio
1194 2428 1325 2484 bonorum
1349 2429 1497 2498 possessio.
1527 2446 1618 2499 quare
1636 2429 1688 2487 si

221 2522 315 2576 mortis
333 2525 455 2591 ternpore
475 2518 584 2574 Stichus
602 2518 681 2574 heres
698 2518 840 2574 institutus
862 2518 914 2576 luit
937 2534 1034 2576 seruus
1052 2518 1205 2588 Sempronii
1228 2533 1279 2574 nec
1297 2516 1473 2588 Sempronius
1491 2533 1558 2574 enm
1578 2521 1691 2577 iussit

220 2611 305 2682 adire,
323 2610 373 2664 scd
391 2609 436 2665 uel
454 2608 574 2664 decessit
590 2608 635 2662 uel
653 2608 735 2664 etiam
754 2623 816 2664 eum
835 2609 966 2664 alienauit
983 2613 1011 2664 et
1025 2609 1116 2679 coepit
1128 2623 1190 2664 csse
1203 2607 1330 2677 Septicii:
1349 2607 1449 2676 euenit
1468 2613 1509 2676 ut,
1529 2609 1553 2664 si
1567 2607 1685 2679 Septi-

221 2700 281 2755 cius
299 2716 357 2755 eum
377 2698 495 2767 iusserit,
514 2696 634 2766 Septicio
653 2695 792 2754 deferatur
809 2696 943 2754 bonorum
961 2697 1112 2768 possessio:
1131 2697 1168 2752 ad
1186 2695 1258 2752 hunc
1276 2697 1349 2752 enim
1368 2695 1507 2752 hereditas
1526 2700 1687 2768 pertinet.-

220 2789 294 2845 unde
312 2791 403 2859 siper
420 2788 520 2843 multos
538 2786 662 2842 dominos
680 2787 819 2842 transierit
836 2802 932 2843 seruus
950 2792 1006 2842 tres
1024 2787 1069 2843 uel
1084 2787 1200 2858 plurcs¹,
1219 2787 1367 2842 nouissimo
1379 2785 1508 2844 dabimus
1521 2785 1690 2844 bonorum:

220 2877 431 2949 possessionem.

185 2967 204 3028 3
273 2967 392 3022 Pennus
409 2965 478 3022 libro
496 2964 725 3036 quadragensimo
748 2965 837 3036 primo
854 2965 891 3020 ad
909 2965 1038 3022 edictum.
1075 2965 1175 3022 Uerum
1195 2969 1239 3021 est
1256 2979 1363 3022 omnem
1381 2970 1475 3036 postu·
1510 2977 1538 3024 Β,
1547 2980 1589 3036 ss,
1599 2975 1693 3036 ιω»
1792 2941 1808 2996 ⁸

221 3073 305 3127 mum,
318 3056 366 3125 qui
379 3055 510 3111 moriente
521 3059 654 3110 testatore
666 3055 694 3110 in
707 3059 786 3110 utero
798 3053 887 3125 inerit,
906 3056 929 3110 si
942 3059 1023 3110 natus
1035 3055 1079 3125 sit,
1096 3053 1229 3112 bonorum
1241 3054 1442 3126 possessionem
1455 3060 1553 3126 petere
1566 3073 1697 3127 pusse-

184 3147 205 3206 4
276 3145 425 3202 Unersuus
443 3143 512 3200 libro
530 3143 760 3214 quadragensimo
778 3143 901 3199 secundo
924 3143 959 3198 ad
983 3143 1111 3199 edictum.
1147 3143 1264 3200 Chartae
1282 3145 1430 3215 appellatio
1448 3149 1477 3199 ct
1496 3133 1709 3232 [ᾗῇ
1797 3117 1814 3171 ⁵

223 3235 259 3290 an
275 3249 375 3290 nouam
394 3233 516 3289 enatam
534 3231 649 3288 xersen
667 3238 695 3287 er
713 3232 749 3288 ao
767 3232 934 3288 scienciam:
959 3233 1072 3303 pronus
1090 3237 1119 3288 a:
1135 3233 1160 3288 n
1176 3233 1205 3288 n
1222 3232 1437 3304 opisthographc
1454 3223 1734 3303 qnis‘tlsssacnt

223 3325 268 3394 sit,
286 3323 349 3378 hino
366 3323 425 3392 peti
442 3327 534 3393 potest
551 3319 684 3378 bonorum
703 3322 850 3391 possessio.

186 3413 205 3473 5
275 3414 353 3468 Ιυιιιι
375 3411 444 3468 libro
467 3417 565 3482 quarto
588 3412 813 3482 disputationum.
849 3409 880 3466 si
903 3410 955 3467 suh
979 3411 1139 3467 condicione
1161 3410 1240 3466 heres
1258 3410 1319 3481 quis
1336 3410 1477 3468 institutus
1511 3407 1781 3484 ussatf'
1811 3379 1827 3434 ⁸

223 3503 260 3558 sit
277 3507 305 3557 ct
322 3506 437 3572 accepta
453 3499 586 3558 honorum
604 3501 777 3571 possessione
795 3499 945 3556 secundum
964 3499 1071 3556 tabulas
1089 3499 1213 3556 condicio
1231 3498 1374 3570 defecerit,
1398 3499 1538 3558 interdum
1556 3507 1800 3574 euenitj

223 3595 255 3647 ut
272 3606 316 3646 ree
334 3590 486 3661 possessori
503 3589 680 3646 concedenda
697 3590 746 3658 sit,
769 3594 800 3644 ut
821 3591 889 3660 puta
912 3589 935 3644 si
956 3587 1027 3645 iilius
1040 3590 1088 3644 'sit
1109 3589 1297 3660 emancipatus
1321 3588 1372 3645 suh
1395 3589 1559 3648 condicione
1579 3573 1804 3650 hoff

223 3681 379 3736 institutus:
403 3695 467 3734 nam
484 3679 509 3733 si
526 3677 658 3734 deiecerit
675 3678 801 3735 condicio
807 3721 815 3750 ‚
838 3683 960 3734 atamen
983 3677 1133 3734 secundum
1155 3677 1281 3734 tabulas⁸
1299 3677 1432 3736 bonorum
1450 3663 1806 3750 possessioneu‘,

224 3785 426 3856 afflueres)

1805 3295 1831 3338 M

1071 3851 1812 3903 m-——qs

227 3941 235 3974 ¹
254 3937 471 4074 ᾶξοοιῗοὲἰιιιωί
514 3935 568 4076 Ἲς
582 3941 642 3992 tres
659 3937 703 3992 uel
722 3936 814 4006 plures
832 3937 879 3990 del.
968 3937 979 3972 ³
997 3951 1060 3992 narn
1080 3941 1108 3991 et
1125 3937 1148 3992 si
1167 3934 1298 3994 deiecerit
1322 3938 1444 3996 condicio
1463 3946 1543 4013 ante,
1565 3921 1808 4001 &nep

225 4023 276 4065 con
290 4025 320 4064 ra
350 4024 444 4064 auos
473 4029 497 4062 o.
511 4031 527 4062 ι.

225 4157 436 4214 3secundu‘m's
449 4158 483 4210 ps
519 4157 761 4213 hsubstitutusF⁰
796 4159 912 4228 iprimo
966 4157 1114 4215 iudicarant
1147 4167 1304 4233 motooitqns
1337 4162 1506 4233 probabiliter
1542 4155 1779 4242 Adoljn‘

226 4230 276 4287 'ad'
289 4230 420 4300 gradu'm'
437 4231 462 4283 F
510 4229 702 4284 Sadeundum
721 4231 756 4284 F¹
812 4231 845 4285 16
864 4247 912 4286 uu·
966 4231 1084 4286 selmum
1105 4231 1336 4298 (Noiherbenrecltt
1351 4254 1377 4304 p.
1389 4233 1434 4300 85)
1458 4236 1616 4293 secundum
1636 4235 1751 4291 is‘

226 4318 289 4359 men
312 4303 348 4356 F‘
420 4301 455 4356 18
481 4316 560 4370 quom
585 4321 634 4355 om.
652 4301 688 4352 F¹
713 4303 718 4367 Ι
742 4301 778 4370 et]
807 4307 850 4356 est
876 4304 914 4356 F·
966 4306 1074 4357 contra:
1092 4309 1167 4357 notos
1185 4311 1250 4357 enim
1268 4311 1398 4376 adriaeque
1418 4307 1540 4361 oocoboii
1557 4313 1724 4364 sensis!

226 4377 261 4431 ad
279 4373 427 4443 septicius
445 4373 483 4425 F’
536 4374 570 4428 27
595 4372 667 4441 eum]
691 4373 828 4438 DEIGK,
851 4389 912 4428 cum
965 4393 1022 4428 moe
1039 4381 1104 4428 sont.
1125 4375 1172 4429 sed
1185 4381 1320 4446 praeiens
1332 4382 1479 4448 quietionis
1497 4380 1567 4450 lepti,
1588 4383 1706 4434 ente-2

226 4445 273 4511 m
296 4447 302 4512 Ι
325 4443 501 4500 heredita'ti's
527 4443 564 4496 Fi
646 4445 681 4498 33
709 4443 849 4500 cumton
876 4443 913 4499 Fi
966 4448 1030 4516 tepet
1047 4446 1154 4499 indolem
1173 4447 1295 4500 bonorum
1312 4455 1481 4518 potamionis
1500 4457 1570 4514 etos,
1594 4461 1696 4522 puae

226 4517 262 4572 38
279 4532 341 4571 nam
355 4516 378 4571 si
391 4514 521 4570 deiecerit
533 4514 656 4570 condicio
670 4515 731 4587 sep]
749 4517 846 4571 loliani
855 4535 912 4571 sen-
967 4519 1044 4580 dotro·
1055 4519 1202 4572 condicione
1212 4518 1342 4588 pendente.
1360 4525 1478 4573 mments
1490 4520 1693 4576 &terminara‘

227 4595 305 4642 tentio
323 4609 379 4643 eum
395 4588 548 4659 hoecsoers't
560 4589 602 4660 (cf.
615 4587 640 4640 h.
649 4595 667 4642 i.
679 4587 723 4641 t2
736 4587 750 4658 ξ
761 4589 778 4642 1
790 4595 814 4642 et
825 4588 861 4642 D.
870 4587 914 4651 37,
965 4594 1055 4660 posteo
1072 4589 1171 4642 &mom
1187 4607 1214 4658 p.
1226 4587 1279 4643 313
1290 4589 1341 4642 o.3
1358 4590 1443 4644 uerbis
1455 4593 1484 4645 et
1498 4589 1575 4647 filius
1592 4608 1675 4665 sep-⁴

226 4659 344 4724 4,3,.12.
359 4659 402 4724 13)
416 4661 503 4728 filium
526 4658 572 4712 soh
596 4660 742 4713 condicione
766 4667 914 4722 institutum,
967 4659 1091 4731 quomod
1109 4678 1162 4713 rern
1180 4679 1212 4714 ns
1229 4659 1258 4712 iri
1276 4660 1322 4715 loc
1340 4663 1394 4716 loco
1413 4677 1579 4734 occupemus,
1602 4673 1668 4718 item

226 4737 355 4800 sipeleret
371 4730 492 4783 bonoram
508 4737 691 4800 possessionem
705 4732 852 4785 condicione
869 4731 913 4784 de-
966 4749 997 4783 ns
1015 4730 1141 4785 lulianum
1150 4732 1286 4803 sociamus
1303 4738 1392 4786 contro
1410 4732 1512 4788 tobeias
1536 4736 1668 4790 honoros·

217 4805 412 4876 fecissemus
424 4801 523 4855 tubulos
533 4807 617 4872 petere
627 4801 724 4866 debere,
734 4809 759 4856 si
769 4803 914 4856 condicione
965 4809 1148 4872 emersionem
1167 4809 1248 4872 ipsam
1267 4803 1419 4874 consenciens
1442 4823 1499 4858 eom
1522 4809 1659 4860 nectendum
1831 4847 1833 4852 ,

223 4873 359 4945 pendente,
382 4873 515 4926 secondom
538 4872 637 4926 tobeias
661 4880 711 4935 ito,
734 4879 762 4927 oi
779 4891 809 4926 eo
825 4878 914 4943 posteo
967 4873 1199 4927 icbolos‘bonorum
1209 4881 1367 4943 possessione
1378 4881 1430 4928 uim
1449 4883 1540 4931 contro
1559 4879 1659 4932 tabulas
1822 4894 1847 4942 Q

228 4945 356 5016 deficiente
373 4964 386 4996 e
408 4949 462 4998 erto
479 4943 575 4997 rediret
586 4944 622 4997 od
631 4949 915 5013 possessionemcontrn
965 4952 1133 5015 possessionis
1151 4944 1263 5008 inimic,
1281 4945 1434 5000 crediderim
1448 4946 1491 5001 hie
1510 4953 1660 5020 comparari
1808 4951 1829 4996 ei

228 5016 334 5082 tobeias,
402 5015 543 5070 enitendum
555 5021 591 5069 erl
604 5022 644 5079 iis,
663 5015 914 5087 quiboeceosrnspio
965 5023 1148 5086 possessionem
1166 5017 1252 5071 dotum
1269 5023 1329 5088 post
1346 5017 1504 5074 condicionis
1522 5020 1645 5092 ἀφάκη
1807 5043 1851 5084 ι.
