3428 5460
222 219 344 286 XXXX
366 220 387 284 5
410 225 524 281 10-19
895 213 985 293 440
1253 237 1299 284 urs
1321 235 1592 285 smmcormnsss
1607 248 1627 281 ι
1695 262 1708 273 -

221 377 336 432 similem
355 375 442 431 uideri
461 374 635 445 statulibsro,
653 375 700 444 qni
720 375 820 445 pridie,
839 390 921 445 quam
941 391 975 430 es
994 379 1159 430 testamento
1177 374 1213 430 ad
1231 374 1384 430 libertatem
1402 375 1562 444 pemeuiret,
1576 376 1630 432 ide.
1679 416 1714 445 .,

221 463 280 521 fieri
297 479 397 535 passus
415 469 466 519 est.

166 559 202 615 11
274 555 468 610 hionusrurus
485 551 554 608 libro
572 553 660 622 primo
678 551 903 608 differentiarum.
932 553 974 606 Ex
993 566 1077 607 caum
1094 549 1298 607 fideicommissi
1310 566 1392 607 seruo
1403 549 1483 606 liber·
1501 545 1711 636 ffl

221 645 308 698 tatem
327 643 394 698 dare
412 643 471 698 siue
490 642 588 697 tutoris
607 642 770 698 anctoritate
788 642 907 712 pupillus
925 656 980 696 non
998 645 1098 710 potest.
1595 629 1710 662 Χ

165 721 203 793 12
273 732 351 786 Inuus
368 731 437 786 libro
455 731 587 799 singulari
605 731 640 786 de
657 729 925 786 manumissionibus.
954 731 1105 799 imperator
1117 727 1282 797 Antoninus,
1300 745 1363 784 oum
1375 730 1484 784 Firmus
1503 723 1706 814 [ᾗῖᾱῐῗξ

221 820 331 876 Titiano
354 819 502 890 tragoedos
525 823 582 874 tres
605 821 726 888 legasset
750 825 779 874 et
797 819 957 874 adiecisset:
977 818 1053 886 'quos
1072 817 1122 873 tibi
1140 818 1317 887 commendo,
1341 833 1376 874 ue
1395 804 1702 891 661111ἰῇ11ιῇ

189 925 202 968 1
220 909 366 980 publicatis
387 908 467 964 bonis
485 909 587 964 Titiani
605 909 744 978 rescripsit
761 907 863 963 dehere
881 923 929 962 ecs
946 905 1055 976 publius
1074 906 1238 962 manumitti.
1274 907 1311 960 Et
1327 907 1477 976 legatarius
1496 921 1549 960 non
1566 888 1701 990 miruss’

221 1013 303 1068 quarn
322 997 401 1054 hores
419 998 510 1067 rogari
527 1001 620 1067 potest
637 1013 747 1052 seruum
766 996 958 1052 manumisisse
976 1000 1012 1064 et,
1035 995 1058 1050 si
1077 997 1141 1050 ante
1160 995 1402 1052 manumissionem
1421 995 1575 1061 decesserit,
1591 1011 1692 1072 ευρ,

188 1097 203 1143 s
221 1101 346 1141 cessores
364 1086 424 1142 eius
442 1084 544 1141 dehent
562 1087 763 1141 manumittens.
798 1086 902 1140 Diuus¹
922 1083 1078 1140 Antoninus
1096 1088 1126 1138 et
1142 1083 1272 1138 Pertinax
1290 1085 1489 1153 rescripserunt
1506 1081 1687 1163 heraditum

221 1173 289 1230 fisco
307 1174 453 1243 uindicata,
472 1174 601 1244 quoniam
619 1175 703 1229 tacito
721 1174 783 1244 quis
801 1177 915 1243 rogatus
932 1178 992 1227 erat
1009 1173 1043 1242 ei,
1062 1172 1109 1242 qui
1127 1187 1226 1242 capere
1245 1188 1298 1228 non
1317 1176 1434 1244 poterat,
1452 1171 1590 1227 restihnre
1610 1175 1679 1247 hs.
1694 1221 1711 1260 Μ

221 1262 375 1332 reditatum,
395 1269 423 1317 et
441 1262 546 1318 directo
564 1267 593 1317 et
610 1277 660 1332 per
677 1260 918 1316 fideicommissum
937 1261 1017 1316 datas
1035 1259 1177 1316 libertates
1194 1260 1297 1316 deberi.

165 1352 202 1410 13
274 1353 352 1406 lours
373 1349 443 1406 libro
465 1365 538 1406 nouo
561 1351 727 1420 regularum.
763 1350 793 1406 Si
813 1365 948 1420 praegnas
966 1349 1065 1404 ancilla
1083 1363 1186 1404 moram
1206 1365 1260 1404 non
1278 1347 1371 1405 studio
1388 1365 1484 1404 mauu·
1501 1343 1666 1450 Q
1676 1384 1696 1435 l

221 1440 352 1509 missoris,
372 1439 422 1496 sed
439 1437 551 1495 tumulto
569 1439 698 1508 patiatur,
716 1453 751 1493 no
770 1438 1013 1508 manumitteretur,
1032 1437 1147 1494 liberum
1165 1437 1276 1507 quidem
1295 1454 1348 1494 nou
1367 1437 1464 1508 pariet,
1483 1436 1658 1508 sedcogeau,

221 1527 269 1597 qui
287 1527 478 1583 manumittere
496 1525 593 1582 debuit
610 1533 704 1582 natum
724 1527 804 1582 matri
822 1527 939 1597 tradere,
958 1533 989 1582 ut
1006 1541 1055 1596 per
1072 1542 1133 1581 eam
1151 1527 1297 1594 perueniat
1314 1525 1349 1582 ad
1367 1525 1530 1581 libertatem.
1664 1559 1682 1598 „

165 1615 203 1671 14
274 1617 352 1670 ineu
369 1615 438 1671 libro
456 1616 563 1671 decimo
582 1631 783 1686 responsorum.
809 1615 911 1670 Lucius
923 1617 1013 1672 Titius
1030 1619 1197 1672 testamento
1215 1615 1288 1672 iacto
1305 1615 1398 1672 Seiam
1417 1631 1484 1670 nxo·
1515 1610 1676 1688 ΜΒ

221 1719 278 1759 rom
302 1719 395 1773 suam,
417 1705 482 1759 item
501 1705 602 1760 Titiam
627 1703 709 1760 filiam
735 1719 909 1760 communem
932 1706 1028 1774 aequis
1046 1704 1217 1774 portionibus
1235 1705 1346 1774 scripsit
1362 1703 1487 1760 herodes.
1519 1705 1577 1760 bem
1592 1710 1641 1766 sliu

222 1793 326 1862 capite:
345 1792 464 1848 'Erotem
483 1807 593 1848 seruum
612 1809 717 1863 meum,
741 1794 787 1862 qui
806 1799 835 1848 ct
852 1793 961 1864 Psyllus
978 1799 1107 1863 uooamr,
1134 1794 1248 1850 liborum
1267 1807 1329 1850 esse
1348 1794 1425 1862 uolo,
1443 1793 1467 1848 si
1486 1795 1558 1848 uxori
1572 1811 1637 1852 meae

222 1880 354 1951 placeat.
387 1896 448 1936 cum
473 1883 565 1950 itaque
584 1881 649 1936 Seia
672 1897 742 1936 uxor
759 1883 836 1936 Lucii
854 1881 920 1936 Titii
942 1885 952 1952 ΙΙ
971 1881 1133 1938 abstinuerit
1157 1881 1193 1936 ah
1211 1881 1307 1938 eadem
1325 1881 1479 1938 hereditate
1496 1885 1524 1936 et
1539 1897 1570 1936 ex
1583 1885 1634 1940 suh·
1648 1895 1694 1946 lut

221 1969 364 2026 stitutione
382 1971 471 2039 portio
489 1971 550 2026 eius
569 1971 604 2026 ad
619 1970 721 2026 Titiam
740 1969 823 2025 filiam
841 1971 1004 2040 peruenerit,
1023 1985 1133 2039 quaero,
1153 1987 1188 2026 au
1200 1971 1286 2040 Eroti,
1304 1972 1351 2040 qui
1370 1976 1398 2026 et
1409 1971 1517 2042 Psyllus
1533 1978 1631 2044 uoutrr,

221 2073 257 2114 ex
274 2057 317 2114 his
336 2057 427 2115 uerbis
445 2075 530 2128 supra
547 2061 656 2129 scriptis
673 2058 786 2114 libertas
804 2059 943 2128 competit.
971 2057 1140 2114 Modestinus
1152 2059 1238 2126 Eroti,
1256 2059 1330 2128 quod
1350 2073 1418 2115 uxor
1432 2059 1563 2114 testatoris
1573 2057 1631 2114 here-
1645 2075 1663 2114 u

221 2146 308 2202 ditate
326 2162 357 2202 se
376 2145 521 2217 abstinuit,
541 2163 595 2204 nou
614 2147 712 2204 obesse
731 2147 881 2218 respondit.
913 2147 979 2202 item
997 2163 1113 2217 quaero,
1132 2163 1168 2202 an
1187 2147 1251 2202 Seia
1268 2163 1350 2216 uxor,
1368 2161 1440 2216 quae
1459 2161 1490 2202 se
1507 2147 1630 2202 hereditate

222 2233 367 2304 abstinuit,
390 2238 493 2306 petenti
517 2237 594 2292 Eroti
617 2235 771 2292 libertatem
795 2237 866 2292 iuste
889 2235 1075 2292 contradicere
1097 2237 1194 2306 possit.
1226 2235 1396 2292 llodestinns
1420 2235 1556 2306 respondit
1569 2233 1629 2292 Seiae

222 2323 377 2380 dissensum
396 2325 496 2380 nullius
513 2339 575 2380 esso
594 2325 733 2382 momenti.

166 2415 203 2474 15
274 2413 352 2470 lusu
370 2411 439 2468 libro
458 2413 539 2469 tertio
557 2414 762 2484 pandectarum.
789 2413 818 2469 ls
835 2413 883 2483 qui
901 2427 935 2470 ox
953 2425 1038 2468 cansa
1049 2410 1253 2468 fideicommissi
1266 2412 1484 2468 manumissurus
1501 2407 1627 2496 Q
1640 2419 1666 2471 Ε·

222 2507 266 2558 est
283 2502 357 2558 nullo
375 2501 457 2558 modo
476 2502 639 2558 deteriorem
658 2503 717 2558 eius
734 2503 807 2558 serui
825 2501 1014 2558 condicionem
1031 2499 1122 2556 meere
1140 2505 1247 2571 potest:
1265 2500 1382 2570 ideoque
1400 2516 1452 2557 uec
1464 2501 1627 2558 uenderosnn
1640 2515 1660 2553 rs

222 2590 376 2646 interdum²
395 2591 440 2645 alii
458 2595 563 2660 potest,
587 2597 619 2646 ut
637 2590 672 2646 ab
690 2605 723 2646 eo
742 2591 786 2646 cui
803 2589 983 2646 traditus-est
1001 2591 1221 2660 manumittetur,
1245 2594 1288 2659 ot,
1309 2589 1333 2646 si
1351 2589 1506 2659 tradiderit,
1522 2590 1627 2646 redners

221 2679 297 2734 illum
321 2679 429 2749 cogitur
452 2686 481 2736 et
502 2679 708 2736 manumittere:
732 2681 847 2736 interest
864 2680 936 2736 euim
955 2693 1158 2749 nonnumquam
1177 2696 1194 2734 a
1210 2693 1277 2734 sene
1294 2679 1386 2749 potius
1406 2680 1555 2736 manumitti
1568 2695 1626 2750 quau
1705 2687 1707 2692 ·

222 2767 366 2824 aiuneue.
1705 2763 1706 2766 ’

166 2859 204 2918 16
276 2857 429 2912 homerus
447 2857 579 2912 Rurmus
602 2855 671 2912 libro
692 2856 786 2926 quinto
804 2856 969 2926 regularum.
1005 2855 1160 2912 Libertates
1178 2857 1261 2912 etiam
1279 2871 1328 2926 per
1345 2855 1484 2914 fideicom·
1501 2849 1626 2940 [Q
1639 2861 1668 2932 lis

223 2945 337 3002 missum
361 2945 421 3000 dari
444 2949 561 3014 possunt
583 2950 612 3000 et
635 2945 745 3015 quidem
770 2945 872 3013 largius
890 2961 972 3014 quam
990 2943 1108 3002 directo:
1130 2961 1193 3000 nam
1213 2959 1268 3000 uon
1285 2950 1393 3000 tantum
1410 2946 1537 3017 propriis,
1557 2945 1659 3000 uddu
1708 2986 1710 2989 .

224 3035 320 3090 alionis
338 3034 426 3090 seruis
443 3049 493 3104 per
510 3032 752 3090 fideicommissum
769 3033 880 3088 libertas
899 3033 958 3090 dari
975 3039 1081 3103 potest:
1106 3033 1145 3088 ita
1162 3037 1270 3103 umen,
1294 3041 1325 3088 ut
1344 3033 1504 3103 uulgaribns
1520 3033 1627 3090 nerhiset

223 3122 324 3192 quibus
341 3122 483 3178 euidenter
501 3123 629 3178 uoluntas
647 3122 788 3178 testatoris
806 3121 920 3191 exprimi
937 3122 1050 3191 possib.

166 3215 204 3274 17
277 3212 320 3268 Ex
331 3209 400 3266 libro
414 3211 563 3268 uicensimo
575 3211 663 3280 primo
675 3209 843 3279 digestorum
857 3209 1044 3266 Scasuouau.
1058 3210 1224 3266 ocrcnrus:
1244 3209 1320 3266 'Cum
1333 3209 1384 3266 tibi
1396 3211 1486 3266 uisum
1504 3204 1658 3295 ffld
1704 3233 1707 3280 ζ

224 3298 314 3356 'suerit
332 3299 530 3356 manumittere
550 3299 651 3354 utiliter
668 3299 750 3354 datur
767 3297 980 3354 fideicommissa
997 3299 1117 3356 libertas.
1639 3309 1658 3349 ss

167 3393 206 3452 18
276 3388 436 3445 Sossuous
456 3387 526 3444 b'hro
550 3388 700 3444 uicensimo
723 3389 804 3444 tortio
823 3387 1001 3457 digestorum.
1038 3387 1216 3444 Testamente
1235 3388 1274 3442 ita
1291 3389 1379 3444 cauit:
1399 3389 1484 3444 'Pam-
1502 3380 1657 3472 [QX

225 3477 330 3548 philus,
349 3477 373 3533 si
391 3477 461 3532 bone
480 3491 510 3532 so
528 3477 646 3546 gessere
663 3475 815 3534 rationibus
833 3477 910 3545 meis,
927 3475 996 3530 liber
1009 3475 1091 3532 esto':
1110 3478 1264 3546 quaesitum
1277 3483 1329 3550 est,
1348 3493 1411 3534 cum
1425 3475 1626 3534 manenteeodeu

223 3570 390 3622 testamento
413 3571 477 3635 post
500 3566 603 3635 aliquot
627 3581 714 3620 annos
738 3564 887 3620 decesserit
907 3579 958 3620 uec
975 3565 1046 3620 ullae
1065 3565 1201 3634 querellae
1219 3568 1296 3624 locus
1314 3567 1349 3622 de
1367 3565 1510 3637 Pamphilo
1526 3567 1626 3622 obtare
1705 3571 1712 3639 J

222 3655 312 3710 tiones
330 3655 437 3725 patroni
455 3655 499 3724 sit,
519 3671 553 3710 au
572 3671 606 3712 ex
624 3657 790 3710 testamento
808 3653 960 3710 libertatem
979 3654 1016 3708 sit
1033 3659 1206 3710 consecutus.
1231 3655 1375 3726 respoudit
1392 3655 1458 3712 nihil
1470 3655 1579 3728 proponi,
1593 3665 1626 3708 cur
1710 3656 1713 3663 '

206 3759 278 3800 uon
296 3745 333 3800 sit
350 3747 522 3799 consecutus.
1639 3748 1657 3788 ss

168 3838 205 3896 19
278 3833 354 3888 lues
377 3832 445 3888 libro
470 3832 601 3888 uicesimo
625 3835 723 3900 quarto
742 3831 920 3900 digestorum.
957 3830 1065 3886 Herode
1082 3831 1208 3888 instituto
1228 3831 1324 3888 marito
1342 3847 1394 3904 per
1410 3830 1485 3888 fidei·
1504 3821 1658 3916 [QX
1709 3897 1710 3900 Ἴ

224 3921 399 3976 commissum
418 3921 571 3977 libertatem
590 3921 678 3976 seruis
696 3919 787 3990 dedit,
804 3919 833 3974 in
851 3917 950 3989 quibus
968 3925 997 3976 et
1015 3919 1109 3976 Sticho
1128 3921 1214 3978 actori
1231 3921 1335 3977 mariti:
1355 3922 1508 3992 quaesitum
1527 3927 1567 3990 est,
1582 3931 1627 3974 ocu

225 4010 338 4065 absente
362 4009 472 4067 domino
491 4011 536 4066 isti
553 4009 709 4080 praesidem
727 4009 883 4078 prouinciae
902 4009 1031 4079 adierint,
1055 4015 1087 4066 ut
1104 4009 1216 4066 libertas
1234 4009 1286 4065 sibi
1304 4015 1504 4080 praestaretur,
1527 4008 1588 4079 qnasi
1602 4018 1627 4058 ex

224 4100 298 4154 iusta
322 4115 406 4155 eausa
429 4100 508 4156 horos
527 4099 649 4168 abesset,
675 4103 703 4153 ot
719 4113 831 4168 praeses
849 4099 1005 4168 prouinciae
1024 4097 1241 4169 pronuntiauerit
1258 4097 1413 4156 libertatem
1433 4099 1536 4169 deberi,
1554 4114 1580 4152 au
1594 4090 1629 4161 agi

224 4205 285 4244 cum
305 4187 399 4244 Sticho
418 4189 514 4260 possit,
534 4192 564 4242 ut
582 4189 714 4242 rationem
733 4191 812 4242 actus
830 4203 848 4242 s
865 4203 895 4242 se
913 4187 1095 4244 administrati
1112 4187 1227 4244 reddere
1239 4189 1426 4260 compellabis.
1455 4185 1628 4259 responditnon

223 4285 442 4354 F(XYZM00)

224 4430 233 4463 ¹
253 4425 330 4481 diui?
401 4425 559 4480 ¹interimi
629 4425 758 4481 'dentrr
774 4386 847 4480 cdd.-

861 4385 1057 4394 ...Ἣ-υ
1067 4387 1327 4394 ---———-—-.-··---

224 4557 353 4613 ddare't'
366 4557 426 4612 siue
439 4559 476 4611 F’
521 4558 742 4612 hanbniuusF⁰
787 4555 915 4614 titres‘s'
968 4560 1003 4614 24
1021 4559 1046 4614 is
1063 4561 1120 4630 qui]
1138 4561 1243 4616 F’eum
1258 4561 1320 4614 Bo.-
1338 4559 1354 4613 b
1426 4560 1556 4631 χρεωσῶκ
1570 4553 1627 4610 ber·

224 4629 346 4697 legasset
362 4627 408 4682 Π
446 4628 563 4684 ildinus
580 4629 727 4684 antoninus
745 4635 773 4684 et
790 4630 916 4699 pertinax
969 4633 1065 4700 sepias,
1085 4632 1182 4700 siquis
1197 4631 1230 4684 Fi
1275 4631 1311 4686 33
1328 4631 1391 4686 117
1410 4628 1625 4687 sarasiniscum·it

225 4701 433 4770 rescripserunt]
457 4699 508 4754 tuo
532 4701 674 4756 trariieusc
692 4699 852 4762 Ἀκτωκίκογ
876 4701 914 4754 sai
969 4703 1106 4765 cedmiel,
1126 4710 1232 4774 itemque
1250 4712 1330 4758 lusori
1360 4711 1418 4756 losse
1435 4693 1626 4758 alamuosan*

225 4772 388 4840 liepriusaoc
406 4771 455 4824 BS
515 4773 548 4826 16
567 4771 745 4842 portionibus]
765 4773 809 4835 Ρ,
834 4767 916 4840 parti·
971 4781 997 4826 iu
1009 4775 1141 4838 saeuus,
1159 4781 1225 4828 cerie
1243 4783 1270 4828 s'ss
1284 4793 1314 4828 co
1333 4773 1441 4830 .Porr's.
1455 4774 1531 4828 1357:
1545 4771 1624 4832 duilli

226 4840 334 4900 busF²
384 4843 416 4898 19
434 4842 539 4910 *qudet
558 4841 761 4914 F²lp'i'syilus
779 4841 827 4897 F‘:
847 4843 916 4904 *lla-
970 4829 1623 4917 130111111129(σ].Β8.38,6,51116

225 4913 329 4968 uccBS
365 4913 696 4983 ilOsuprasoript's'isF‘
712 4917 717 4978 Ι
732 4915 917 4982 competatF³
971 4915 1004 4968 31
1019 4915 1206 4984 quaerellael'
1246 4913 1534 4982 siquibusotmali
1565 4900 1622 4963 421¹·

225 4985 259 5044 21
278 4983 437 5058 respondit⁴
449 4987 507 5053 ΡΙ
527 4992 616 5058 qu⁶u⁴e
636 4985 672 5040 Ρ)
691 4986 696 5056 Ι
717 4985 862 5042 hereditati
880 4985 904 5040 F
906 4987 918 5022 ·'
971 4984 1107 5040 berta'te's
1126 4985 1161 5038 F‘
1214 4986 1250 5040 43
1268 4984 1411 5056 praos't'es
1428 4986 1464 5040 Ρ
