3584 5454
234 239 622 308 XXXXVIblo-sso
906 233 994 316 726
1215 331 1216 338 ¹
1373 259 1670 308 annuemus

179 399 217 458 10
287 397 437 454 Uuarnrrus
454 398 523 455 libro
540 399 628 469 primo
645 411 847 469 responsorum.
874 397 1019 454 Ualeriano
1037 397 1190 468 respoudit:
1209 397 1233 452 si
1250 413 1371 468 praeses,
1390 399 1520 468 quiante
1539 399 1570 454 in
1587 401 1669 454 bien·
1700 400 1721 455 S

234 489 308 543 nium
327 487 418 543 eaueri
435 487 560 558 iusserat,
577 492 674 557 postea
691 488 719 542 in
737 488 849 557 longum
867 493 977 557 tempus
995 487 1087 543 oaueri
1104 487 1260 558 praesepit:
1279 489 1344 558 quia
1356 505 1375 543 a
1386 488 1477 558 prima
1488 489 1669 558 stipulatione
1729 509 1732 512 ·

233 593 345 648 prorsus
363 576 467 632 discedi
485 578 617 647 uoluerat,
636 577 825 647 exceptionem
843 578 947 648 primae
965 576 1134 648 stipulationi
1152 576 1280 646 obligatis
1296 577 1438 647 peperisse
1457 577 1580 634 uidetur.

178 669 214 726 ll
287 665 458 722 Uusuuurus
474 665 543 722 libro
560 670 659 722 oetaeo
677 667 824 722 aetiouum.
852 667 884 722 In
902 665 1037 722 eiusmodi
1055 665 1285 737 stipulationibus,
1304 681 1375 737 qnae
1393 665 1498 737 'quanti
1511 681 1548 722 ea
1559 681 1605 722 res
1617 665 1668 724 est'
1700 673 1726 726 Α

233 751 439 826 promissionem
458 755 567 826 habent,
586 755 755 812 commodius
774 760 817 811 est
834 761 936 811 eertam
955 771 1090 812 summam
1105 755 1342 826 eomprehendere,
1360 756 1491 826 quoniam
1503 757 1670 827 plerumque
1688 777 1701 816 s

234 841 352 900 dtffieilis
368 843 494 915 probatio
512 847 563 916 est,
581 846 676 916 quanti
693 845 826 916 emmone
842 845 960 916 intersit,
978 845 1061 902 etad
1079 845 1207 916 exiguam
1225 860 1359 902 summam
1378 845 1536 903 deducitur.

279 1207 316 1286 a
355 1204 454 1283 usu
479 1205 659 1282 rurum
686 1203 777 1281 usu
806 1069 1161 1284 nnuuvslsosuurs
1191 1205 1381 1285 sauunu
1407 1205 1537 1284 sonu
1578 1207 1619 1285 u
1700 1236 1765 1291 ru

155 1365 160 1376 ’
198 1385 213 1442 1
285 1381 405 1436 Paunus
422 1379 491 1436 libre
508 1380 659 1436 uiesnsimo
676 1383 775 1449 quarm
794 1379 830 1435 sd
848 1379 977 1436 edietum.
1013 1379 1082 1436 Gom
1100 1379 1204 1450 pupillo
1228 1395 1285 1436 rem
1304 1381 1408 1436 saluam
1427 1377 1487 1436 sors
1506 1377 1670 1465 Q
1702 1387 1728 1441 li

233 1469 396 1525 satisdatum
414 1470 458 1540 sit,
477 1470 522 1538 agi
540 1485 575 1524 ex
592 1483 627 1524 ea
643 1474 709 1524 tuno
727 1471 826 1540 potest,
844 1484 907 1525 eum
925 1474 954 1524 et
971 1469 1074 1524 urtelae
1092 1473 1193 1539 potest
1689 1483 1716 1522 ro

197 1563 215 1620 2
286 1557 436 1614 Uesaeuus
452 1557 522 1614 libro
539 1557 762 1628 septuagensimo
779 1571 852 1614 nono
870 1557 906 1613 ad
923 1558 1052 1614 edietum.
1083 1556 1113 1614 Si
1130 1557 1249 1628 pupillus
1270 1556 1371 1613 absens
1388 1558 1425 1613 sit
1442 1559 1487 1614 uel
1522 1570 1672 1628 s.aa,11,a
1700 1565 1726 1618 Ε

233 1645 284 1702 fari
301 1662 355 1702 non
373 1647 473 1718 possit,
497 1661 594 1702 seruus
612 1647 671 1702 eius
689 1647 879 1718 stipulabitur:
902 1648 926 1703 si
943 1663 1053 1703 seruum
1078 1661 1133 1703 non
1158 1646 1273 1718 habeat,
1295 1647 1429 1704 emendus
1447 1649 1473 1703 ei
1490 1635 1671 1704 semu-sest:

233 1736 283 1792 sed
301 1735 324 1791 si
342 1751 396 1791 non
414 1737 451 1791 sit
468 1735 540 1791 unde
558 1741 664 1792 ematur
681 1742 730 1792 aut
747 1751 802 1792 non
819 1737 856 1792 sit
873 1736 1002 1807 expedita
1019 1735 1130 1806 emptio,
1148 1733 1286 1807 proieeto¹
1305 1737 1430 1794 dioemus
1447 1753 1562 1794 seruum
1580 1738 1671 1810 publi·

234 1839 295 1881 oum
314 1825 388 1895 apud
405 1829 559 1895 praetorem
577 1825 702 1896 stipulari
720 1825 833 1881 debere:
1035 1883 1039 1896 ,
1688 1839 1715 1879 ra

196 1919 215 1978 3
270 1907 363 1970 'insu
381 1913 449 1970 libro
467 1913 627 1984 trigessimo
644 1914 740 1985 quinto
758 1913 793 1970 ad
811 1913 940 1970 edietum.
969 1915 1030 1983 (aut
1047 1913 1114 1971 dare
1132 1915 1249 1985 aliquem
1267 1919 1378 1986 praetor
1395 1913 1487 1988 debet,
1507 1911 1669 2002 Q
1687 1921 1719 1976 'S

196 2006 454 2152 temlfflseaiibib
478 2092 700 2164 septuagensimo
724 2107 796 2148 nono
819 2091 855 2148 ad
874 2091 1003 2150 edietum.
1039 2107 1094 2148 non
1117 2093 1196 2164 qnasi
1218 2092 1278 2162 ipso
1303 2093 1361 2149 iure
1383 2093 1486 2165 pupillo
1506 2091 1669 2179 Q
1698 2100 1723 2156 li

90 2205 94 2212 ·
201 2183 361 2254 1adquirat
381 2185 482 2252 (neque
504 2183 576 2238 enim
600 2181 742 2253 adquirit),
766 2182 816 2238 sed
833 2187 865 2238 ut
888 2181 963 2237 utilis
986 2181 1057 2238 aetio
1079 2197 1115 2237 ex
1137 2182 1270 2252 stipulatu
1291 2183 1394 2254 pupillo
1417 2183 1509 2239 detur.
1546 2183 1669 2241 Cauetur

202 2284 216 2328 a
235 2277 327 2329 autem
345 2273 448 2342 pupillo
466 2271 517 2326 hae
535 2271 709 2342 stipulatione
726 2286 776 2342 per
793 2271 1010 2327 satisdationem.
1046 2271 1116 2326 lllud
1134 2271 1275 2327 selendum
1300 2277 1343 2327 est
1359 2271 1411 2328 lnao
1428 2273 1610 2343 stipulatione
1627 2279 1669 2330 te-

235 2363 293 2418 neri
310 2366 367 2417 tam
385 2375 462 2431 eum,
480 2361 527 2432 qui
544 2365 619 2416 tutor
636 2367 687 2432 est,
706 2376 788 2431 quam
807 2375 884 2430 eum,
903 2361 949 2431 qui
966 2373 1017 2431 pro
1034 2365 1125 2416 tutore
1142 2361 1255 2430 negotia
1272 2361 1360 2431 gessit
1376 2361 1421 2416 uel
1438 2367 1535 2431 gerat,
1554 2367 1583 2418 et
1601 2361 1668 2418 lide·
1686 2373 1713 2414 ro

203 2463 217 2507 a
235 2453 356 2507 iussores
373 2466 476 2506 eorum.
513 2449 568 2506 Sed
586 2450 656 2506 enim
681 2451 801 2520 quinon
819 2450 920 2521 gessit,
945 2450 1055 2506 omnino
1073 2464 1128 2505 non
1145 2447 1295 2505 tenebitur:
1318 2465 1382 2504 nam
1400 2464 1452 2505 nee
1470 2451 1547 2508 aetio
1564 2453 1668 2509 tutelae

237 2557 298 2598 eum
317 2541 364 2612 qui
382 2555 437 2596 non
455 2540 542 2610 gessit
559 2544 648 2610 tenet,
672 2540 722 2596 sed
740 2541 800 2595 utili
818 2541 925 2596 aetione
943 2539 1146 2595 conueniendus
1164 2543 1220 2610 est,
1241 2539 1305 2608 qnia
1322 2553 1373 2595 suo
1390 2539 1515 2610 periculo
1534 2543 1668 2598 esmant:

237 2636 375 2687 ettamen
393 2645 427 2685 ex
445 2629 577 2698 stipulatu
596 2630 703 2685 aetione
721 2643 809 2699 neque
826 2629 886 2700 ipse
907 2643 995 2698 neque
1018 2627 1193 2685 fideiussores
1217 2629 1277 2684 eius
1299 2627 1474 2685 tenebuntur.
1501 2631 1669 2702 eompellen·

237 2719 290 2775 dus
307 2721 391 2790 igitur
415 2719 467 2774 erit
484 2719 519 2774 ad
537 2717 800 2774 administrationem
818 2723 976 2788 propterea,
1000 2723 1032 2773 ut
1055 2718 1229 2790 stipulatione
1252 2732 1362 2788 quoque
1384 2717 1440 2774 ista
1462 2721 1555 2790 possit
1571 2721 1668 2776 mnae.

203 2821 219 2866 4
237 2810 315 2865 Hane
333 2808 535 2878 supuationem
552 2809 644 2878 plaeet
660 2806 738 2863 linita
756 2807 866 2862 demum
884 2807 971 2863 tutela
988 2807 1122 2863 eommitti
1144 2813 1173 2863 et
1191 2805 1398 2864 fideiussoribus
1415 2807 1489 2863 diem
1509 2809 1612 2865 exinde
1629 2811 1668 2866 in·
1685 2819 1711 2860 rs

237 2900 327 2968 eipere
345 2897 451 2953 eadere.
478 2899 507 2953 in
524 2903 649 2953 euratnre
667 2896 742 2952 aliud
760 2901 815 2952 est:
840 2895 889 2952 sed
912 2901 941 2951 et
956 2895 985 2952 in
1003 2911 1051 2967 eo,
1075 2896 1123 2967 qui
1144 2910 1194 2966 pro
1217 2900 1308 2952 tutore
1330 2897 1443 2966 negotia
1465 2898 1571 2969 gessit,
1593 2898 1669 2954 aliud

237 2986 382 3044 dieendum
401 2992 452 3042 est.
480 2987 573 3056 itaque
591 2987 661 3042 istae
679 2985 883 3057 stipulationes,
902 2983 926 3040 si
943 2984 1053 3056 quidem
1071 2986 1133 3055 quis
1150 2989 1224 3041 tutor
1241 2983 1306 3055 luit,
1326 2983 1336 3055 ΙΙ
1355 2984 1432 3040 linita
1449 2984 1566 3043 demum
1582 2989 1669 3044 tutela
1684 2987 1751 3042 taen

237 3077 452 3133 eommittentur:
471 3077 495 3131 si
512 3091 579 3132 uero
595 3091 645 3146 pro
663 3079 754 3131 tutore
771 3075 883 3145 negotia
899 3074 995 3144 gessit,
1013 3074 1179 3130 conueniens
1196 3079 1240 3130 est
1256 3074 1356 3145 dieere,
1374 3074 1467 3130 statim
1479 3081 1568 3146 atque
1586 3092 1669 3148 quae·

204 3178 218 3224 o
237 3182 291 3237 que
308 3181 352 3221 res
369 3166 448 3221 salua
465 3181 519 3221 non
537 3181 599 3221 esse
617 3165 760 3236 coepisset,
779 3163 911 3221 committi
929 3163 1140 3234 stipulationem.
1167 3163 1197 3220 Si
1214 3167 1289 3220 tutor
1307 3162 1343 3220 ab
1361 3162 1487 3220 hostibus
1505 3173 1608 3237 eaptus
1625 3168 1668 3238 sit,

237 3271 273 3312 an
290 3255 476 3311 committatur
493 3254 641 3325 stipulatio,
659 3254 810 3310 uideamus.
838 3257 939 3322 monet,
957 3254 1022 3324 quia
1033 3251 1111 3308 linita
1121 3254 1209 3309 tutela
1221 3257 1272 3324 est,
1290 3253 1356 3308 dest
1366 3254 1516 3324 reciperari
1528 3262 1668 3326 sperem:
1685 3265 1711 3308 so

203 3351 266 3404 oet
282 3350 349 3416 puto
366 3359 450 3415 posse
468 3344 522 3414 agi.
559 3342 728 3399 Generaliter
745 3341 886 3398 solendum
904 3346 961 3398 est:
985 3357 1020 3398 ex
1042 3341 1142 3412 quibus
1166 3343 1257 3399 oausis
1280 3341 1401 3398 diximus
1422 3343 1531 3399 tutelae
1550 3346 1597 3414 agi
1615 3361 1670 3402 nen

205 3445 219 3492 7
237 3449 327 3504 posse,
346 3449 380 3490 ex
398 3433 485 3489 isdem
504 3434 595 3488 eausis
613 3433 664 3488 ne²
682 3447 717 3488 ex
734 3432 868 3511 stipulatu
885 3446 942 3487 rem
961 3432 1065 3487 saluam
1084 3431 1142 3488 lore
1161 3433 1206 3503 agi
1217 3447 1299 3503 posse
1313 3431 1460 3488 dioendum
1478 3437 1535 3488 est
1561 3433 1670 3505 Siquis

238 3528 347 3580 eurator
364 3523 446 3578 datus
464 3535 518 3579 uon
535 3522 652 3594 gesserit
669 3536 772 3591 euram,
791 3535 961 3590 oonsequens
978 3521 1030 3576 erit
1047 3521 1138 3576 dieere
1155 3521 1358 3592 stipulationem
1377 3537 1433 3577 uon
1451 3523 1601 3578 committi:
1620 3523 1670 3579 sed

238 3613 335 3669 eadem
354 3613 397 3667 bie
416 3616 495 3667 erunt
512 3610 642 3681 dieenda,
661 3625 733 3681 quae
750 3610 779 3666 in
796 3613 887 3666 tutore
905 3609 1037 3681 diximus,
1055 3611 1101 3666 illo
1118 3610 1300 3682 seeus,'quod
1317 3609 1386 3666 haee
1403 3611 1550 3682 stipulatio
1568 3613 1670 3684 statim,

238 3707 321 3773 atque
339 3701 405 3773 quid
423 3701 530 3776 saluum
548 3715 609 3756 esse
627 3699 740 3770 desinit,
762 3699 939 3755 committitur
956 3705 985 3755 et
1001 3698 1207 3756 fideiussoribus
1224 3699 1283 3756 dies
1301 3699 1387 3756 eedit:
1410 3700 1462 3756 sed
1483 3701 1515 3758 in
1534 3717 1566 3758 se
1584 3703 1670 3759 reuol-
1686 3711 1712 3754 aa

206 3805 220 3850 s
237 3794 319 3848 uitur.
350 3790 470 3847 Pertinet
488 3795 579 3845 autem
597 3789 666 3846 haee
683 3789 823 3860 stipulatio
842 3789 878 3845 sd
895 3803 991 3845 omnes
1008 3795 1147 3845 euratores
1164 3791 1223 3846 siue
1240 3788 1391 3860 puberibus
1405 3789 1466 3846 siue
1478 3791 1671 3864 impuberibus

238 3883 318 3938 datos
336 3886 447 3952 propter
465 3880 565 3938 aetatis
582 3877 779 3951 infirmitatem,
803 3879 863 3935 siue
885 3877 1008 3950 prodigis
1030 3880 1076 3935 uel
1093 3878 1204 3936 furiosis
1224 3879 1269 3936 uel
1285 3879 1451 3950 quibusdam
1471 3881 1536 3938 aliis
1554 3887 1597 3950 (ut
1613 3881 1671 3938 lieri

238 3971 354 4039 adsolet)
372 3971 429 4026 dati
447 3970 509 4025 sint.
799 4009 803 4017 .

147 4065 149 4068 ’
202 4061 220 4120 5
291 4062 410 4117 Psunue
433 4058 502 4114 libro
526 4057 746 4129 septuagensimo
769 4063 848 4115 sexto
866 4059 902 4114 ad
919 4058 1048 4116 edietum.
1085 4055 1114 4114 Si
1131 4055 1217 4130 iilius,
1240 4059 1288 4130 qui
1305 4059 1334 4115 in
1351 4063 1491 4130 potestate
1511 4056 1672 4149 [ᾗ]
1699 4062 1724 4118 Ε

238 4149 333 4206 furiosi
351 4151 410 4219 erit,
429 4164 486 4204 rem
505 4149 609 4204 saluam
627 4146 685 4204 iore
703 4149 855 4220 stipuletur,
874 4148 992 4219 adquirit
1008 4147 1080 4220 patri
1096 4147 1286 4218 obligationes.
1585 4139 1672 4148 .....
1687 4159 1714 4200 re

173 4285 177 4292 .
202 4241 220 4300 6
292 4239 385 4294 Gaius
402 4237 471 4294 libro
489 4239 639 4294 uicensimo
656 4239 772 4309 septimo
797 4238 832 4294 ad
851 4238 971 4294 edietum
988 4237 1163 4310 prouiueiale.
1195 4237 1311 4294 Seruum
1329 4237 1427 4310 pnpilli
1445 4239 1493 4296 sti·
1514 4238 1671 4327 [ιῗεῖῑιῖε
1701 4240 1725 4296 Β

238 4329 326 4400 putari
344 4329 384 4383 ita
400 4343 513 4384 neeesse
532 4333 587 4400 est,
611 4329 634 4383 si
651 4329 770 4398 pupillus
788 4327 868 4384 abest
884 4331 933 4384 aut
950 4326 1002 4384 iari
1020 4343 1075 4385 non
1091 4331 1197 4400 potest:
1220 4343 1284 4384 nam
1307 4329 1332 4384 ei
1355 4343 1490 4400 praesens
1515 4319 1672 4390 sit‘e‘t'iaTi

238 4423 343 4489 potest,
361 4417 469 4473 etiamsi
486 4418 544 4473 eius
562 4418 661 4474 aetatis
679 4418 744 4488 erit,
762 4423 865 4476 utnon
882 4417 1023 4490 intellegat
1040 4417 1107 4490 quid
1124 4422 1198 4490 agat,
1219 4422 1311 4476 umen
1329 4423 1444 4492 propter
1462 4421 1615 4480 utilitatem
1631 4437 1670 4480 re

239 4511 349 4577 eeptum
367 4511 411 4562 est
427 4510 502 4562 reete
519 4521 582 4562 eum
600 4507 733 4578 stipulari.

238 4611 427 4682 samoe)

240 4761 249 4793 ¹
267 4753 400 4827 proieoto]
418 4771 468 4826 pro
486 4756 540 4811 eo?
609 4755 621 4791 ²
639 4771 689 4812 nee
708 4757 806 4826 (addit

239 4899 327 4954 dlea⁴
345 4913 388 4953 res
407 4899 443 4952 Ρ
497 4899 530 4953 18
548 4901 580 4954 ut
597 4897 923 4970 om.F¹10aua'r'rurF⁸
976 4897 1149 4970 'non'potest
1166 4899 1203 4954 Ρ*
1250 4901 1286 4958 46
1303 4902 1670 4978 poststipularisdrtagera

240 4971 274 5026 23
293 4969 477 5028 tenebum⁴tur
494 4967 530 5024 F‘
573 4969 609 5026 34
626 4971 718 5040 quod*
736 4973 775 5025 1²²
817 4971 922 5026 35441-
976 4972 1027 5027 F’:
1055 4973 1077 5026 el
1101 4971 1145 5046 rip
1168 4972 1273 5045 uipeorr
1354 4973 1438 5037 airbc
1460 4975 1669 5050 ὲπερωτὶτωΒ

239 5057 292 5099 uus
310 5043 346 5096 ΓΙ
411 5043 447 5099 40
464 5041 657 5115 obligationem
674 5043 713 5098 Ρ
772 5043 808 5100 42
826 5048 855 5100 et
871 5041 922 5100 fari
975 5045 1085 5114 (Aron.)
