3614 5460
87 265 136 312 nn
159 261 430 322 uusnsrrouraos
757 234 840 316 841
1121 203 1126 222 Ι
1223 237 1416 307 XXXXVHI
1438 241 1514 307 181

54 402 234 460 edicendum
253 407 309 458 est:
333 417 384 458 nec
402 401 473 456 enim
492 399 608 472 plurium
628 413 725 454 seusus
742 398 867 466 uidetur,
888 397 938 453 sed
956 397 1085 468 corporis.
1121 395 1151 454 Si
1169 413 1266 454 seruus
1288 396 1432 454 bonafide
1451 397 1516 454 milri

88 493 205 562 seruiat,
224 491 331 548 etiamsi
349 491 499 548 dominium
517 490 545 546 in
564 504 597 544 eo
615 503 669 544 non
687 487 784 556 habui,
807 493 899 558 potest
915 487 969 543 dici
986 487 1106 558 torqueri
1124 501 1187 542 eum
1204 487 1233 544 in
1251 492 1334 558 caput
1351 502 1441 542 menna
1461 503 1516 544 ncn

54 592 70 639 ⁹
88 581 197 638 debere.
225 581 298 636 idem
318 585 407 636 estet
424 578 556 636 inlibero
574 578 691 648 homine,
709 577 756 648 qui
774 576 847 632 bona
864 574 919 632 fide
936 576 1028 632 seruit.
1065 575 1120 632 Sed
1138 591 1189 632 nec
1206 576 1333 632 libertum
1351 577 1471 647 torqueri
1488 577 1517 633 in

37 681 70 728 ιο
87 671 197 743 petroni
215 673 299 742 caput
316 670 494 725 constitutum
514 672 565 724 est.
601 667 659 722 Nec
676 665 787 722 fratrem
805 665 915 736 quidem
939 665 967 721 in
985 663 1077 720 fratris
1094 665 1242 736 imperator
1260 673 1353 722 noster
1370 681 1432 720 cum
1450 665 1515 720 diuo'

87 765 167 831 patre
185 775 236 816 suo
253 759 405 829 rescripsit,
428 757 524 814 addita
540 756 653 825 ratione,
672 755 747 826 quod
764 756 793 810 in
810 757 898 822 euml,
921 755 950 810 in
967 768 1048 824 quem
1068 755 1129 824 quis
1146 754 1249 810 inuitus
1266 756 1343 812 testi-
1362 741 1547 830 Qu
1605 773 1607 778 v

37 849 209 906 limonium
233 847 325 904 dicere
342 863 398 904 non
415 847 536 916 cogitur,
557 845 586 900 in
610 859 672 900 eum
695 859 747 900 nec
770 843 889 914 torqueri
912 842 1003 898 debet.
1039 841 1155 900 Seruum
1180 845 1270 900 mariti
1293 845 1321 899 in
1339 851 1423 915 capnt
1441 841 1517 930 [(ΕῙΞ)

37 939 183 995 1anxoris
206 953 289 1009 posse
311 937 432 1006 torqueri
453 935 535 992 dinus
558 935 693 989 Traianus
717 932 812 990 Seruio
831 933 933 1000 Quarto
957 931 1105 1002 rescripsit
1142 933 1217 990 Idem
1240 933 1370 989 Mummio
1393 935 1517 990 Lolliano

38 1039 70 1084 ιι
88 1027 229 1098 rescripsit
246 1026 368 1082 damnati
385 1039 494 1094 seruos,
517 1024 582 1093 quia
599 1023 739 1078 desierunt
761 1037 823 1078 esse
839 1022 940 1091 ipsius,
963 1036 1046 1092 posse
1069 1021 1097 1077 in
1120 1037 1183 1078 eum
1207 1023 1337 1092 torqueri.
1373 1021 1402 1078 Si
1420 1039 1517 1080 seruus

88 1117 125 1172 ad
143 1117 196 1172 hoc
213 1116 265 1170 erit
282 1114 479 1184 manumissus,
497 1127 532 1168 ne
549 1116 723 1182 torqueatur,
741 1111 890 1168 dnmmodo
908 1111 937 1165 in
955 1114 1039 1179 caput
1056 1109 1158 1167 domini
1175 1127 1231 1169 non
1249 1118 1416 1183 torqueatur,
1433 1127 1517 1183 posse

36 1217 71 1264 14
88 1221 153 1264 enm
170 1204 291 1275 torqueri
309 1204 391 1260 diuus
408 1203 473 1258 Pius
491 1201 638 1272 rescripsit
674 1199 729 1256 Sed
747 1205 775 1255 et
793 1216 870 1271 enm,
895 1200 942 1270 qui
960 1191 1124 1270 cognitionis
1144 1205 1289 1272 susceptae
1309 1207 1433 1272 temporo
1453 1202 1517 1258 alie·
1536 1214 1564 1254 ιο
1657 1185 1660 1192 ’

87 1311 141 1354 uns
159 1293 225 1364 fuit,
248 1293 313 1350 licet
329 1297 427 1363 postea
444 1291 484 1346 rei
501 1290 538 1346 sit
555 1291 684 1360 effectus,
706 1289 829 1359 torqueri
850 1289 879 1344 in
897 1289 999 1360 capur²
1016 1305 1098 1360 posse
1120 1289 1178 1346 dini
1195 1289 1293 1347 fratrer
1310 1293 1516 1362 rescripserunt.

36 1395 69 1442 15
87 1383 119 1440 Si
136 1384 198 1454 quis
215 1383 322 1438 dicatur
339 1381 413 1436 nullo
431 1381 489 1434 iure
508 1385 625 1450 emptus,
643 1394 698 1436 non
715 1380 791 1448 prius
808 1379 930 1460 torqueri
946 1379 1055 1450 poterit,
1073 1395 1156 1449 quam
1174 1379 1197 1434 sl
1209 1375 1362 1437 conititerit
1379 1367 1517 1456 [Q

87 1473 275 1530 uenditionem
297 1486 353 1526 non
374 1470 509 1526 uduisse:
533 1474 561 1524 et
584 1469 623 1524 ita
645 1469 794 1538 imperator
815 1473 909 1524 noster
931 1483 992 1524 cum
1017 1468 1084 1524 dtno
1106 1473 1185 1539 patre
1208 1484 1259 1524 sno
1276 1469 1424 1540 rescripsit
1442 1465 1517 1553 [(Ῑοῇ

37 1571 70 1620 ιο
88 1563 158 1618 item
177 1561 298 1617 Seuerus
316 1558 407 1630 Spicio
425 1558 566 1628 Antigono
583 1557 623 1612 ita
640 1558 793 1627 rescripsit:
811 1556 888 1614 ‘Cum
907 1558 1032 1626 quaestio
1055 1557 1091 1613 de
1109 1558 1197 1614 seruis
1214 1563 1311 1614 eontra
1327 1543 1518 1616 dominos'nss

88 1651 150 1721 'que
167 1649 262 1706 haberi
280 1648 380 1704 debeat
397 1663 501 1718 neque,
519 1647 543 1702 si
561 1645 635 1702 facta
652 1647 696 1715 sit,
714 1645 813 1702 dicturi
831 1646 995 1702 sententiam
1014 1646 1156 1702 consilium
1174 1647 1305 1704 insonat:
1324 1649 1409 1704 multo
1426 1648 1517 1706 minus
1535 1658 1564 1702 rs

36 1749 70 1797 1¹1
88 1739 199 1796 'indicia
216 1754 357 1796 seruorum
376 1743 471 1792 contra
488 1735 613 1792 dominos
631 1735 801 1791 admittenda
818 1733 900 1791 sunt'.
932 1734 1021 1791 Dione
1040 1725 1159 1792 Seuerus
1176 1738 1317 1807 rescripsit
1333 1736 1517 1795 confessiones

87 1844 197 1886 reorum
215 1844 265 1898 pro
278 1827 432 1897 exploratis
450 1824 618 1881 facinoribus
636 1824 729 1882 haberi
747 1840 801 1880 non
820 1828 955 1895 oportere,
973 1825 998 1880 si
1015 1825 1090 1880 nulla
1106 1824 1233 1896 probatio
1246 1827 1404 1896 religionem
1417 1842 1517 1898 cogno·

37 1927 69 1975 ιο
87 1918 190 1974 scentis
208 1918 334 1972 instruet.
370 1916 440 1972 Cum
458 1914 568 1984 quidam
591 1913 728 1984 deponere
750 1915 868 1984 pretium
892 1914 965 1970 serui
988 1919 1101 1984 paratus
1124 1920 1210 1984 esset,
1234 1919 1265 1970 ut
1287 1931 1385 1972 seruus
1408 1921 1517 1988 torque·

37 2017 69 2064 19
88 2013 166 2064 retur
182 2011 277 2062 contra
295 2004 443 2073 dominum,
461 2004 609 2074 imperator
626 2009 720 2059 noster
738 2019 799 2059 cum
818 2004 883 2060 diuo
901 2009 979 2074 patre
997 2018 1047 2058 suo
1066 2003 1094 2058 id
1112 2019 1167 2059 non
1185 2004 1362 2062 admiserunt.
1397 2005 1428 2062 Si
1444 2006 1518 2063 serui

88 2097 169 2167 qussi
187 2095 297 2152 sceleris
314 2094 463 2165 participes
480 2094 509 2148 in
527 2096 754 2164 retorqueantur
772 2093 862 2163 deque
880 2092 991 2148 domino
1009 2093 1112 2163 aliquid
1130 2091 1232 2149 fuerint
1249 2092 1368 2151 confessi
1385 2095 1460 2166 apud
1477 2097 1518 2152 iu·
1536 2106 1564 2148 ro

88 2185 192 2242 dicens:
215 2188 297 2254 prout
314 2199 400 2239 causa
417 2183 553 2252 exegerit,
577 2182 617 2236 iia
638 2183 815 2252 pronuntiare
838 2197 901 2238 eum
919 2181 1020 2238 debere
1038 2182 1119 2238 diuus
1136 2183 1272 2238 Traianus
1289 2185 1437 2254 rescripsit
1463 2199 1517 2255 quo

87 2275 222 2344 rescripto
240 2273 393 2330 ostenditur
411 2272 520 2342 grauari
538 2271 664 2326 dominos
682 2270 854 2328 confessione
871 2287 1021 2328 seruorum.
1049 2270 1098 2328 sed
1117 2269 1152 2327 ab
1170 2270 1223 2328 hcc
1234 2273 1367 2344 rescripto
1378 2289 1517 2332 recessum

36 2372 69 2419 no
88 2363 299 2420 constitutiones
321 2361 487 2432 posteriores
511 2361 669 2416 ostendunt.
710 2362 742 2416 ln
765 2377 848 2416 cansa
871 2360 1048 2431 tributorum,
1071 2357 1099 2416 in
1123 2359 1223 2430 quibus
1246 2377 1308 2418 esse
1330 2363 1370 2419 rei
1392 2362 1518 2434 publicae

87 2468 189 2509 neruos
207 2451 309 2508 nemini
327 2449 440 2506 dubium
459 2453 516 2519 est,
539 2450 653 2520 periculi
675 2465 785 2520 quoque
807 2449 893 2520 rado,
916 2449 991 2520 qnod
1014 2464 1094 2506 seruc
1117 2447 1222 2506 fraudis
1239 2451 1349 2508 conscio
1373 2453 1518 2524 capitalem

37 2552 67 2598 at
88 2557 206 2613 poenam
225 2540 380 2608 denuntiat,
403 2538 527 2594 eiusdem
545 2538 741 2609 professionem
761 2540 910 2594 eutruatl.
947 2539 999 2605 Qui
1017 2539 1204 2609 quaestionem
1223 2539 1366 2597 habiturus
1383 2547 1440 2611 est,
1463 2557 1518 2600 non
1535 2552 1565 2595 rs

88 2630 174 2686 debet
190 2629 344 2702 specialiter
362 2629 538 2698 interrogare,
557 2644 593 2684 an
611 2628 712 2684 Lucius
729 2629 819 2684 Titius
836 2628 1012 2684 homicidium
1029 2626 1134 2699 fecerit,
1152 2628 1201 2684 sed
1219 2631 1391 2702 generaliter,
1409 2631 1472 2700 quis
1489 2631 1518 2688 id

87 2718 198 2776 fecerit:
222 2720 337 2774 alterurn
362 2718 434 2772 eninr
460 2719 547 2787 magis
565 2717 739 2788 suggerentis
757 2732 839 2786 quom
857 2718 1020 2788 requirentis
1036 2717 1154 2774 uidetur.
1181 2723 1210 2774 et
1227 2719 1267 2774 ita
1284 2719 1365 2776 diuus
1382 2721 1518 2778 Traianus

39 2819 70 2866 aa
87 2808 238 2878 rescripsit
275 2807 363 2862 Diuus
381 2807 536 2862 Hadrianus
554 2805 701 2876 Calpurnio
720 2805 861 2863 Celeriano
879 2808 906 2862 in
925 2806 993 2862 haec
1010 2806 1096 2863 uerba
1113 2808 1265 2878 rescripsit:
1284 2808 1422 2880 ‘Agricola
1438 2811 1517 2868 Pom·

88 2898 142 2969 ‘pei
161 2897 285 2953 Ualentis
303 2911 400 2952 seruus
418 2896 453 2952 de
471 2912 502 2952 se
519 2901 613 2966 potest
630 2895 800 2966 interrogari.
828 2897 866 2968 si,
889 2897 954 2952 dum
974 2898 1099 2968 quaestio
1122 2895 1252 2969 habetur,
1274 2899 1392 2969 amplius
1409 2899 1516 2972 dixerit,

39 2993 69 3040 ut
89 2988 136 3044 'rei
154 2985 238 3042 fuerit
254 2985 398 3056 indicium,
421 3001 477 3042 nou
498 2985 721 3054 interrogationis
744 2983 841 3056 culpa'.
877 2985 1035 3052 Quaestioni
1057 2985 1138 3042 tidem
1157 3002 1213 3043 non
1231 3003 1339 3058 semper
1355 3004 1407 3045 nec
1424 2993 1518 3045 temen
1536 2998 1565 3042 ιο

88 3091 237 3146 numquam
256 3074 410 3130 habendam
429 3073 670 3130 constitutionibus
688 3073 856 3130 declaratur:
879 3075 981 3130 etenim
1004 3090 1048 3131 res
1071 3081 1115 3131 est
1134 3074 1239 3146 fragilis
1263 3081 1292 3132 et
1313 3078 1467 3148 periculosa
1490 3083 1518 3134 et

87 3181 160 3237 quae
178 3165 322 3220 ueritatem
340 3161 424 3218 fallat.
451 3179 515 3218 nam
533 3164 654 3234 plerique
673 3163 808 3234 patientia
829 3163 888 3220 siue
913 3163 1013 3220 duritia
1029 3169 1225 3222 tormentorum
1243 3167 1283 3222 ita
1300 3172 1436 3223 tormenta
1453 3182 1518 3224 con·

87 3257 223 3325 temnunt,
241 3258 273 3308 ut
290 3253 405 3322 exprimi
423 3253 463 3308 eis
481 3253 583 3308 ueritas
602 3253 675 3308 nullo
693 3251 775 3308 modo
793 3253 895 3322 possit:
920 3253 965 3308 alii
982 3258 1061 3308 tanta
1078 3257 1143 3308 snut
1159 3255 1334 3326 inpatientia,
1352 3261 1384 3311 nt
1401 3256 1517 3326 qncduis

88 3344 198 3400 mentiri
215 3358 297 3412 quam
316 3341 373 3412 pati
390 3344 527 3396 tormenta
544 3341 642 3396 uelint:
663 3341 702 3396 ito
719 3339 758 3411 fit,
776 3345 808 3396 ut
825 3343 909 3398 etiarn
926 3343 1003 3398 aerio
1021 3343 1104 3401 modo
1121 3341 1271 3414 fateantur,
1289 3347 1321 3399 nt
1338 3361 1393 3401 non
1409 3349 1517 3400 tantum

39 3440 71 3486 at
88 3448 129 3503 se,
146 3447 242 3488 uerum
261 3431 343 3487 etiam
361 3430 430 3486 alios
448 3431 633 3486 criminentur.
660 3430 807 3486 Praeterea
820 3431 990 3487 inimicorum
1003 3433 1156 3502 quaestioni
1171 3431 1241 3489 fides
1253 3431 1347 3490 haberi
1359 3448 1413 3490 non
1425 3433 1517 3504 debet,
1536 3415 1564 3489 οἱ

87 3521 156 3592 quia
172 3519 252 3576 facile
270 3520 446 3576 mentiuntur.
474 3535 525 3575 nec
544 3525 636 3576 tamen
654 3517 706 3575 sub
724 3523 870 3588 praetextu
889 3520 1091 3578 inimicitiarum
1110 3521 1279 3578 detrahenda
1290 3523 1342 3578 erit
1352 3521 1422 3579 fides
1433 3537 1517 3593 quae·

35 3618 71 3666 ut
88 3611 212 3680 ationis⁴,
235 3623 373 3680 causaque
396 3610 507 3680 cognita
529 3607 657 3664 habenda
679 3606 749 3664 fides
767 3613 887 3666 autnon
905 3607 1040 3668 habenda.
1076 3610 1145 3669 (lum
1169 3612 1231 3682 quis
1253 3612 1373 3668 latrones
1395 3611 1516 3682 tradidit,

88 3699 254 3772 quibusdam
272 3699 412 3770 rescriptis
430 3697 586 3754 continetur
603 3713 658 3753 non
677 3695 777 3753 debere
795 3695 878 3754 fidem
897 3697 991 3755 habers·
1009 3700 1050 3756 eis
1068 3700 1096 3756 in
1114 3715 1176 3772 eos,
1200 3701 1247 3772 qui
1265 3715 1313 3758 eos
1330 3700 1516 3758 tradiderunt:

87 3805 282 3876 carneo)

89 3958 151 4012 ¹in
175 3971 236 4012 eum
261 3957 308 4010 del.
379 3955 468 4010 ¹eius
487 3965 533 4010 ins.
552 3955 595 4022 (u.
608 3954 764 4028 Stephanos)
835 3954 1027 4012 ⁸confirmat?
1096 3958 1281 4029 ⁴quaestioni
1298 3959 1396 4028 (edulf

90 4111 104 4164 1
118 4107 143 4163 ai
156 4121 253 4162 seruus
265 4105 338 4170 bona
350 4104 404 4160 fide
417 4105 482 4160 mihi
494 4107 605 4176 seruiat]
623 4104 669 4161 tia
682 4106 779 4168 ΔοῨΛοο
831 4108 925 4163 ciuitas
939 4109 1116 4165 tscaaizcsrsr
1128 4110 1281 4176 B(Aacrr.):
1294 4111 1407 4183 cs.D.5‚
1418 4111 1441 4175 1,
1450 4111 1486 4166 53
1495 4119 1519 4167 ef

87 4179 228 4248 taadrproc
246 4179 308 4247 suus]
328 4178 406 4233 niorer
432 4178 543 4248 torteisp
563 4197 605 4232 uos
625 4179 686 4233 Rs:
711 4179 780 4250 quod
834 4181 897 4234 Osa.
906 4182 932 4245 9,
941 4181 985 4245 41,
996 4183 1018 4235 1.
1037 4188 1144 4236 ceterum
1162 4201 1218 4236 cum
1235 4182 1278 4238 liic
1296 4189 1390 4254 apator
1408 4183 1439 4237 ds
1454 4201 1518 4254 pro·

86 4247 779 4392 filitilitilt,„¹ttll,ttlliillitati?
823 4252 1519 4380 ititltlttluttlttlittttfltt

89 4413 242 4465 quanquam
251 4399 334 4463 polest
342 4398 494 4462 capitatione
502 4407 532 4446 su
549 4395 615 4462 pleri
635 4363 779 4447 3seruiF}
822 4393 949 4464 jaciendo
976 4397 1061 4460 (aliter
1084 4401 1159 4465 atquo
1173 4343 1210 4448 'ia
1233 4402 1375 4450 testimonio
1401 4396 1527 4462 diceudo)

88 4463 268 4528 torteiourdc
285 4483 333 4516 rrsr
352 4463 430 4516 nicres
444 4462 506 4533 κολιζι
547 4463 568 4516 S
621 4463 778 4518 filestimo·
830 4466 1270 4522 semocredtetiomaicetorsaeulis
1304 4466 1525 4522 2‘ItrahianusF

88 4538 152 4592 nius
166 4536 203 4588 F·
256 4533 400 4604 ‘iposse‘t'
412 4535 533 4604 torqueri
547 4536 583 4587 Ρ
598 4537 603 4602 Ι
619 4533 778 4590 trellanus
831 4535 866 4590 33
878 4537 976 4604 quouis
990 4537 1024 4590 F:
1037 4535 1105 4591 ders
1118 4535 1216 4592 uictos
1231 4538 1367 4601 scisceret
1380 4539 1517 4602 selaeseu

89 4609 141 4662 F2:
166 4605 182 4660 ὸ
206 4603 425 4674 eeioc’aapsstc
445 4611 449 4672 Ι
471 4605 553 4674 idem]
576 4615 614 4661 sic
637 4626 692 4660 cum
718 4607 778 4660 BS:
831 4607 880 4660 BS
929 4607 965 4662 35
983 4607 1167 4678 criminentur]
1188 4610 1294 4665 F²cam
1308 4610 1370 4664 BS:
1388 4608 1518 4681 suscepta

90 4676 206 4739 deiude
229 4677 358 4742 sacrario,
384 4677 448 4732 item
469 4679 494 4730 F
541 4677 723 4732 ildornrnodo
741 4677 778 4731 F¹
829 4675 984 4742 iratiuars,
1003 4681 1201 4736 comminentur
1218 4681 1254 4734 F¹
1276 4683 1281 4746 Ι
1303 4686 1463 4752 praetcrea
1481 4682 1520 4734 F’

90 4751 124 4806 13
143 4749 238 4803 dqu
277 4749 320 4803 ’14
334 4748 369 4803 de
381 4749 469 4804 seruit
481 4768 529 4802 cm.
542 4749 587 4814 F',
604 4748 778 4804 censarBS:
831 4749 866 4804 36
884 4749 936 4804 sub
955 4751 1109 4821 praetextu]
1122 4753 1159 4806 Ρ
1171 4772 1226 4808 cum
1239 4753 1300 4807 BS:
1317 4754 1357 4820 τῷ
1371 4753 1517 4824 apostoliu-

90 4821 171 4876 ὁπότε
191 4820 367 4876 itacssizecear
386 4819 450 4882 scic
474 4819 576 4874 ciserae
600 4819 662 4874 uari
683 4830 778 4874 tecno-
831 4839 888 4874 ιιιτι
907 4821 955 4876 silc
973 4821 1076 4894 ἓχθριο,
1101 4824 1124 4878 si
1142 4828 1286 4894 praetextu
1305 4825 1342 4878 F¹
1363 4827 1368 4890 Ι
1387 4825 1518 4880 inimicia·

90 4889 251 4962 τώκοῩχριὶ
268 4895 272 4957 ι
288 4891 568 4946 contra'cc'domincs
587 4890 622 4944 Ρ
672 4892 705 4946 21
725 4897 779 4946 tra·
831 4893 929 4948 tierum
949 4894 975 4946 F
1022 4895 1056 4949 3¹1
1075 4896 1222 4966 musaque]
1241 4897 1285 4960 1⁷,
1303 4895 1352 4950 sod
1370 4897 1517 4951 oausaF²=

90 4963 226 5020 hisnusF
265 4965 299 5018 22
312 4961 356 5032 ab]
369 4963 405 5018 ad
418 4963 455 5016 F¹
499 4965 533 5018 24
545 4962 658 5033 periculi
670 4977 779 5033 quoquo
831 4961 896 5018 iuti
914 4963 976 5018 sari
994 4965 1132 5031 triremos
1151 4967 1200 5024 RS
1252 4968 1288 5024 ³8
1304 4965 1406 5024 habers
1424 4969 1458 5022 F:
1476 4987 1517 5022 ιιι-

91 5037 160 5091 ratio
230 5033 353 5090 eiusdem
371 5031 568 5106 professionem
587 5035 720 5106 exstruat]
739 5034 777 5090 sai
833 5036 963 5099 creiscesr
982 5036 1031 5096 RS
