3728 5452
106 37 114 76 i

87 239 322 290 summumne
759 213 846 298 375
1035 199 1037 206 .
1204 224 1383 294 XXXVIIII
1406 227 1422 292 1
1444 233 1524 288 1-5

89 380 185 450 oppida
208 379 269 435 siue
292 385 372 434 extra
394 379 496 449 oppida
518 380 546 435 ln
568 379 641 435 uillis
663 380 709 435 uel
732 381 806 449 agris
829 395 900 450 opus
922 396 1024 437 nouum
1050 381 1112 454 fiat,
1139 383 1276 440 nuntiatio
1300 398 1334 438 ex
1357 381 1410 440 hoc
1433 383 1524 454 edicto

88 471 172 525 locum
191 469 286 538 habet,
304 471 365 524 siue
383 469 411 524 iu
428 469 537 538 priuato
555 469 615 524 siue
633 469 661 523 in
678 468 789 538 publico
807 483 877 538 opus
894 467 952 524 fiat.
988 470 1068 528 Nune
1085 472 1243 542 uideamus,
1262 471 1362 542 qulbus
1379 489 1415 528 ex
1432 474 1524 528 causis

89 557 133 614 iat
149 559 287 613 nuntiatio
305 562 335 612 et
352 571 423 628 quae
441 571 576 626 personae
594 556 721 611 nuntient
738 556 893 627 quibusque
915 559 1056 614 nuntIelur
1078 565 1107 616 et
1129 561 1156 615 ln
1180 560 1280 630 quibus
1303 562 1371 617 locis
1389 559 1439 616 liat
1455 577 1524 617 nun·

90 647 162 702 tatio
185 647 299 716 etquis
323 647 439 702 effectus
462 647 499 700 sit
521 645 708 700 nuntiationis.
745 645 887 701 NuntiatIo
910 645 942 702 lit
965 652 1015 703 aut
1036 649 1103 703 iuris
1126 649 1212 704 nostri
1235 650 1417 706 conseruandi
1439 665 1525 706 musa

91 741 134 790 aul
150 735 245 790 damni
262 735 418 804 depellendi
435 739 485 789 aut
501 733 605 803 publici
621 734 688 788 luris
706 734 801 790 tuendi
819 735 916 803 gratia
953 735 1118 792 Nuntiemus
1136 740 1254 808 autem¹,
1277 739 1402 808 quintus
1420 737 1524 808 aliquid
1542 748 1557 791 c

87 823 248 894 probibendi
265 822 413 878 habemus:
436 823 483 877 uel
500 827 531 876 ut
548 821 643 876 damni
665 820 760 876 iniecti
779 827 910 878 caueatur
927 824 1007 879 uobis
1026 823 1061 880 ab
1080 839 1126 894 eo,
1150 827 1196 894 qui
1215 825 1286 881 torte
1303 828 1333 882 in
1350 826 1460 897 publico
1478 827 1524 882 uel

85 913 115 967 iu
130 913 240 982 priuato
264 911 331 981 qnid
349 912 472 966 molitur:
496 913 545 966 aut
568 909 681 978 siquid
704 914 800 965 contra
822 911 898 980 loges
923 911 1049 967 edictaue
1071 913 1238 984 prinprum‚
1263 929 1334 984 quae
1358 915 1393 971 ad
1412 915 1523 971 modum

82 999 271 1056 aedibciornm
290 998 455 1069 factasunt,
473 998 529 1068 fiet,
548 998 591 1054 uel
610 999 638 1052 iu
656 1013 736 1054 sacro
753 999 798 1054 uel
816 1000 844 1054 iu
862 1000 922 1056 loco
940 1001 1083 1070 reilgioso,
1106 1003 1152 1057 uel
1169 1003 1216 1058 ln²
1233 1002 1343 1072 publico
1362 1005 1456 1074 ripaue
1473 1003 1523 1060 flu·

82 1090 180 1159 nuiuis,
204 1087 305 1158 quibus
327 1104 363 1144 er
386 1087 477 1144 causis
500 1093 529 1142 et
551 1086 697 1142 interdicta
719 1093 915 1157 proponuntur.
952 1089 1032 1156 Quod
1055 1091 1079 1144 si
1101 1091 1163 1160 quis
1186 1092 1215 1146 in
1239 1107 1314 1147 mare
1336 1094 1381 1148 uel
1399 1093 1524 1148 inlitora
1542 1102 1556 1142 ⁹

82 1176 221 1246 aediticet,
240 1178 304 1232 licet
322 1177 351 1233 ln
369 1191 419 1232 suo
437 1190 492 1232 non
510 1173 646 1244 aediticet,
666 1177 675 1244 ΙΙ
696 1177 754 1230 iure
773 1179 865 1232 umen
883 1177 1006 1246 gentium
1025 1193 1106 1233 suum
1125 1177 1217 1254 faulty
1228 1179 1252 1234 sl
1275 1181 1337 1250 quts
1355 1181 1440 1250 igitur
1457 1181 1524 1236 uelit
1541 1185 1557 1234 l.
1570 1187 1622 1234 lsa'

82 1265 124 1321 ibi
141 1264 333 1320 aedidcentem
352 1263 508 1335 probibere,
532 1263 607 1319 nullo
624 1265 683 1319 iure
701 1263 840 1334 probibet,
863 1279 953 1334 neque
976 1281 1046 1336 opus
1069 1281 1171 1322 nouum
1196 1268 1322 1323 nuntiare
1345 1269 1397 1324 nisi
1416 1284 1450 1324 er
1469 1285 1524 1326 une

82 1369 169 1410 ausa
185 1357 292 1424 polest,
317 1355 341 1408 si
359 1353 429 1410 forte
447 1353 540 1408 damni
558 1351 652 1408 iniecti
670 1353 737 1408 uelit
753 1351 805 1407 sibi
824 1354 924 1410 moen.
960 1355 1030 1410 lurIs
1054 1357 1140 1411 nostri
1163 1355 1346 1412 conseruandi
1364 1363 1413 1413 aut
1430 1357 1539 1432 damul

82 1443 240 1513 depellendi
262 1459 347 1498 eausa
371 1457 441 1512 opus
462 1456 565 1496 nouum
590 1441 716 1495 nuntiare
737 1448 830 1512 potest
851 1444 875 1498 is
898 1443 935 1498 ad
957 1457 1039 1512 quem
1062 1459 1107 1500 res
1128 1445 1256 1514 pertinet.
1299 1445 1524 1502 UsuIructuarins

82 1539 176 1587 antem
202 1547 273 1602 opus
297 1545 399 1587 nonum
425 1531 550 1586 nuntIsre
574 1544 625 1586 suo
649 1529 758 1585 nomine
779 1545 833 1586 uon
851 1535 958 1602 potest,
981 1531 1031 1586 sed
1053 1521 1240 1602 procuratorio
1264 1534 1374 1589 nemius
1397 1535 1523 1590 nuntIare

82 1623 199 1692 poterit,
223 1627 273 1676 aut
290 1619 430 1674 uindicare
447 1635 528 1674 usum
547 1617 665 1673 Iructum
684 1617 719 1672 ab
738 1633 771 1673 eo
790 1620 836 1689 qui
855 1635 924 1690 opus
943 1633 1044 1675 nouum
1063 1619 1160 1676 Inclat:
1183 1635 1254 1692 quac
1278 1622 1427 1680 uindicatio
1446 1637 1523 1694 prae·
1542 1632 1571 1673 1⁶

82 1709 170 1764 stabit
186 1709 222 1778 cl,
241 1709 315 1779 qnod
334 1710 393 1764 eius
410 1707 534 1762 interluit
551 1703 620 1776 opus
638 1721 740 1762 nouum
759 1705 861 1764 iactum
881 1723 936 1763 non
954 1723 1025 1764 osse.

134 1799 280 1853 innisus
296 1797 367 1852 libro
383 1796 613 1866 quadragensimo
631 1811 704 1852 nono
721 1796 899 1865 digestorum.
936 1795 965 1851 Si
983 1803 1075 1852 autem
1097 1797 1208 1852 domiuo
1225 1797 1331 1867 praedii
1349 1794 1523 1881 Q
1542 1803 1577 1858 'S

82 1887 260 1955 nuntiauerIt,
279 1885 383 1940 Inutilis
401 1885 453 1939 erit
470 1885 618 1940 nuntiatio:
638 1899 726 1954 neque
744 1886 815 1940 enirn
834 1886 906 1940 sicut
924 1885 1058 1940 aduersus
1076 1886 1210 1956 motuum,
1229 1887 1268 1940 ita
1286 1886 1420 1942 aduenas
1437 1886 1524 1941 domi-

82 1991 148 2030 uum
166 1989 251 2044 agere
270 1978 362 2044 potest
379 1974 422 2028 ius
440 1973 466 2028 ei
484 1987 538 2029 non
557 1988 619 2028 esse
637 1973 725 2028 inuito
744 1989 775 2028 se
794 1974 875 2029 altius
894 1972 1053 2029 aedificare:
1072 1974 1122 2030 sed
1134 1984 1158 2029 si
1172 1974 1224 2030 lroc
1241 1973 1316 2032 iacto
1334 1989 1400 2030 usus
1418 1972 1524 2030 Iructus

82 2064 203 2119 deterior
221 2061 276 2132 bet,
294 2067 390 2132 petere
408 2077 489 2116 usum
507 2061 625 2118 fructum
644 2061 764 2117 debebit.
1542 2077 1570 2117 ac

135 2152 289 2208 Unrsauus
311 2151 380 2206 libro
403 2151 650 2220 quinquagensimo
674 2150 796 2206 secundo
818 2150 855 2205 ad
874 2150 1003 2207 edictum.
1040 2151 1071 2206 In
1089 2149 1249 2221 proulnclali
1267 2151 1350 2206 etiam
1368 2151 1525 2220 praedicet
1554 2149 1583 2205 II

82 2241 149 2311 quid
166 2239 230 2310 liat,
254 2239 345 2308 operis
368 2241 433 2294 noui
457 2241 593 2295 nuntiatio
617 2241 707 2295 locum
732 2235 852 2294 habebit.
889 2238 919 2294 Si
937 2241 965 2294 in
983 2239 1043 2295 loco
1063 2240 1197 2295 communi
1216 2238 1282 2308 quid
1300 2237 1363 2310 liat,
1389 2239 1524 2295 nuntiatio

82 2333 172 2386 locum
192 2327 306 2384 babebit
323 2328 457 2384 maerens
474 2329 621 2384 uicinum⁸.
648 2329 730 2397 plane
748 2329 772 2382 si
788 2343 861 2383 unus
879 2333 1002 2383 nostrum
1020 2328 1049 2383 ln
1061 2327 1199 2384 communi
1210 2328 1270 2382 loco
1282 2325 1375 2396 saciat,
1394 2343 1449 2383 non
1461 2343 1524 2397 pos-

82 2433 142 2474 sum
162 2433 218 2487 ego
236 2419 328 2472 socius
351 2431 420 2486 opus
443 2431 544 2472 nouum
568 2417 594 2470 ei
617 2417 758 2484 nuntiare,
783 2416 832 2471 sed
856 2432 918 2472 cum
943 2416 1093 2488 prohibebo
1117 2416 1256 2472 communi
1279 2415 1348 2471 dlui·
1367 2412 1524 2502 [Q
1594 2402 1597 2410 ’

82 2506 177 2563 lunda
201 2505 303 2561 iudicio
326 2507 370 2560 uel
393 2521 442 2576 per
465 2507 628 2575 praetorem.
666 2505 787 2570 Quodsi
809 2506 901 2560 socius
923 2520 1001 2561 meus
1024 2506 1052 2560 in
1069 2505 1208 2560 communi
1226 2505 1316 2561 Insula
1333 2521 1403 2576 opus
1421 2521 1523 2562 nouum
1542 2514 1571 2556 sn

82 2595 167 2652 iaciat
185 2601 215 2648 ct
232 2609 285 2664 ego
303 2595 440 2664 propriam
458 2593 584 2662 habeam,
602 2593 646 2647 cui
665 2596 788 2664 uocetur,
806 2610 842 2648 an
860 2609 930 2664 opus
948 2609 1049 2649 nouum
1068 2594 1194 2649 nuntiare
1209 2594 1234 2648 ei
1248 2594 1374 2662 possIm'l
1399 2598 1429 2650 et
1445 2601 1525 2666 putat

82 2685 178 2740 Labeo
195 2698 252 2738 non
271 2697 353 2753 posse
370 2685 503 2753 nuntiare,
523 2684 588 2752 quia
605 2697 718 2752 possum
737 2697 800 2736 eum
818 2683 995 2738 alienatione
1014 2682 1158 2752 probibere
1176 2679 1330 2751 aedificare,
1348 2681 1401 2738 hoc
1420 2687 1462 2738 est
1479 2684 1524 2739 uel

82 2789 129 2842 per
153 2778 309 2843 praetorem
334 2773 378 2828 uel
401 2787 451 2842 per
473 2771 604 2826 arbitrum
628 2771 766 2826 communi
789 2769 955 2826 diuidundo:
979 2786 1050 2841 quac
1074 2771 1211 2838 sententia
1235 2785 1302 2826 uera
1324 2776 1375 2826 est.
1418 2771 1447 2827 Si
1471 2787 1523 2842 ego

82 2859 289 2932 superficiarius
312 2861 363 2915 sim
382 2865 497 2932 etopus
514 2877 617 2917 nouum
635 2858 684 2914 liat
702 2875 719 2914 a
736 2859 842 2929 uicino,
866 2875 901 2914 an
919 2861 1022 2929 posslm
1046 2860 1192 2915 nuntiare?
1221 2864 1328 2929 mouet,
1352 2861 1426 2929 quod
1445 2861 1524 2931 quasi

82 2949 233 3020 nquitlnus
251 2965 324 3004 sum:
343 2949 393 3004 sed
411 2955 521 3018 praetor
538 2948 603 3004 mibi
621 2949 715 3003 utilem
733 2949 761 3003 ln
780 2963 837 3003 rem
856 2949 991 3003 actionem
1011 2948 1067 3019 dat,
1086 2953 1114 3003 et
1131 2948 1194 3004 ideo
1207 2953 1236 3003 et
1247 2949 1420 3004 seruitutinm
1439 2965 1524 3006 causa
1541 2959 1570 3000 so

82 3041 155 3095 ectio
173 3038 241 3094 mibi
259 3037 369 3093 dabitur
386 3043 415 3092 et
433 3038 523 3107 cperls
541 3038 606 3092 noui
624 3037 759 3092 nuntiatio
778 3036 861 3092 debet
878 3035 944 3092 mibi
963 3037 1085 3093 concedi.
1122 3035 1152 3092 Si
1169 3037 1198 3092 in
1216 3035 1326 3106 publico
1345 3037 1448 3108 aliquid
1465 3037 1523 3109 fiat,

82 3143 179 3184 amnes
197 3127 274 3182 cinea
292 3141 362 3196 opus
379 3141 481 3182 nouum
500 3126 626 3182 nuntiare
643 3130 773 3195 possunt:

133 3217 258 3272 Paucos
274 3216 344 3272 libro
361 3215 591 3285 quadragensimo
609 3220 709 3270 octauo
727 3213 763 3268 ad
781 3212 909 3269 edictum.
946 3227 1010 3268 nam
1028 3211 1211 3284 reipublicae
1229 3214 1345 3269 interest
1363 3211 1522 3300 [Q
1553 3219 1581 3274 E

82 3321 165 3376 quam
183 3306 316 3375 plurimos
335 3305 370 3360 sd
388 3302 588 3360 defendendam
607 3319 685 3360 suam
704 3317 816 3356 causam
834 3301 987 3358 admittere.
1540 3315 1571 3355 su

134 3394 289 3450 Uarrruus
307 3393 375 3448 libro
393 3393 639 3462 quinquagensimo
657 3390 779 3446 secundo
798 3390 833 3446 ad
851 3391 980 3446 edictum.
1011 3391 1054 3446 Dc
1071 3391 1174 3461 pupillo
1188 3391 1347 3480 *quaesitum
1365 3387 1522 3476 [fija-Iu]
1553 3396 1581 3452 Ii

82 3491 135 3539 cst:
162 3489 192 3536 et
211 3481 332 3537 lulianus
349 3479 418 3538 libro
436 3481 599 3536 duodecimo
618 3481 787 3550 digestorum
811 3479 922 3549 scripsit
943 3480 1047 3550 pupillo
1071 3495 1125 3534 non
1143 3495 1205 3535 esse
1223 3481 1314 3550 operis
1332 3482 1397 3536 noui
1415 3482 1522 3536 nuntia·

82 3571 166 3628 bonis
185 3571 376 3626 executionem
394 3570 527 3639 dandam,
552 3569 605 3624 nisl
627 3569 664 3623 ad
681 3567 768 3637 ipsius
792 3569 930 3638 priuatum
955 3567 1127 3623 commodum
1152 3584 1197 3624 res
1220 3570 1371 3639 pertineat,
1395 3570 1480 3624 ueluti
1498 3570 1523 3625 si

82 3659 233 3716 luminibus
251 3660 311 3714 eius
328 3657 464 3714 elucratur
483 3663 531 3713 aut
549 3659 707 3728 prospectui
724 3655 804 3712 obsit.
832 3671 886 3712 non
905 3658 983 3712 aliter
1000 3663 1092 3712 autem
1111 3657 1208 3726 pupilli
1226 3663 1286 3712 rata
1297 3657 1443 3713 habebitur
1454 3673 1522 3713 nun·

82 3750 161 3804 tiatio
180 3763 265 3818 quam
282 3746 468 3802 intercedente
485 3753 577 3802 tutore
596 3755 716 3802 auctore.
753 3745 840 3801 Seruo
863 3751 955 3800 autem
978 3761 1049 3815 opus
1071 3759 1173 3800 nouum
1197 3747 1316 3801 nuntiari
1333 3751 1437 3816 potest,
1462 3747 1522 3816 ipsc

82 3853 149 3894 nero
167 3835 296 3891 nuntiare
313 3849 368 3890 nou
386 3840 479 3905 potest
502 3849 591 3904 neque
614 3835 748 3890 nuntiatio
771 3835 855 3890 ullum
879 3835 1007 3892 effectum
1030 3833 1122 3889 habet.
1159 3835 1364 3890 Nuntiutionem
1382 3839 1475 3890 autern
1493 3835 1522 3890 in
1540 3847 1569 3888 sc

82 3943 110 3982 re
128 3925 271 3996 praesenti
289 3921 441 3979 iaciendum
461 3925 618 3978 meminisse
636 3922 785 3993 oportebit,
804 3922 833 3977 id
851 3928 894 3978 est
912 3939 944 3978 eo
963 3922 1030 3992 loci,
1050 3920 1097 3977 ubi
1115 3937 1185 3993 opus
1203 3921 1265 3994 liat,
1290 3923 1349 3978 siue
1368 3924 1429 3992 quis
1447 3923 1521 3979 sedi-

82 4014 148 4070 bcet
166 4015 227 4068 siue
245 4011 355 4068 inchoet
372 4010 526 4067 aedificare.
554 4012 679 4067 Nuntiari
697 4016 789 4066 autem
808 4027 862 4066 non
881 4011 976 4081 utique
994 4010 1105 4066 domino
1129 4016 1250 4082 oportet:
1274 4009 1375 4066 suflicit
1398 4012 1469 4067 enim
1493 4012 1522 4068 iu

82 4119 110 4160 re
129 4101 272 4174 praesenti
290 4101 409 4155 nuntiari
427 4101 466 4170 ei,
485 4099 532 4170 qul
550 4101 578 4155 ln
596 4115 626 4155 re
644 4101 783 4170 praesenti
801 4099 896 4169 tuerit,
916 4099 1105 4170 usqueadeo,
1129 4104 1161 4154 ut
1178 4099 1261 4154 etiam
1279 4097 1365 4157 iabrIs
1382 4101 1426 4157 uel
1445 4099 1521 4170 opili-

82 4206 304 4278 IYXYQMOO)

83 4355 91 4386 ¹
111 4347 305 4418 autem1aut'l
375 4347 515 4402 ¹llumine
535 4356 581 4402 ins.
601 4350 644 4420 (cs.
656 4367 682 4420 p.
691 4347 745 4402 374
756 4369 781 4403 a.
791 4349 836 4415 11)
906 4349 918 4384 ⁸
938 4347 1066 4418 uicinum]
1086 4349 1253 4418 utrumque?

82 4489 185 4546 tabet
204 4490 245 4550 Fi
265 4505 338 4544 nunc
357 4488 510 4558 uideamus]
527 4488 679 4554 XYMOG,
703 4505 776 4544 nirnc
831 4491 865 4545 19
888 4490 911 4544 sl
935 4509 983 4544 cm.
997 4491 1041 4556 Fi
1063 4489 1124 4558 hoel
1149 4490 1217 4546 haec
1240 4489 1277 4542 F¹
1299 4493 1302 4556 Ι
1325 4489 1483 4546 usufructus
1502 4491 1528 4544 F

82 4563 227 4630 [uuuqm
240 4559 415 4628 uidemusl'l
431 4575 529 4614 causas
539 4562 576 4613 F·
619 4559 777 4616 blocistiut
830 4563 866 4616 to
882 4560 940 4630 fiet]
953 4560 1002 4616 liat
1016 4563 1052 4614 F2
1105 4562 1140 4616 22
1157 4562 1362 4616 inlocommuni
1375 4564 1529 4635 Fisupplj

82 4633 230 4700 nuntiatio]
239 4632 307 4686 locis
317 4630 396 4685 fatiat
405 4633 538 4686 nuntiatio
548 4631 585 4684 F·
629 4631 776 4702 lmolitur]
831 4653 941 4688 macen
954 4633 1044 4694 XIII)
1095 4633 1130 4686 25
1176 4637 1319 4688 *raetorum
1338 4634 1375 4686 F’
1421 4633 1457 4688 26
1474 4632 1522 4688 ha·

82 4703 246 4760 moditurl'·
262 4705 266 4769 Ι
281 4703 431 4772 principum
440 4704 476 4756 F·
494 4703 777 4774 aproponunturrl,
830 4702 929 4758 bc*a⁴m
948 4704 986 4756 Ρ
1030 4704 1065 4758 29
1083 4717 1153 4774 opus
1181 4719 1246 4758 orus
1265 4705 1290 4757 F
1332 4705 1367 4759 30
1384 4703 1522 4774 lnqui's'li·

82 4775 299 4848 pronunciantur
317 4775 349 4828 X
351 4773 483 4839 YQMOO
539 4773 777 4829 1010111111-
832 4789 883 4830 nius
903 4774 938 4826 Ε*
984 4775 1017 4829 31
1038 4773 1201 4829 debe'a'tffl
1217 4778 1221 4841 Ι
1237 4775 1318 4830 siun
1332 4773 1368 4828 Fl
1412 4777 1447 4831 32
1464 4790 1522 4832 om·

82 4855 128 4902 net
146 4847 184 4900 Ρ
231 4847 263 4900 11
282 4844 492 4900 aedificantem
512 4845 547 4897 F‘
596 4847 630 4900 12
649 4845 701 4900 siui
715 4846 775 4914 Μ
830 4843 927 4901 nes‘es’
941 4847 978 4899 Ρ
1035 4846 1071 4900 40
1088 4844 1239 4900 nuntlar'e'i
1257 4844 1320 4952 Ill
1341 4847 1467 4902 effectum
1485 4848 1523 4900 F·

82 4916 267 4975 conserbaudi
294 4917 320 4970 F
341 4920 404 4981 (em.
416 4920 453 4988 j)
528 4917 562 4972 13
589 4917 714 4972 nunlicre
741 4917 777 4970 ΓΙ
830 4918 866 4973 41
884 4917 1060 4973 meminisse
1077 4917 1114 4971 Ε*
1130 4917 1135 4986 Ι
1151 4922 1195 4972 ast
1211 4918 1305 4974 *ebF

82 4986 298 5046 undantius
321 4987 359 5042 Fa
379 4991 383 5055 Ι
404 4986 485 5044 se's'd
503 4986 539 5040 F⁵
594 4989 629 5044 18
653 4989 723 5044 ucat
741 4987 778 5042 F¹
