3638 5460
262 242 396 311 XXXVI
418 245 438 309 3
458 251 537 306 1-2
934 235 1022 316 266
1207 261 1253 308 un
1273 257 1396 308 nnoar.
1413 259 1477 308 sno
1494 258 1697 308 rmmcorns

215 409 244 456 ιο
263 402 384 458 stitutus.
411 401 565 457 Bellissime
582 402 731 473 quaeritur,
750 417 786 458 an
804 399 872 456 baec
890 399 1031 471 stipulatio
1048 399 1243 456 incrementum
1262 413 1297 455 ex
1314 396 1449 456 ductibus
1466 399 1513 454 nel
1530 399 1624 454 usuris
1642 413 1700 455 sen-

262 491 322 546 tiat.
350 496 379 546 et
397 495 471 546 recte
489 491 592 560 placuit
609 506 644 546 ex
663 505 741 547 mora
757 491 955 545 incrementum
973 488 1128 546 habituram
1146 489 1362 559 stipulationem,
1381 495 1410 543 at
1425 487 1455 543 id
1472 487 1549 558 qnod
1564 486 1701 558 oportebit

214 587 244 634 14
262 579 474 648 conprehendat.
511 578 620 650 Siquis
638 579 691 635 sub
713 578 874 634 condicione
897 579 1018 648 legatum
1043 579 1190 648 stipulatus
1207 577 1345 649 pendente
1363 576 1524 633 condicione
1542 575 1700 647 decesserit,

262 668 403 738 stipulatio
421 669 575 740 euanescit,
599 669 665 740 quia
688 683 737 723 nee
760 668 878 738 legatam
901 666 1103 722 transmittitur.
1131 665 1195 722 haio
1219 667 1405 738 stipulationi¹
1424 665 1538 722 easdem
1556 681 1657 722 caesar
1674 669 1702 720 et

263 755 436 813 condiciones
454 758 544 812 inesse
562 757 703 813 sciendum
722 761 779 812 est:
797 754 912 826 proinde
930 756 954 810 si
972 770 1028 826 qua
1045 757 1082 812 sit
1099 756 1234 827 exceptio,
1252 770 1324 826 quae
1340 755 1440 827 petenti
1457 755 1581 824 legatum
1599 755 1730 826 opponis

214 852 243 900 ro
262 845 340 915 solet,
359 845 475 901 eandem
493 861 528 902 ex
546 846 678 916 stipulatu
696 859 806 914 quoqne
824 845 919 913 wenti
937 844 1130 914 opponendam
1148 859 1210 901 esse
1228 845 1328 916 placet.
1365 843 1539 900 Pmeuratori
1557 843 1632 914 eius,
1654 845 1701 915 qui

262 933 362 989 absens
380 948 442 990 esse
461 934 574 1006 dicitur,
599 935 623 990 si
641 933 783 1004 stipulanti
805 933 889 1001 legati
913 933 1024 989 nomine
1041 933 1176 1004 spondeat
1193 933 1287 1004 heres,
1310 930 1405 989 Ofilius
1424 933 1463 988 ait
1479 933 1519 988 ita
1536 949 1639 990 cauere
1655 934 1701 990 de·

214 1031 243 1078 16
263 1021 341 1094 bere,
365 1023 388 1077 si
406 1023 445 1094 is,
470 1024 548 1079 cuius
566 1023 676 1079 nomine
694 1026 806 1092 causat,
829 1022 920 1092 uiuat,
943 1021 1072 1077 uidelicet
1095 1036 1131 1077 ne
1153 1027 1281 1084 teneatur
1302 1022 1349 1078 illo
1370 1025 1432 1077 ants
1454 1020 1595 1079 damnato.
1631 1023 1700 1080 Item

262 1111 410 1182 quaeritur,
428 1112 457 1168 in
473 1111 545 1168 banc
562 1111 767 1182 stipuletionem
785 1113 878 1165 utrum
896 1111 973 1181 ipsae
991 1125 1036 1166 res
1053 1111 1168 1166 ueniant
1184 1125 1256 1181 quae
1273 1109 1382 1180 legatae
1401 1115 1467 1167 sunt
1483 1127 1520 1166 an
1532 1125 1600 1168 nero
1612 1113 1701 1183 pretia

213 1207 243 1255 ll
262 1215 364 1256 earnm.
393 1205 421 1256 et
438 1204 482 1256 est
499 1201 591 1255 nemus
609 1201 637 1255 in
655 1199 726 1255 hanc
744 1199 949 1269 stipuatiouem
966 1215 1011 1256 res
1028 1201 1074 1255 uel
1092 1200 1181 1270 pretia
1198 1199 1306 1254 deduci.
1336 1197 1366 1255 Si
1384 1199 1480 1255 decem
1498 1214 1570 1270 qnae
1589 1201 1619 1256 in
1636 1216 1700 1256 arca
1717 1208 1772 1246 ¹⁸·

261 1295 340 1344 erant
357 1287 423 1348 mihi
440 1290 533 1360 legata
550 1290 618 1360 sint,
641 1288 692 1344 tibi
715 1303 809 1344 corum
834 1287 1025 1344 ususfructus
1047 1289 1223 1358 legatussit,
1246 1288 1270 1343 si
1293 1302 1362 1358 pure
1385 1288 1494 1358 utrique
1515 1289 1640 1358 legatum
1663 1291 1700 1346 sit

263 1377 273 1448 l
292 1378 431 1448 relictum,
455 1379 479 1434 is
497 1378 542 1434 cui
559 1378 712 1449 proprietas
730 1379 822 1447 legata
840 1383 884 1432 est
901 1377 961 1447 ipso
979 1378 1038 1433 iure
1056 1377 1152 1432 decem
1171 1375 1336 1446 uindicabit,
1353 1373 1533 1432 fructuarium
1550 1383 1647 1434 autem
1665 1379 1729 1434 ext

260 1468 517 1523 senatusconsulto
539 1472 664 1523 acturum
688 1472 717 1524 et
740 1467 861 1537 quinque
884 1463 1101 1521 usumfructum
1124 1466 1274 1536 petiturum
1297 1469 1414 1520 constat.
1442 1464 1493 1520 sed
1516 1480 1580 1522 cum
1603 1466 1699 1522 decem

260 1555 384 1610 uindicat
399 1557 604 1627 proprietarius,
621 1571 671 1626 per
683 1557 873 1626 exceptionem
886 1554 942 1610 doli
958 1555 1062 1625 repelli,
1080 1555 1154 1624 ¹qua
1165 1552 1330 1610 normanus
1342 1553 1377 1609 de
1388 1553 1566 1610 restituendis
1578 1555 1700 1625 quinque

260 1643 355 1700 heredi
372 1643 455 1700 cauit.
481 1644 563 1713 plane
581 1644 604 1699 sl
623 1645 719 1700 decem
737 1659 882 1700 aureorum
900 1643 1104 1714 possessionem
1121 1644 1272 1713 legatarius
1290 1641 1399 1713 babeat,
1417 1641 1562 1699 llarcsllus
1576 1643 1617 1699 ait
1633 1643 1699 1699 dan-
1717 1641 1811 1690 Ιτ-Ξ

260 1733 324 1788 dam
342 1733 387 1788 uel
405 1732 499 1788 heredi
516 1733 561 1788 nel
578 1731 727 1790 fructuario
746 1734 838 1790 utilem
858 1733 995 1788 actionem
1013 1731 1042 1786 in
1059 1731 1231 1803 legatarium,
1252 1731 1276 1788 si
1294 1731 1377 1787 modo
1395 1731 1421 1787 ei
1439 1737 1580 1788 causatu.
1608 1732 1700 1788 sedai

260 1819 312 1876 snb
330 1819 490 1877 condicione
508 1822 534 1877 ei
551 1821 647 1878 decem
665 1823 758 1892 legata
775 1823 839 1893 sint,
858 1820 1037 1877 fructuarium
1055 1820 1164 1876 interim
1180 1820 1275 1876 decem
1288 1819 1382 1876 oblata
1393 1821 1521 1876 cautione
1532 1818 1699 1890 habiturum,

260 1909 393 1980 legatario
410 1925 490 1982 nero,
512 1911 556 1966 cui
573 1912 727 1982 proprietas
745 1911 840 1967 relicta
857 1916 909 1980 est,
927 1909 1035 1966 iuterim
1053 1909 1207 1979 legatorum
1225 1909 1367 1981 stipulatio
1384 1909 1552 1980 praestanda
1568 1912 1622 1965 est
1649 1909 1699 1966 sed

260 1998 285 2053 si
302 1998 425 2054 omiserit
442 1999 659 2070 stipulationem,
682 2000 818 2055 existente
836 1999 997 2056 condicione
1014 1997 1050 2054 ad
1068 1997 1254 2054 exhibendum
1272 2013 1335 2054 eum
1352 2013 1436 2070 posse
1453 2013 1536 2068 agere
1554 1998 1699 2055 llareessna

260 2087 308 2142 ait.
336 2087 386 2142 sed
404 2088 428 2142 si
445 2087 575 2158 ignorans
592 2088 673 2144 heres
690 2089 813 2159 legatum
831 2089 928 2143 decern
946 2085 1097 2142 fructuario
1115 2085 1200 2157 dedit,
1219 2087 1254 2142 ad
1267 2086 1450 2144 exhibendum
1467 2101 1531 2143 eum
1543 2102 1601 2144 non
1611 2088 1727 2144 teneris
1816 2098 1819 2103 ·

211 2183 241 2230 lt
259 2176 350 2246 palam
373 2181 429 2232 est:
459 2177 672 2234 succurrendum
699 2183 792 2234 mmen
821 2177 953 2248 legatario
982 2175 1117 2232 aduersam
1144 2174 1324 2232 fructuarium
1351 2177 1494 2232 llaroellus
1516 2176 1564 2231 ait.
1607 2174 1638 2233 Si
1663 2175 1698 2232 ad

259 2262 357 2320 liscum
374 2267 463 2335 portio
480 2266 641 2323 hereditatis
658 2267 822 2338 peruenerit,
841 2264 962 2322 cessabit
977 2266 1033 2320 ista
1050 2265 1199 2336 stipulatio,
1218 2265 1284 2335 quia
1299 2279 1351 2320 neo
1365 2265 1436 2321 solet
1453 2262 1615 2348 ss.41,a‚s
1625 2276 1698 2324 rene

212 2359 240 2405 ro
259 2352 344 2410 flacus
361 2355 504 2412 satisdare.
533 2355 585 2423 Qui
604 2356 735 2412 minorem
753 2359 860 2426 partem
879 2354 1038 2410 hereditatis
1056 2353 1189 2425 possidet,
1208 2368 1271 2410 cum
1289 2368 1325 2410 ex
1343 2354 1446 2410 maiore
1463 2359 1542 2425 parts
1554 2353 1635 2412 heres
1653 2356 1698 2426 stt,

259 2443 283 2498 si
301 2443 411 2514 quidem
429 2445 490 2515 ipso
508 2445 567 2500 iure
585 2445 724 2500 minuatur
741 2444 830 2515 portio
847 2443 1022 2514 hereditatis,
1045 2443 1169 2500 securior
1186 2437 1239 2498 erit
1255 2443 1348 2500 heres:
1370 2457 1461 2514 neque
1477 2444 1569 2499 euim⁸
1587 2458 1623 2500 ex
1641 2459 1698 2500 ma·

259 2533 316 2588 iore
333 2537 411 2604 parte
429 2548 465 2589 ex
481 2533 613 2604 stipulatu
632 2537 741 2589 tenetur
757 2531 911 2603 legatariis,
930 2545 1013 2602 quam
1031 2547 1066 2588 ex
1084 2547 1140 2603 qua
1157 2532 1237 2588 heres
1254 2538 1312 2588 est:
1336 2533 1361 2588 si
1381 2547 1448 2590 uero
1466 2545 1568 2589 nomen
1585 2531 1698 2603 quidem
1724 2558 1749 2565 -ψ

258 2621 367 2678 heredis
386 2623 460 2692 apud
477 2637 525 2677 eoa
544 2623 681 2692 integrum
700 2627 822 2691 maneat,
846 2625 1036 2678 cerumtamen
1058 2621 1157 2678 effectu
1181 2621 1272 2677 minus
1289 2621 1411 2678 habeant
1428 2621 1589 2678 hereditatis
1607 2628 1637 2679 et
1653 2638 1697 2679 oa·

259 2710 350 2767 neunt
366 2712 519 2780 legatorum
537 2712 655 2781 nornine,
674 2711 803 2767 uidentur
820 2711 936 2781 onerari,
954 2711 1020 2780 quia
1037 2709 1098 2782 ipso
1116 2712 1176 2767 iure
1193 2727 1243 2782 pro
1260 2725 1295 2768 ea
1310 2715 1390 2782 parte
1407 2711 1501 2780 legata
1517 2710 1629 2783 debent,
1647 2725 1697 2783 pro

258 2815 314 2869 qua
332 2797 447 2855 heredes
465 2799 528 2856 sint.
557 2799 606 2855 aed
624 2801 696 2856 enim
715 2801 911 2870 aequissimum
930 2805 1046 2856 estnon
1064 2801 1194 2856 maiorem
1207 2805 1314 2871 partem
1326 2801 1467 2870 legatariis
1479 2801 1597 2872 soluere,
1614 2817 1697 2873 quam

259 2889 337 2944 cuius
355 2887 458 2943 habent
474 2889 696 2945 emolumentum.
723 2888 776 2944 hoo
799 2893 892 2944 autem
915 2889 1020 2958 euenit,
1044 2905 1108 2945 eum
1131 2889 1268 2946 hereditas
1288 2903 1339 2959 pro
1363 2890 1456 2960 aliqua
1476 2895 1555 2960 parte
1577 2905 1614 2946 ex
1630 2891 1696 2947 ure-

258 2975 376 3032 belliano
394 2978 560 3032 restituitur:
579 2993 642 3034 nam
661 2991 712 3048 pro
730 2983 791 3033 rata
808 2977 975 3034 exonerandi
993 2982 1058 3033 sunt
1076 2977 1192 3034 heredes
1209 2979 1269 3034 eius
1286 2978 1373 3048 partis
1387 2979 1507 3048 nomine,
1525 2979 1606 3035 cuius
1623 2993 1696 3036 emo-

209 3072 240 3120 ao
258 3066 409 3121 iumentum
427 3065 481 3121 sibi
498 3065 620 3122 ablatum
639 3071 690 3122 est.
721 3065 751 3122 Si
769 3068 803 3137 ei,
822 3067 916 3136 quiin
933 3067 1046 3122 altedm
1063 3070 1201 3137 potestate
1219 3067 1279 3137 erit,
1296 3067 1402 3122 incerta
1413 3067 1459 3122 die
1469 3068 1593 3137 legatum
1605 3066 1696 3140 inerit,

258 3153 401 3216 cauebitur
418 3155 452 3225 ei,
471 3155 518 3224 qui
535 3154 619 3210 habet
636 3169 699 3210 eum
716 3155 745 3210 in
762 3159 915 3226 potestate,
933 3170 988 3211 non
1006 3155 1144 3226 praecise,
1168 3155 1218 3211 sed
1235 3153 1288 3211 sub
1305 3155 1467 3212 condicione
1484 3154 1529 3226 bt,
1553 3171 1619 3212 oum
1636 3158 1696 3214 eins

258 3243 350 3314 'legati
368 3243 428 3298 dies
446 3241 532 3313 cedit,
556 3243 585 3298 in
602 3247 740 3314 potestate
758 3243 810 3300 sit’.
838 3249 958 3300 ceterum
977 3244 1002 3299 si
1024 3245 1068 3300 sui
1090 3245 1157 3300 iuris
1180 3244 1348 3314 inueniatur,
1371 3244 1495 3315 iniquum
1518 3259 1582 3301 esse
1604 3246 1695 3303 ιιιοιιιιι

257 3335 300 3388 est
317 3332 390 3402 patri
407 3334 519 3387 cautum
538 3345 608 3402 esse,
627 3347 688 3388 cum
707 3333 753 3388 alii
771 3333 892 3403 legatum
911 3332 1058 3402 debeatur,
1076 3347 1243 3404 quamquam
1261 3333 1314 3388 elsi
1331 3333 1390 3388 sine
1407 3332 1460 3388 hac
1477 3333 1634 3391 adiectione
1651 3349 1695 3392 oa-

257 3426 380 3491 ueretur,
399 3423 512 3476 uernm‘
529 3426 624 3476 tamen
641 3421 801 3492 exceptione
817 3425 924 3492 patrem
944 3421 989 3476 uel
1006 3421 1148 3478 dominum
1166 3420 1407 3492 submoneremus,
1426 3422 1450 3478 si
1468 3422 1614 3480 emmaus
1632 3437 1694 3480 eon·
1716 3452 1718 3455 v

256 3509 372 3566 dicionis
388 3514 512 3580 tempore
530 3525 585 3566 non
602 3509 735 3566 haberent
752 3525 801 3566 eos
818 3511 847 3565 in
865 3513 1011 3580 potestate.
1038 3511 1132 3566 euenit
1149 3514 1242 3566 minen
1260 3510 1411 3566 secundum
1425 3509 1486 3580 hoc,
1503 3515 1536 3566 ut
1553 3512 1583 3568 in
1599 3526 1694 3569 omnm

256 3613 311 3655 non
329 3600 367 3654 sit
383 3599 418 3656 de
436 3601 523 3672 lepato
542 3605 667 3656 cautum:
690 3615 754 3655 nam
777 3599 802 3655 si
825 3599 969 3656 existentis
992 3599 1161 3656 condicionis
1178 3603 1302 3670 tempore
1320 3600 1364 3656 sui
1381 3599 1448 3656 iuris
1466 3605 1544 3672 sunt,
1569 3616 1627 3658 non
1644 3601 1695 3659 erit

255 3693 376 3744 cautum.

219 3777 238 3835 2
309 3778 490 3834 Psamrauus
513 3775 582 3833 libro
605 3775 756 3832 uicensimo
779 3779 879 3833 oetam
902 3777 1103 3846 quaestionum.
1139 3778 1197 3834 Neo
1219 3777 1244 3833 sl
1260 3775 1332 3834 forte
1350 3778 1418 3834 uelit
1434 3783 1513 3850 pater
1531 3793 1633 3837 cauere
1649 3795 1695 3838 ne

256 3866 357 3922 minem
375 3867 492 3937 amplius
509 3865 668 3936 petiturum,
686 3865 892 3936 compellendus
910 3866 963 3922 erit
979 3865 1060 3924 heres
1077 3867 1209 3938 legatum,
1226 3865 1301 3937 quod
1318 3867 1373 3923 um
1391 3865 1464 3924 filius
1481 3872 1578 3940 petere
1595 3873 1695 3942 potest,
1712 3869 1801 3917 θ’

255 3953 301 4010 alii
318 3969 399 4025 quma
416 3955 462 4010 cui
479 3954 596 4011 debetur
613 3953 764 4011 exsoluere.

254 4067 497 4137 mwaaoroa)

256 4233 265 4267 ¹
284 4235 313 4286 et
330 4230 482 4300 legatorum
501 4229 602 4286 actioni
621 4239 668 4285 tna.
737 4231 749 4267 ¹
767 4233 831 4286 salta
840 4233 903 4302 sera
921 4232 1081 4286 exclamat:
1099 4231 1123 4286 si
1140 4236 1254 4302 paratus
1265 4232 1303 4288 sit
1314 4231 1392 4290 heres
1405 4234 1526 4305 qulnqoa
1543 4236 1571 4292 ei
1589 4237 1696 4295 soluere

255 4307 284 4358 et
301 4302 504 4372 stipulationem
524 4303 550 4357 ei
568 4301 666 4358 cedere
736 4302 748 4338 ⁸
766 4301 831 4356 erit:
849 4302 1030 4372 nequeenim
1048 4301 1148 4358 heres?
1218 4305 1343 4360 ⁴uerum
1362 4308 1408 4361 del

256 4453 438 4508 loelliasime
457 4454 497 4520 Fi
513 4453 744 4510 incrimentumF
785 4454 852 4508 int
866 4454 952 4508 omli
999 4453 1067 4510 iacti
1085 4453 1148 4510 iub.
1164 4452 1206 4520 W,
1226 4456 1518 4514 minnsed'eotosb.lr.
1539 4459 1573 4527 Q,
1592 4466 1695 4519 neoto

253 4526 272 4579 4
284 4539 335 4578 nec
348 4525 477 4592 legatum]
485 4525 638 4591 WDEQK,
651 4523 878 4594 neglcg‘en'atum
891 4540 947 4580 non
999 4527 1055 4582 tius
1066 4524 1170 4581 iactum
1182 4526 1209 4582 h.
1221 4526 1247 4581 h.
1261 4528 1308 4594 K⁰,
1326 4541 1378 4583 nec
1391 4528 1478 4584 totins
1489 4528 1583 4588 laetum
1594 4533 1696 4601 (iustus

255 4595 299 4660 F‘,
317 4595 439 4664 legatum
457 4611 512 4650 noa
530 4597 588 4658 1⁶0.
610 4611 661 4650 nec
679 4598 801 4665 legatum
820 4611 874 4650 non
893 4595 919 4649 Ι*
940 4602 944 4662 Ι
1001 4601 1059 4664 em.)
1076 4597 1102 4652 lr.
1116 4597 1142 4652 h.
1161 4613 1211 4653 nec
1229 4602 1322 4654 actum
1340 4603 1385 4667 (ne
1403 4597 1506 4657 iactum
1526 4607 1587 4672 em.)
1606 4606 1695 4661 minus

254 4664 413 4722 easd‘as’em
423 4671 543 4722 oausaet
552 4668 578 4719 F
579 4667 589 4700 ⁶
612 4667 884 4736 binesselinesteFl
899 4682 946 4736 pe·
1000 4669 1026 4724 h.
1040 4668 1066 4722 h.
1091 4671 1137 4734 (ne
1160 4667 1264 4725 iactum
1286 4671 1377 4726 minus
1399 4671 1426 4727 h.
1439 4671 1466 4726 h.
1484 4681 1577 4744 postea
1595 4678 1694 4742 datii,

255 4737 333 4808 tenti]
352 4743 380 4792 et
397 4738 511 4807 pentiF
554 4739 662 4808 tiente]
678 4741 764 4794 antF
806 4741 840 4793 12
858 4738 946 4793 uindi-
1000 4754 1051 4794 nec
1074 4740 1164 4796 minue
1185 4741 1314 4797 effectum
1333 4741 1399 4797 bh.
1421 4743 1482 4800 ΟΕ*
1536 4747 1573 4802 32
1590 4749 1695 4818 praeci·

254 4810 363 4864 cauitF
405 4809 437 4864 14
446 4809 509 4878 qua]
522 4809 588 4874 Flo,
598 4811 663 4878 quia
673 4809 771 4874 WDE,
780 4810 951 4879 qnoniamK
999 4813 1100 4877 saeFl
1116 4812 1276 4868 condicione
1289 4813 1322 4883 si]
1337 4813 1550 4872 condicionest'
1595 4821 1695 4875 3501·

255 4883 290 4935 18
307 4880 422 5005 ouiLqui
435 4881 472 4934 F⁶
519 4881 554 4935 25
567 4881 756 4952 ertipulatuF
798 4881 946 4936 26sfleotu
999 4883 1191 4953 ceptionemF
1230 4885 1482 4956 dilegatossocato
1495 4887 1521 4940 F
1563 4889 1601 4946 39
1619 4891 1694 4962 papi·

254 4953 344 5008 minus
375 4949 475 5007 abeant
491 4951 659 5020 hereditatis]
672 4952 736 5017 DE,
755 4952 947 5008 ellectuminus
999 4953 1170 5010 ni‘s'anusF
1218 4955 1388 5032 41quanr

255 5023 369 5090 h.h.F,
393 5023 522 5081 effectum
545 5025 635 5082 minus
653 5023 680 5080 h.
693 5022 720 5080 b.
729 5026 758 5096 s,
781 5037 833 5080 neo
856 5023 946 5080 minus
