3600 5460
80 319 143 377 our
164 319 241 367 ema
264 317 522 370 usuoursmous
752 297 840 378 469
1169 304 1292 372 XXXX
1313 309 1330 373 i
1353 313 1389 368 40
1408 343 1440 356 -—
1461 308 1517 373 89

80 458 124 514 ‘ab
144 457 272 515 omnibus
290 461 433 530 exegerint
450 464 479 515 ct
496 459 590 516 heredi
614 461 747 516 soluerint
769 462 813 516 uel
832 476 865 517 eo
884 463 993 518 nomine
1012 461 1202 519 satisfecerint
1221 469 1263 534 ct,
1286 465 1310 519 si
1327 465 1356 520 iu
1374 464 1518 520 exactione

80 550 222 604 nominum
241 549 410 604 cessauerint
427 549 499 604 intra
516 565 566 605 sex
584 565 706 621 menses,
730 549 842 606 libertas
860 551 913 606 illis
937 566 992 606 non
1010 555 1157 622 competat.
1184 552 1326 622 respondit
1343 552 1517 610 manifestam

80 653 144 693 esse
162 637 350 693 condicionem
369 636 461 692 uerbis
479 639 636 693 testamenti
655 655 739 709 supra
756 639 865 710 scriptis
883 640 1015 709 positam:
1040 641 1124 710 igitur
1146 641 1185 696 ita
1203 641 1313 696 demum
1330 641 1432 698 liberos
1450 639 1516 711 fora,

80 726 105 781 si
121 731 173 781 aut
190 726 215 781 ei
232 732 347 796 pareant
364 731 413 780 aut
430 741 479 796 per
496 725 624 781 heredem
643 732 705 796 stet,
725 743 779 797 qno
797 729 888 783 minus
906 731 1029 798 pareant.
1535 743 1551 782 a

23 817 59 874 41
135 816 237 870 Lasso
256 814 325 870 libro
343 814 431 884 primo
449 814 581 884 pithanon
600 832 617 870 a
635 817 720 871 Paulo
738 817 959 886 epitomatorem.
987 817 1017 874 Si
1034 833 1115 887 quem
1135 833 1244 874 seruum
1262 821 1340 873 tuum
1359 813 1517 900 ffirasssffs
1537 826 1564 880 A

80 903 117 959 sd
135 909 240 958 eertum
258 908 368 973 tempus
380 901 569 958 statuliberum
582 905 734 974 relinquere
747 906 798 974 uis,
817 905 884 960 nihil
896 906 1018 976 interest,
1037 911 1098 961 ιιιιο
1113 906 1195 962 modo
1208 921 1317 975 caueae,
1336 905 1367 960 ‘si
1383 905 1516 961 sernierit'
1580 909 1582 914 '

47 1001 58 1047 l
80 1009 117 1048 an
135 992 166 1048 'si
184 993 301 1048 triennio
319 1007 417 1062 operas
435 991 542 1047 dederit
550 997 568 1061 ¹,
591 993 659 1048 liber
682 993 758 1049 csto'.
795 995 923 1049 Pronus.
952 992 981 1048 Si
1004 993 1067 1064 quis
1084 994 1152 1050 liber
1171 1009 1232 1050 esso
1257 996 1349 1050 iussus
1374 993 1467 1064 luerit,
1493 996 1517 1050 si

79 1081 177 1137 decem
195 1081 289 1137 heredi
306 1081 507 1152 promississet,
534 1099 693 1155 quamquam
711 1096 746 1138 ea
762 1083 906 1152 promissio
925 1083 1027 1138 nullam
1045 1099 1102 1138 rem
1121 1083 1248 1140 habitura
1266 1087 1324 1154 est,
1342 1088 1436 1138 tamen
1453 1099 1516 1154 pro-

79 1171 216 1226 mittendo
233 1169 401 1226 liberabitur.
1535 1188 1549 1228 9

78 1353 116 1418 et,
136 1364 198 1404 curn
217 1363 252 1404 ea
269 1349 418 1420 nupsisset,
435 1348 550 1404 liberum
569 1363 631 1404 esse
649 1349 760 1404 iusserit
778 1353 806 1404 et
824 1364 858 1404 ea
875 1364 910 1404 ex
927 1350 989 1420 lege
1007 1351 1138 1421 nupserit,
1156 1349 1225 1406 liber
1242 1348 1291 1405 fiet
1309 1351 1333 1406 is
1351 1349 1441 1406 homo.

77 1637 116 1715 lt
143 1637 223 1729 QUI
242 1636 346 1715 SINE
365 1635 718 1714 MANUMISSIONE
737 1501 1131 1716 {dubitabilium
1152 1639 1452 1718 PERUENIUNT
1480 1641 1517 1718 R
1534 1661 1609 1716 resp

44 1795 58 1850 1
132 1794 252 1848 Paucos
273 1792 343 1848 libro
367 1793 462 1863 quinto
487 1791 522 1847 ad
540 1792 685 1847 Plautium.
722 1791 752 1848 Si
770 1808 867 1849 seruus
886 1794 1015 1850 uenditus
1034 1799 1090 1865 eat,
1114 1799 1147 1850 ιιι
1164 1795 1236 1852 intra
1253 1800 1358 1852 eertum
1378 1792 1516 1878 [Qu—ff}
1534 1803 1562 1857 Ε

77 1887 189 1954 tempus
211 1882 462 1950 manumitteretur,
490 1881 598 1936 etiamsi
623 1881 682 1936 sine
705 1880 806 1938 herede
829 1883 1014 1940 decessissent
1036 1889 1065 1938 et
1090 1885 1216 1939 uenditor
1239 1888 1268 1939 et
1291 1889 1411 1954 emptor,
1435 1900 1516 1940 seruo
1537 1898 1564 1939 ro

76 1969 191 2027 libertas
210 1969 354 2039 competit:
373 1974 401 2024 et
420 1968 473 2024 hoc
491 1968 572 2024 diuus
584 1970 691 2025 Marcus
707 1971 854 2042 rescripsit.
883 1971 932 2027 sed
946 1977 974 2027 et
985 1972 1010 2028 si
1021 1971 1170 2028 mutaucrit
1181 1971 1325 2028 uenditor²
1337 1973 1516 2044 uoluntatem,

77 2059 162 2116 nihilo
181 2059 271 2113 minus
288 2057 402 2113 libertas
420 2059 559 2128 competit.

44 2149 60 2206 2
131 2147 326 2203 hionnamuue
343 2147 412 2202 libro
431 2153 510 2202 sexto
529 2147 693 2216 regulamm.
730 2146 830 2218 Seruo,
854 2164 936 2219 quam
960 2163 1010 2219 pro
1028 2148 1158 2204 derelicto
1176 2149 1304 2205 dominus
1322 2148 1358 2206 ob
1378 2145 1516 2233 [has-‘see
1534 2159 1562 2213 Ε

77 2253 193 2308 grauem
212 2234 397 2292 infirmitatem
416 2236 427 2305 l
447 2234 551 2306 babuit,
570 2251 605 2291 ex
623 2236 713 2292 edicto
732 2236 790 2312 diui
809 2237 916 2293 Claudii
934 2238 1067 2308 competit
1084 2237 1205 2293 libertas.
1396 2227 1515 2234 m
1533 2250 1550 2296 f.
1562 2248 1615 2296 att'
1714 2221 1716 2226 .
1751 2309 1754 2322 Ι

43 2327 60 2386 3
132 2325 358 2382 Oannrsrnaros
382 2324 451 2381 libro
474 2326 556 2381 tertio
579 2326 614 2381 de
637 2325 848 2396 cognitionibus.
885 2326 971 2396 Eum,
995 2326 1043 2396 qui
1065 2327 1105 2382 ita
1122 2327 1212 2397 uenit,
1237 2329 1269 2381 nt
1286 2326 1358 2382 iutra
1376 2323 1515 2411 [Q
1532 2337 1578 2406 Es

77 2421 189 2486 tempus
208 2415 459 2484 manumitteretur,
481 2431 544 2470 curn
563 2414 622 2470 dics
640 2414 823 2484 praestandae
841 2413 976 2470 libertatis
994 2416 1101 2471 uenerit
1117 2416 1229 2472 uiuente
1247 2415 1391 2471 uenditare
1410 2422 1439 2471 et
1455 2431 1516 2486 per·
1535 2432 1563 2472 ιι

77 2507 225 2559 reserante
242 2503 270 2558 in
289 2502 385 2558 eadem
404 2503 554 2574 uoluntate,
573 2502 686 2573 perinde
704 2502 807 2574 haberi,
826 2519 859 2559 ac
878 2505 901 2558 si
919 2502 954 2558 ab
974 2518 1015 2574 eo,
1035 2517 1118 2574 aquo
1131 2503 1226 2559 debuit
1237 2504 1402 2574 manumitti,
1421 2520 1516 2560 manu·

78 2593 181 2648 missus
205 2595 292 2648 esset:
316 2597 424 2647 mortuo
449 2598 540 2648 autern
564 2592 707 2648 uenditore
728 2608 783 2648 non
802 2607 863 2648 csse
887 2592 1018 2648 heredum
1043 2593 1102 2648 eius
1127 2595 1295 2649 uoluntatem
1320 2592 1515 2664 explorandam

77 2680 161 2736 dinus
178 2679 287 2736 Marcus
305 2696 367 2736 cum
386 2679 441 2736 lilio
459 2697 509 2736 suo
527 2682 675 2752 rescripsit.
1533 2702 1564 2743 at

44 2773 61 2830 t
133 2768 285 2825 ernanus
307 2769 377 2825 libro
401 2771 482 2825 tertio
501 2771 536 2825 ad
555 2769 695 2826 Sabinum.
733 2770 779 2841 Ei,
798 2770 845 2840 qui
863 2769 915 2825 hac
932 2772 994 2840 lege
1012 2775 1122 2841 emptus
1139 2771 1188 2841 sit,
1208 2775 1239 2826 nt
1257 2785 1275 2826 a
1292 2771 1356 2826 uiuo
1375 2766 1554 2855 [fflg
1621 2817 1624 2820 .

77 2863 203 2929 emptore
223 2859 438 2928 manumittatur,
457 2860 549 2914 statim
569 2864 677 2914 mortuo
695 2873 728 2914 eo
747 2860 880 2929 competit
896 2859 1017 2915 libertas.
1466 2875 1468 2880 ·

45 2952 61 3008 5
131 2948 308 3002 unncrsnus
330 2946 400 3004 libro
422 2947 518 3016 quinto
541 2948 706 3016 regularum.
743 2947 796 3013 Qui
820 2946 856 3003 ob
878 2963 973 3003 necem
997 2947 1135 3003 detectam
1159 2947 1262 3004 domini
1279 2963 1356 3018 prae-
1375 2943 1554 3032 [ΜΕ

77 3037 163 3092 mium
181 3035 316 3092 libertatis
334 3037 516 3106 consequitur,
535 3033 567 3090 fit
584 3036 693 3090 orcinus
711 3035 833 3090 libertus.

46 3128 62 3186 6
130 3126 210 3180 lou
227 3124 297 3180 libro
315 3125 446 3194 singulari
464 3125 500 3179 ad
519 3122 661 3180 formulam
680 3123 913 3196 hypothecariam.
941 3123 971 3180 Si
988 3123 1049 3194 quis
1066 3123 1234 3195 obligatum⁸
1246 3139 1357 3181 seruum
1376 3119 1514 3208 [Q
1532 3136 1554 3189 s

77 3214 130 3270 hac
147 3216 209 3284 lego
228 3213 336 3284 emerit,
360 3220 391 3269 ut
410 3215 596 3284 manumittat,
620 3214 752 3283 competit
768 3212 880 3268 libertas
899 3227 933 3268 ex
951 3214 1146 3269 constitutione
1164 3213 1221 3270 dini
1239 3215 1337 3284 Marci,
1359 3215 1424 3270 licet
1442 3214 1515 3270 bona
1533 3230 1561 3272 so

77 3303 171 3360 omnia
189 3303 251 3374 quis
269 3303 446 3372 obligabant,
468 3309 540 3372 quae
559 3301 642 3358 habet
659 3301 838 3357 habiturusue
856 3307 939 3357 esset
966 3301 1127 3358 tantundem
1146 3301 1292 3358 dicendum
1312 3308 1355 3359 est
1375 3308 1403 3358 et
1421 3304 1445 3358 ri
1462 3303 1514 3359 hac
1543 3363 1546 3370 ,

76 3393 140 3463 lege
157 3393 263 3462 emerit,
281 3407 315 3447 ue
334 3392 521 3462 prostituatur,
539 3395 568 3446 ct
585 3391 763 3462 prostituerit.

47 3485 63 3544 7
130 3482 252 3538 Patruus
269 3480 338 3536 libro
357 3480 488 3550 singulari
507 3479 541 3533 de
560 3477 732 3534 libertatibus
751 3478 858 3534 dandis.
894 3479 1046 3549 Imperator
1068 3484 1162 3536 noster
1179 3475 1218 3562 [c.
1231 3493 1254 3548 s,
1267 3493 1305 3547 se,
1320 3493 1350 3539 ιι
1372 3493 1514 3548 13.4a.6.⁷
1532 3491 1572 3567 Ss

78 3585 140 3628 eum
159 3575 238 3642 patre
257 3585 308 3625 suo
326 3569 513 3640 constituitis
531 3582 578 3637 eo,
602 3568 663 3637 qui,
685 3583 747 3623 cum
771 3569 860 3637 possit
882 3566 1018 3638 abducere
1042 3555 1516 3639 prostitutaffindffie'c‘uh‘ia

78 3664 195 3732 accepta
213 3674 310 3714 manus
327 3658 500 3714 iniectionem
520 3656 652 3727 uendidit,
670 3661 702 3712 nt
719 3655 805 3712 libera
823 3663 910 3712 esset:
930 3657 996 3712 nihil
1014 3658 1085 3712 enim
1104 3658 1250 3728 interesse,
1269 3658 1328 3728 ipse
1345 3657 1468 3713 abducas
1486 3663 1516 3714 ct
1533 3673 1562 3715 se

78 3749 229 3820 prostituas
247 3764 281 3802 an
300 3747 412 3818 patiaris
430 3747 605 3816 prostitutam
624 3760 686 3800 esse
704 3745 792 3816 pretio
810 3751 932 3816 accepto,
951 3761 1012 3802 cum
1030 3747 1120 3816 possis
1138 3747 1265 3802 eximere.

47 3842 64 3902 8
130 3839 313 3892 Parmrsuus
331 3835 400 3892 libro
418 3851 490 3891 uono
508 3849 710 3905 responsorum.
739 3833 875 3903 blancipia
892 3839 980 3890 mater
991 3833 1063 3891 filiae
1075 3835 1234 3904 donauerat,
1252 3839 1284 3890 ut
1301 3832 1358 3890 filia
1375 3831 1513 3919 Q
1534 3847 1559 3900 Ρ

79 3931 188 3982 curaret
205 3939 240 3980 ea
257 3929 453 3996 postmortem
472 3939 550 3980 suam
569 3937 632 3979 esse
649 3921 748 3978 libera:
773 3937 835 3978 cum
859 3922 1015 3980 donationis
1037 3925 1092 3995 legi
1114 3939 1169 3980 non
1192 3927 1266 3980 esset
1286 3923 1513 3995 obtemperatum,

78 4031 112 4071 cx
134 4015 274 4072 sententia
296 4013 498 4070 constitutionis
522 4011 579 4067 diui
603 4011 688 4066 liarci
711 4011 852 4067 libertates
876 4013 1019 4083 optingere
1043 4017 1129 4068 matre
1156 4013 1344 4068 consentiente
1370 4013 1514 4084 respondi:

78 4104 152 4176 quod
170 4105 195 4159 si
212 4107 278 4158 ante
296 4100 379 4157 filiam
399 4108 486 4156 mater
503 4101 561 4156 uita
579 4099 707 4168 decessit,
726 4099 891 4156 omnimodo.
1533 4119 1563 4159 ιο

47 4201 63 4259 9
129 4195 252 4249 Phoros
269 4191 339 4247 libro
357 4191 452 4260 quinto
470 4189 670 4259 quaestionum.
698 4189 812 4244 Latinus
824 4189 944 4258 Largus:
963 4189 1103 4244 uendidit¹
1117 4190 1242 4244 ancillam
1257 4190 1305 4259 ita,
1323 4195 1356 4245 ut
1374 4185 1513 4274 [Εἶιᾙ
1531 4201 1559 4254 Ρ

78 4282 329 4351 manumitteretur,
353 4295 406 4336 non
425 4279 519 4334 addito
537 4282 677 4348 tempore:
700 4293 817 4348 quaero,
842 4277 952 4348 quando
976 4293 1011 4333 cx
1032 4277 1227 4335 constitutione
1244 4279 1340 4349 incipit
1357 4267 1513 4336 othbert‘ar

78 4379 297 4450 rmrznoc)

81 4526 249 4596 ¹sioperas
267 4521 375 4578 dederit
391 4521 529 4576 triennio?
599 4521 696 4574 ’idem
717 4520 825 4574 Graeci:
849 4518 977 4589 emptor?
1047 4519 1144 4574 ’idem
1164 4519 1273 4574 Graeci:
1297 4517 1447 4589 obligatum
1466 4521 1514 4574 del.
1606 4565 1609 4570 .

78 4595 222 4652 ‘uendidi
240 4598 286 4668 tes.
298 4595 336 4648 Ι).
348 4594 392 4658 21,
404 4595 429 4657 1,
441 4593 484 4666 56.
496 4593 538 4656 31,
550 4591 593 4646 83.
611 4592 655 4656 44,
668 4591 692 4656 2,
705 4590 748 4656 30,
761 4590 809 4658 1)?

77 4727 245 4800 sparsas
285 4725 549 4796 bepitomatorum
562 4726 599 4778 Ρ
643 4726 769 4794 Squam-
824 4721 1127 4778 solemnissimum
1157 4723 1190 4777 21
1201 4720 1342 4777 libertates
1351 4722 1468 4777 uenierit
1476 4723 1513 4776 Ρ

94 4797 261 4870 oam1X*0,
279 4811 361 4866 quam
376 4796 486 4862 FX‘lY,
504 4796 630 4866 quamuis
639 4797 691 4867 JiC,
706 4793 770 4864 qula
823 4794 1030 4864 etac1hacr¹
1072 4792 1265 4861 25baclacl'
1300 4795 1334 4848 27
1347 4795 1480 4863 premium
1495 4794 1520 4845 F

78 4815 149 4930 XM:
173 4869 196 4926 al
221 4869 262 4922 sai
286 4867 320 4922 aa
345 4869 455 4954 ἔρρωται
481 4868 495 4920 ιἰ
519 4867 681 4938 ὲιιερώτιιιιο
705 4866 768 4928 aire
822 4867 856 4920 31
875 4867 937 4934 lege
955 4865 1007 4920 hac
1025 4883 1112 4918 errore
1126 4864 1203 4918 Tuan.
1252 4865 1287 4919 32
1306 4870 1334 4919 et
1351 4866 1513 4936 prostitue-

78 4941 126 4998 38
143 4939 259 5044 ww
279 4940 424 5010 promissio
437 4937 479 4995 'in'
492 4939 592 4993 nullam
611 4938 646 4992 Ρ
668 4940 672 5003 l
694 4937 769 4994 habi·
822 4938 858 4991 rit
876 4937 914 4990 Ρ
971 4938 1007 4992 34
1029 4936 1221 5006 prostitutam
1240 4936 1275 4988 Ρ
1334 4938 1370 4991 35
1392 4935 1514 4991 iniectio·

79 5007 220 5072 tura'm’f
267 5011 302 5066 10
312 5011 402 5080 labeo]
420 5011 460 5075 F¹,
472 5009 545 5064 idem
558 5009 631 5063 ΡΒ
668 5010 701 5064 15
713 5025 770 5064 ma·
822 5007 901 5062 ue'm'
915 5007 950 5061 Ρ
992 5009 1027 5062 36
1044 5008 1134 5078 possit
1151 5007 1301 5062 eri‘s'mere
1314 5005 1349 5060 Ρ
1386 5008 1419 5062 st
1439 5022 1513 5062 mau-

51 5083 290 5144 meteretur
312 5083 350 5138 Ρ
405 5083 438 5137 18
462 5097 543 5136 seruo
566 5095 648 5152 quem
671 5081 710 5136 bra
733 5081 769 5134 Ρ
823 5079 930 5150 cipia*e⁴
942 5081 979 5133 Ρ
1032 5077 1254 5134 381iber't’aF⁶
