3616 5468
102 131 147 178 ns
170 131 263 178 nors
285 129 509 179 nnsnnuesns
772 105 857 188 115
1192 111 1325 180 XXXIII
1347 115 1367 178 3
1385 119 1402 173 4
1421 147 1453 159 -
1473 113 1529 177 41

99 273 154 338 tus,
173 268 292 340 ideoque
309 284 398 339 neque
417 285 461 326 me
479 283 568 340 oeque
585 273 615 324 te
633 284 715 340 agere
732 285 814 340 posse
831 267 875 324 iris
886 285 941 326 non
953 285 1016 326 esse
1028 271 1106 326 alteri
1117 267 1322 326 itoimmissw
1334 267 1449 326 habers:
1467 284 1530 326 uam

97 357 174 428 qnod
197 359 378 414 eommuniter
398 360 488 414 sosius
506 357 602 429 habet,
627 364 655 414 et
671 359 700 414 in
717 359 776 414 iure
794 373 856 414 eum
875 357 994 415 hobere²
1011 359 1145 416 eonstitit:
1169 359 1262 429 itaque
1279 358 1315 416 de
1333 373 1367 414 sa
1383 373 1414 414 re
1431 357 1531 416 arbiter

96 447 239 502 eomnnui
257 447 408 503 diuidundo
425 447 575 504 sumendus
592 452 643 504 est.

48 539 73 598 5
151 535 334 592 Pornsrsrrns
356 535 425 592 libro
448 537 649 592 sextodecimo
668 536 866 606 quaestionum.
903 537 964 592 Etsi
981 537 1099 594 maxime
1117 537 1275 594 testamenti
1292 535 1375 594 santio
1394 530 1532 620 Q
1549 544 1576 599 P

94 639 162 680 eum
186 625 274 680 seruis
298 625 394 680 alienis
412 641 447 681 ex
464 640 581 696 persons
598 625 769 682 dominorum
788 630 845 696 est,
868 637 902 680 ea
918 631 1011 682 tamen
1029 641 1100 696 quas
1118 627 1206 682 seruis
1223 626 1411 697 relinquuntur
1428 627 1468 682 ite
1483 641 1532 684 ua·
1549 639 1563 682 s

94 714 165 782 lent,
185 715 210 768 si
228 713 320 770 liberis
339 715 434 769 roliers
450 719 564 785 possent
581 715 686 770 uetere:
706 715 745 770 sie
763 714 798 770 ad
816 712 931 771 fundum
949 715 1052 771 domini
1070 716 1117 772 uia
1134 730 1215 772 seruo
1233 713 1334 772 rusus
1351 716 1465 786 legatur.

51 807 73 865 6
151 803 233 858 iners
250 801 318 858 libro
336 805 453 874 sentium
470 819 672 875 responsorum.
697 804 779 859 Peter
796 801 867 859 filiae
886 804 997 860 domum
1009 805 1375 876 legauiteiqueperdomus
1407 816 1531 872 iisset
1549 810 1576 865 P

94 892 281 948 hereditarius
298 893 341 948 ius
359 893 517 950 tranoeundi
535 893 669 964 praestari
687 893 782 950 uoluit
813 893 836 948 si
853 890 909 948 filia
927 893 1037 950 domum
1057 909 1134 950 suam
1153 893 1267 964 hubitet‚
1285 894 1345 950 uiro
1362 908 1471 964 quoque
1489 893 1532 948 ius

93 980 260 1038 uunsenndi
283 981 481 1052 praestabitur:
504 983 623 1053 alioquin
645 979 717 1038 tiliae
739 982 872 1052 praestrui
895 997 950 1038 uon
973 982 1119 1039 uidebitur.
1156 982 1277 1058 quodsi
1300 983 1362 1053 quis
1379 998 1434 1038 oon
1451 993 1563 1038 usums

94 1070 261 1126 transeundi
278 1069 426 1140 perllsouae
444 1071 547 1142 dotum,
566 1071 615 1127 sed
633 1071 753 1141 legatum
772 1071 912 1126 seruitutis
930 1087 992 1128 esse
1003 1072 1113 1142 plenum
1127 1072 1275 1144 intellegat,
1293 1071 1453 1130 tantundem
1466 1071 1532 1127 iuris
1547 1080 1564 1128 f.
1575 1081 1606 1128 ur

93 1159 132 1215 sd
150 1159 283 1215 heredem
300 1175 410 1230 qnoque
427 1161 638 1218 transmittetur:
657 1159 731 1230 quod
749 1158 794 1214 hie
811 1173 982 1230 nequequam
1001 1160 1199 1218 sdmittendum
1214 1166 1265 1232 est,
1283 1177 1327 1232 ne,
1345 1159 1419 1232 quod
1430 1161 1532 1218 affeetu

92 1247 171 1306 iilius
189 1249 286 1304 datum
304 1253 356 1319 est,
374 1249 427 1305 hoe
444 1255 473 1305 et
490 1250 527 1305 sd
545 1254 653 1306 exteros
671 1249 730 1304 eius
748 1247 863 1304 heredes
881 1248 997 1306 monsire
1014 1251 1149 1306 uideatur.

48 1337 70 1396 7
148 1339 272 1394 Pronus
294 1337 364 1394 libro
382 1339 512 1394 uioesimo
530 1339 617 1409 prino
634 1337 834 1408 quaestionum.
871 1337 940 1394 cum
958 1339 1115 1409 optutibus
1134 1338 1279 1396 heredibus
1297 1339 1374 1396 insti·
1393 1331 1531 1422 [iffi-,on
1549 1346 1576 1401 Ρ

93 1428 165 1482 tutis
183 1428 231 1482 nis
246 1428 341 1497 legata
358 1433 409 1497 est,
427 1429 491 1498 quia
508 1435 613 1499 partem
627 1443 683 1484 uon
694 1427 800 1496 meinis,
818 1426 920 1497 singuli
930 1427 1045 1484 heredes
1056 1429 1084 1486 in
1096 1427 1213 1486 solidum
1227 1413 1532 1499 oonueniuntqu—uffi

93 1523 126 1572 et
143 1532 201 1573 nno
219 1531 253 1572 ex
270 1515 421 1572 heredibus
438 1516 558 1574 adsume
575 1517 709 1573 uindicari
726 1521 826 1587 potest.
1551 1529 1579 1572 rs

455 1805 492 1883 it
531 1805 594 1882 DE
621 1805 751 1882 DOTE
778 1671 1096 1884 gililiiELEGATA
1136 1807 1173 1886 R
1549 1823 1650 1880 orso

37 1957 57 2011 1
149 1961 303 2018 Unrmrus
322 1960 392 2016 libro
410 1977 481 2018 nono
499 1962 606 2018 deuimo
624 1962 659 2018 sd
678 1961 818 2018 Sabinum.
850 1960 918 2018 (ium
937 1962 988 2018 dos
1005 1963 1155 2033 relegetur,
1173 1976 1269 2018 uerum
1287 1965 1331 2017 est
1346 1960 1376 2017 id
1393 1955 1570 2046 ΜΒ

38 2055 53 2097 1
87 2051 169 2108 dotis
192 2053 286 2121 legato
305 2051 411 2120 inesse,
435 2051 509 2121 quod
528 2053 634 2109 serione
652 2051 687 2108 de
705 2052 769 2108 doto
787 2052 884 2110 inerat.
920 2051 957 2108 Et
973 2051 1036 2108 ideo
1054 2051 1078 2108 si
1095 2052 1166 2108 inter
1183 2051 1272 2106 uirum
1289 2053 1319 2106 et
1336 2064 1449 2108 uxorem
1467 2065 1531 2108 uon·

86 2146 227 2208 uenerat,
250 2145 283 2195 nt
303 2140 460 2195 montenis
478 2141 567 2196 soluto
585 2141 756 2198 matrimonio
774 2139 830 2196 filio
847 2141 984 2198 eommuni
1002 2141 1198 2198 interueniente
1216 2139 1267 2196 dos
1285 2139 1360 2210 apud
1378 2140 1467 2196 mariti
1485 2139 1531 2196 he·
1550 2151 1579 2193 so

83 2230 191 2286 redum
216 2233 384 2300 remaneret,
408 2235 437 2284 et
454 2230 567 2285 maritus
585 2229 721 2286 deoedens
739 2230 831 2286 dotem
849 2229 1026 2299 relegauerit,
1050 2231 1116 2286 stari
1137 2234 1219 2300 paeto
1242 2244 1297 2286 non
1320 2227 1403 2286 debet
1425 2227 1461 2284 ob
1479 2227 1532 2286 hoo

82 2317 171 2389 qnod
190 2317 243 2373 dos
261 2319 385 2388 relegsta
401 2323 452 2374 est
477 2333 572 2374 uerum
590 2323 619 2374 et
636 2319 705 2374 eitra
722 2319 916 2388 relegetionem
935 2319 987 2375 boe
1004 2318 1113 2390 probari
1131 2318 1227 2376 debet:
1251 2333 1314 2376 uam
1333 2317 1406 2388 quod
1424 2321 1467 2374 est
1484 2317 1531 2374 ad·

83 2409 214 2463 missurn
233 2421 315 2477 posse
327 2407 488 2463 deteriorem
502 2408 687 2464 uenditionem
699 2407 772 2464 dotis
783 2407 842 2464 fleri
854 2407 1097 2464 interuenientibus
1109 2407 1208 2477 liberis,
1226 2408 1327 2464 totiens
1338 2407 1427 2464 losum
1440 2406 1531 2477 babet,

28 2497 51 2542 ²
82 2497 228 2568 quotiens
251 2496 312 2565 ipsa
334 2496 362 2551 in
386 2497 557 2552 matrimonio
581 2495 689 2551 deuedit
712 2497 757 2552 uel
774 2497 921 2552 diuortium
939 2497 1094 2554 interuenit
1130 2498 1167 2554 Et
1185 2512 1280 2554 uerum
1298 2502 1341 2554 est
1358 2495 1531 2554 eommodum

27 2585 48 2630 8
81 2585 122 2642 in
141 2585 211 2640 dots
230 2585 354 2654 relegsta
370 2599 433 2640 osse
450 2585 720 2656 repraesentationis,
743 2587 870 2657 quamuis
887 2601 979 2642 sunus
996 2586 1042 2642 dis
1059 2586 1110 2642 dos
1127 2593 1323 2657 praesumtor:
1341 2586 1393 2642 Est
1411 2591 1440 2642 et
1455 2585 1531 2656 iliud,
1550 2597 1579 2640 ss

81 2674 174 2746 quod
191 2673 229 2729 ob
247 2689 292 2730 res
310 2673 444 2730 donatas⁴
461 2673 542 2730 hodie
559 2679 624 2744 post
641 2680 752 2730 senatus
771 2675 925 2732 consultum
943 2675 1017 2730 nulia
1033 2673 1066 2732 fit
1082 2676 1203 2746 exustio,
1221 2674 1245 2732 si
1263 2674 1344 2730 modo
1362 2675 1532 2732 uoluntatem

24 2765 49 2809 4
82 2778 152 2820 mon
178 2765 299 2820 mutauit
316 2769 438 2818 testator.
475 2763 618 2833 Impensae
637 2769 727 2818 autem
745 2764 805 2835 ipso
822 2765 882 2820 iure
899 2763 992 2820 dotem
1010 2765 1144 2820 minuunt.
1176 2763 1226 2820 ssd
1243 2763 1318 2834 quod
1335 2763 1454 2820 diximus
1471 2763 1531 2833 tuso

81 2851 155 2909 iure
175 2853 272 2908 dotem
289 2853 420 2922 impensis
438 2852 531 2920 minui,
549 2867 604 2908 non
621 2852 658 2908 sd
675 2853 783 2922 singnis
799 2869 922 2924 corpora,
940 2853 990 2908 sed
1008 2853 1044 2908 ed
1062 2853 1266 2910 uniuersitatem
1285 2854 1338 2910 erit
1346 2851 1530 2914 ¹referendum.

27 2937 48 2983 ⁵
82 2943 179 2998 Adeo
198 2947 292 2998 antem
311 2942 382 2997 dotis
401 2942 535 2996 notionem
554 2943 675 2997 eontinet
691 2942 764 2997 dotis
782 2943 922 3012 relegatio,
941 2948 979 3012 ut,
998 2943 1022 2998 si
1041 2943 1121 2998 uiuus
1138 2957 1199 2998 sam
1214 2941 1293 2998 uxori
1305 2942 1421 3006 (scilieet
1432 2939 1531 3010 quibus

27 3027 48 3072 ὅ
80 3028 162 3088 lieet
185 3031 308 3096 ossibus)
326 3031 452 3100 soluerit,
476 3035 566 3086 resset
587 3031 721 3100 legatum.¹
755 3030 809 3088 Sed
827 3037 856 3086 et
873 3032 896 3086 si
914 3031 1051 3102 mancipia
1068 3030 1169 3086 fuerint
1185 3031 1214 3086 in
1232 3031 1297 3088 dote
1315 3045 1369 3088 oon
1388 3033 1533 3088 aestimate
1551 3041 1579 3082 so

29 3113 49 3158 7
82 3129 123 3176 et
141 3122 215 3176 haee
234 3121 378 3176 demortua
396 3121 458 3187 sint,
475 3121 596 3190 legatum
615 3119 686 3176 dotis
705 3120 732 3176 iu
750 3119 793 3176 his
810 3121 958 3176 euanescit.
992 3119 1047 3176 Sed
1066 3126 1095 3175 et
1112 3121 1135 3176 si
1153 3119 1245 3176 dotem
1263 3119 1419 3190 promiserit
1436 3119 1532 3176 mulier

83 3223 189 3282 meque
208 3209 317 3266 dederit
334 3216 362 3265 et
379 3209 516 3265 deuedens
534 3211 647 3266 maritus
665 3209 743 3265 uxori
760 3209 851 3266 dotem
870 3209 1095 3280 praetersumus
1118 3209 1215 3266 mulier
1232 3209 1297 3265 nihil
1316 3209 1432 3279 amplios
1449 3224 1531 3280 quem
1589 3273 1592 3279 ,

80 3297 290 3356 liberationem
313 3297 438 3354 habebit:
462 3315 525 3354 nam
546 3303 576 3354 et
593 3299 616 3354 si
634 3299 695 3368 quis
713 3299 752 3352 ita
769 3299 903 3368 legsuerit
921 3287 1037 3354 'uentum
1056 3313 1127 3368 quse
1145 3299 1173 3354 in
1191 3313 1256 3354 area
1272 3297 1368 3354 hsbeo'
1386 3303 1435 3352 aut
1453 3297 1531 3368 ‘quse

32 3381 54 3428 Β
85 3385 148 3446 'ille
168 3388 246 3459 apud
265 3403 309 3442 me
326 3386 470 3458 deposuit',
488 3388 512 3442 si
530 3388 603 3442 nulls
621 3388 683 3455 sint,
701 3386 766 3442 nihil
784 3386 877 3442 deberi
896 3392 1011 3456 constat,
1030 3387 1095 3456 quis
1109 3387 1184 3442 nulia
1196 3402 1310 3458 torpore
1321 3387 1400 3442 sint‘.
1428 3385 1458 3442 Si
1470 3387 1532 3457 quis

85 3480 178 3536 uxori
195 3476 313 3532 fundum
331 3477 470 3532 Titianum
488 3475 530 3530 his
548 3474 639 3530 uerbis
657 3476 790 3544 legasset:
809 3475 839 3548 ‘is
857 3476 930 3532 enim
947 3475 1049 3532 fundus
1066 3481 1178 3546 propter
1195 3476 1267 3530 illem
1286 3475 1322 3530 ad
1334 3473 1530 3546 insperserit,
1550 3486 1578 3528 ss

85 3566 259 3624 omnimodo
282 3565 398 3620 debetur
415 3563 535 3620 *inndusr
558 3581 621 3619 nam
646 3563 778 3634 quidquid
800 3564 1017 3620 demonstratae⁷
1042 3565 1081 3620 rei
1105 3564 1214 3620 additur
1232 3565 1300 3618 satis
1319 3563 1530 3636 demonstratae,

37 3651 59 3696 ²
85 3657 202 3714 tmstra
226 3660 278 3710 est.
317 3653 412 3710 Celsus
430 3653 498 3708 libro
516 3653 646 3708 uicesimo
664 3653 832 3723 digestorum
851 3653 958 3722 soribit,
982 3655 1005 3710 si
1023 3669 1101 3710 sooer
1118 3653 1197 3710 nurui
1215 3649 1364 3736 [Epmsgoge
1377 3669 1411 3719 rs,
1423 3668 1450 3714 rt
1461 3665 1531 3714 sous

86 3748 191 3804 dotem
211 3743 355 3812 reiegsnit,
373 3744 397 3798 si
415 3743 524 3814 quidem
543 3743 586 3798 ius
604 3743 718 3798 moenis
736 3742 771 3798 de
790 3742 855 3798 dots
873 3743 960 3798 uoluit
977 3743 1106 3813 relegare,
1125 3743 1224 3798 nuliius
1241 3745 1372 3800 momenti
1384 3759 1445 3800 esse
1457 3745 1530 3814 iega-

86 3839 165 3905 tnm,
185 3835 290 3905 quippe
307 3839 393 3902 nonis
410 3837 465 3888 est:
484 3831 533 3886 sed
552 3832 575 3887 si
593 3832 680 3888 uoluit
696 3847 757 3888 eam
768 3832 890 3902 resipere
902 3831 1021 3888 dotsiem
1033 3832 1185 3902 pecuniam,
1203 3832 1299 3903 inquit,
1317 3833 1382 3889 otiis
1394 3834 1446 3890 erit
1456 3833 1530 3904 iege·

88 3939 344 4012 rmnsorcn)

91 4101 104 4134 ¹
122 4099 222 4156 trebes
242 4107 289 4153 tor.
308 4103 367 4156 tuas
385 4099 416 4152 de
428 4097 528 4160 Wotrr)
601 4097 613 4132 ²
631 4102 659 4152 et
676 4098 704 4152 in
720 4097 780 4152 iure
797 4112 860 4152 eum
878 4096 988 4182 hebere]
1007 4097 1071 4154 item
1089 4098 1147 4153 iore
1165 4113 1209 4153 me
1227 4097 1346 4154 habere?
1415 4100 1427 4138 ¹
1445 4101 1530 4170 quin?

91 4172 104 4206 ⁴
124 4173 278 4227 ordinant
295 4172 357 4224 tatio
376 4169 561 4240 (efl1.5t.t.):
585 4169 688 4224 aliusue
712 4185 809 4226 causas
833 4170 955 4238 exeeptis
977 4170 1010 4224 ris
1034 4185 1105 4240 quse
1128 4170 1188 4240 ipso
1211 4169 1270 4225 iure
1294 4170 1385 4228 dotem
1405 4173 1530 4228 minuant

91 4243 169 4299 dotis
189 4241 331 4310 relegatae
349 4241 447 4294 solutio
466 4254 519 4295 oon
538 4239 673 4294 differtur:
692 4243 810 4295 ueterum
830 4239 866 4296 ob
884 4255 928 4294 res
946 4240 1062 4295 donatas
1118 4241 1128 4276 ⁸
1147 4240 1310 4311 relegauerit
1327 4245 1370 4319 (ss.
1384 4243 1419 4297 od
1429 4243 1529 4312 rubri?

93 4316 105 4348 ‘
122 4315 193 4386 quia
209 4313 418 4381 nuliaoorpora
435 4312 490 4366 sint
507 4311 553 4366 det.
624 4313 635 4348 ²
653 4311 881 4367 demonstrandae
899 4311 1073 4384 (Srlsutttoqii

96 4471 420 4534 limmisasssiomisum
431 4471 478 4533 D·‚
490 4471 631 4526 inmissum
640 4469 789 4536 WD‘IL'K,
842 4478 900 4526 rtem
923 4471 978 4524 ist.
997 4478 1024 4524 to
1038 4469 1109 4524 rubr.
1128 4478 1152 4526 st
1168 4474 1214 4526 LI
1231 4472 1283 4542 57.
1301 4472 1528 4543 1.9.r5.17‚›r.),

97 4545 237 4601 murinus
255 4559 316 4597 sum
330 4543 357 4596 Ε
400 4543 434 4596 14
446 4542 573 4611 reo'e’ipit
584 4543 620 4595 F·
666 4544 699 4596 17
712 4557 789 4612 prae·
842 4550 893 4596 πίοι·
916 4562 933 4594 a
951 4543 1079 4605 librariis,
1103 4549 1169 4596 reris
1186 4563 1204 4597 o
1221 4543 1427 4613 compilatoribus
1442 4549 1529 4614 potius

97 4615 199 4686 legata]
223 4624 263 4669 sir
282 4615 308 4666 F
319 4621 378 4667 onte
399 4617 414 4667 1.
429 4615 462 4667 16
485 4621 508 4667 st
527 4615 578 4668 sno.
591 4615 624 4677 F,
649 4614 790 4682 perlegitis
840 4615 971 4683 proficisci
981 4613 1121 4682 putandum
1136 4622 1172 4668 esi
1184 4633 1259 4685 quoin
1272 4614 1304 4668 ab
1317 4621 1428 4686 antiquis
1440 4621 1528 4668 ossio·

100 4687 145 4743 tor
167 4692 226 4742 loro
249 4686 285 4748 F,
311 4685 367 4754 περὶ
392 4683 498 4754 oportue
521 4682 789 4749 ἂκτιλκμτεγθείοκετ
841 4684 977 4754 sitisses.
993 4690 1143 4752 pruesmim
1160 4687 1185 4738 is.
1200 4692 1217 4738 i.
1235 4683 1358 4754 L1§13
1411 4685 1444 4740 18
1462 4683 1528 4738 rulo·

100 4757 578 4828 proekyusdioocotoiomubisumque
590 4763 789 4826 usurpatorum
842 4759 923 4822 gutur
940 4753 1045 4821 uerum}
1063 4753 1217 4824 relegatum
1234 4770 1327 4810 eorum
1347 4755 1383 4806 F·
1430 4755 1465 4810 23
1482 4751 1528 4810 fie-

102 4829 237 4898 reteyando
261 4831 300 4886 (nt
318 4827 471 4891 instato,
489 4828 522 4880 15
545 4835 569 4880 st
629 4830 663 4882 od
681 4825 789 4881 Paolum
842 4824 1108 4882 ronteruenientibus
1117 4827 1155 4879 F·
1203 4826 1238 4882 36
1256 4825 1528 4896 qrridquiduomon·

104 4897 579 4969 i,r,1etD1·9.31,77‚12e288,
615 4897 686 4962 .33,
704 4898 729 4963 2,
746 4899 789 4963 27,
843 4901 946 4952 stratae
963 4897 999 4952 F*

1275 4983 1319 5041 εἰ
