3638 5452
504 1085 652 1159 mult
678 1083 975 1160 umuusmus
1002 1085 1258 1165 SECUNDUS.
1502 1081 1505 1088 λ
1612 1109 1677 1170 pso
1691 1107 1708 1156 t
1721 1108 1751 1156 aa

402 1352 444 1430 li
485 1350 550 1428 DE
576 1349 780 1428 LEGATIS
807 1348 870 1426 ET
898 1348 1272 1432 Flltlileolllllssls
1311 1353 1349 1432 lt
1614 1370 1770 1428 PASEPA

63 1534 84 1588 l
177 1501 368 1598 Uarianos
388 1542 463 1600 libro
480 1544 569 1614 prlmo
586 1541 868 1602 tidsioommissorum.
900 1541 931 1602 Si
948 1543 1069 1602 insonus
1080 1544 1142 1614 quis
1153 1545 1199 1614 sit,
1216 1545 1343 1615 mptum
1355 1545 1439 1602 sitan
1456 1541 1593 1628 Q
1611 1549 1640 1602 Ρ

114 1645 141 1684 a
164 1631 346 1688 latrunculis
374 1632 524 1703 obsessus,
548 1637 745 1688 testamentum
767 1630 858 1688 lasere
880 1647 935 1688 nou
957 1635 1077 1702 potasti
1109 1632 1160 1688 sed
1177 1637 1207 1690 et
1223 1633 1247 1690 si
1265 1633 1326 1690 sui¹
1344 1633 1410 1690 iuris
1428 1635 1465 1690 sit
1481 1635 1594 1705 ignarus

114 1723 265 1790 putetque
286 1737 324 1777 ss
344 1737 402 1792 per
420 1735 548 1788 errorem,
567 1721 632 1790 quia
650 1735 667 1774 a
684 1719 835 1778 latronibus
851 1725 948 1792 eaptus
960 1725 1012 1791 est,
1030 1735 1141 1778 seruum
1154 1737 1216 1778 esse
1228 1722 1446 1793 ueluthoetium,
1463 1725 1508 1780 nel
1519 1725 1593 1793 loga
1611 1728 1626 1772 ⁶

114 1813 171 1864 tus
192 1811 266 1880 qui⁸
286 1811 366 1866 nihil
384 1826 418 1868 ss
435 1827 454 1866 a
471 1810 581 1881 oaptiuo
599 1809 709 1866 differre
726 1814 820 1880 putat,
838 1823 993 1880 nouuposse
1010 1807 1247 1870 ideioommitiere
1264 1815 1369 1868 ourtum
1386 1817 1443 1882 est,
1461 1813 1527 1884 quia
1543 1827 1594 1872 neo

72 1903 88 1948 1
117 1899 226 1954 essuri
245 1904 369 1970 potest,
394 1900 456 1969 qui,
481 1916 516 1955 an
532 1899 616 1955 liosat
632 1896 686 1954 sibi
703 1898 814 1968 metari,
833 1897 950 1956 dubitat
983 1897 1057 1954 Sed‘
1075 1899 1098 1956 si
1116 1897 1188 1956 filius
1207 1897 1323 1956 semiim
1341 1901 1385 1956 uel
1404 1915 1500 1958 seruus
1517 1899 1594 1958 fidei·

115 1989 323 2044 summissum
344 1987 503 2058 reliquerit,
525 2003 580 2044 ueu
598 1988 687 2044 usletz
711 1987 735 2042 si
753 1991 846 2044 umen
865 1987 1024 2044 manumissi
1042 1987 1195 2048 deuenisse
1213 1993 1413 2060 proponantur,
1436 1993 1594 2048 notamur

118 2077 263 2133 disemus
281 2076 534 2133 fideicommissum
553 2077 677 2132 relietum
696 2075 798 2146 uideri,
821 2076 901 2146 quasi
918 2091 991 2134 nuno
1009 2075 1114 2145 domm,
1132 2091 1195 2134 oum
1212 2093 1287 2136 more
1304 2078 1448 2150 mutinglt,
1465 2077 1595 2136 uidelioot

118 2167 153 2222 si
178 2166 340 2222 durauerit
364 2167 495 2222 uoluntas
518 2171 582 2236 post
605 2165 855 2222 manumissionem.
887 2163 956 2220 haoo
978 2165 1074 2234 utique
1098 2181 1179 2224 nemo
1196 2167 1291 2224 erodet
1308 2167 1527 2224 intentamenta
1544 2181 1594 2224 uos
1613 2174 1641 2216 ¹⁰

119 2270 197 2312 esse
216 2255 406 2326 probaturos,
423 2255 490 2325 quia
507 2253 574 2310 nihii
589 2255 619 2310 in
636 2259 803 2310 testamento
820 2253 904 2324 ualet,
921 2253 1048 2322 quotiens
1066 2253 1156 2324 ipsum
1168 2260 1363 2314 testamentum
1376 2271 1431 2314 nou
1442 2256 1525 2326 ualet,
1543 2255 1593 2312 ssd

77 2353 96 2397 s
123 2345 158 2400 si
176 2345 255 2399 alias
274 2342 524 2400 fideieommisaum
541 2343 603 2413 quis
620 2343 768 2414 reliquerit
795 2343 845 2411 Hi,
864 2341 965 2412 quibus
982 2358 1055 2412 aqua
1073 2349 1102 2400 et
1119 2343 1176 2414 igni
1194 2344 1368 2401 interdictum
1386 2348 1442 2414 est,
1461 2344 1528 2400 itam
1545 2343 1593 2400 ds·

124 2433 245 2504 portati
268 2430 518 2488 iideioommissum
541 2433 694 2502 relinquere
716 2447 771 2488 nou
794 2435 924 2502 possunt,
948 2431 1013 2500 qnia
1037 2446 1088 2488 neo
1109 2434 1267 2490 maumonii
1284 2431 1403 2492 iuuandi
1420 2433 1464 2490 ius
1481 2430 1592 2504 habent,

78 2531 99 2575 s
127 2537 204 2578 eum
224 2522 288 2576 sint
306 2519 439 2576 interme
466 2521 633 2590 Deportatos
650 2525 744 2576 autam
762 2534 810 2576 sos
828 2520 953 2590 aooipers
971 2519 1112 2592 debemus,
1131 2521 1231 2592 quibus
1248 2522 1375 2592 prinoeps
1392 2521 1497 2578 insulas
1509 2521 1592 2578 uduo·

129 2611 215 2666 teuit
233 2610 285 2666 uel
303 2609 458 2679 dequibus
476 2609 653 2680 deportandis
671 2609 794 2679 soripsit:
816 2611 938 2666 osterum
956 2610 1032 2679 prius
1049 2625 1132 2680 quam
1150 2609 1253 2666 iaotum
1271 2610 1406 2681 praesidis
1424 2609 1592 2682 comprobet,
1612 2617 1640 2660 1⁵

130 2699 271 2756 nondum
291 2699 433 2754 amississe
451 2698 513 2768 quis
531 2698 669 2753 ciuitatem
688 2697 806 2754 uidetur.
836 2698 951 2769 proinde
969 2699 992 2754 si
1011 2703 1075 2754 anto
1093 2699 1270 2768 decessisset,
1294 2699 1362 2753 einis
1381 2697 1533 2756 deoessisse
1551 2699 1591 2756 ui·

132 2787 227 2844 denir
246 2791 279 2844 et
296 2786 547 2858 fideloommissum,
565 2786 639 2856 quod
657 2791 721 2842 aute
740 2787 895 2858 reliquerat,
914 2803 996 2858 quum
1014 2788 1345 2858 mauriannensem,
1364 2786 1481 2844 ualobit:
1498 2787 1549 2844 sed
1563 2794 1592 2845 et

186 2883 256 2946 poet
273 2877 453 2944 seutentmm,
472 2880 619 2945 autequam
637 2877 785 2946 imperator
803 2874 976 2946 comprobet,
994 2876 1098 2934 ualebit
1114 2877 1189 2947 quod
1207 2874 1310 2934 iootum
1329 2881 1385 2944 est,
1404 2877 1468 2946 qula
1485 2881 1590 2934 osrtum

82 2979 107 3023 4
137 2971 252 3022 murm
271 2981 362 3035 usque
380 2964 470 3028 adhue
482 2964 586 3021 habuit.
614 2964 799 3035 Apraeiootis
810 2979 876 3021 uero
889 2966 1027 3035 praetorio
1040 2967 1083 3022 uel
1094 2981 1136 3036 oo,
1154 2966 1202 3035 qui
1214 2965 1275 3022 uiue
1286 2963 1450 3035 praeseutial
1463 2981 1498 3020 ex
1515 2981 1590 3022 mau-

139 3053 222 3109 datis
241 3053 376 3124 principis
394 3060 555 3124 cognosset,
577 3055 644 3110 item
663 3071 680 3109 a
698 3053 838 3125 praeieoto
856 3053 932 3110 urbis
951 3054 1111 3124 deponatos
1135 3055 1211 3124 (quia
1227 3055 1254 3110 si
1271 3068 1381 3124 quoque
1398 3054 1516 3122 epistula
1533 3053 1590 3110 diui
1609 3061 1639 3108 ιο

143 3141 246 3198 Seueri
263 3147 294 3198 et
310 3141 484 3211 imperatoris
501 3143 588 3198 nostri
605 3144 649 3199 ius
667 3143 829 3214 deportandi
847 3141 942 3198 datum
957 3145 1010 3210 est)
1028 3144 1121 3200 statim
1134 3144 1259 3200 amittere
1271 3143 1412 3200 ciuitatem
1424 3145 1453 3196 et
1464 3141 1526 3198 ideo
1539 3157 1590 3200 nso

94 3247 120 3295 5
146 3232 308 3286 umenti
325 3229 506 3286 indendiius
524 3231 847 3288 ueoiideioommittoudi
864 3231 1100 3288 comminatore.
1137 3231 1246 3304 Siquis
1264 3233 1344 3301 mane
1362 3231 1390 3288 iu
1407 3231 1524 3288 insulam
1542 3229 1589 3286 ds

151 3325 275 3388 portatus
299 3319 440 3376 oodioillos
463 3319 501 3375 ibi
522 3319 619 3375 feeerit
642 3325 671 3375 et
694 3320 864 3390 indulgentia
884 3321 1057 3390 imperatoris
1075 3321 1217 3376 restitutus
1235 3319 1323 3376 isdem
1341 3320 1473 3376 oodioillis
1490 3319 1589 3380 durau·

154 3405 227 3462 uin
244 3407 403 3478 deouaerit,
421 3413 514 3479 potest
530 3407 641 3464 defendi
658 3406 900 3466 fideioommissum
918 3409 1019 3480 ualere,
1037 3410 1061 3466 si
1074 3409 1196 3466 modoiu
1207 3408 1305 3466 erdem
1316 3409 1459 3464 uoluntate
1470 3408 1589 3464 durauit

119 3515 143 3559 ε
164 3492 297 3552 Seiondnm
316 3501 362 3552 est
378 3503 472 3552 sutem
491 3511 584 3553 eoram
602 3496 667 3554 idei
685 3499 837 3554 oommitti⁸
854 3513 936 3568 quam
955 3512 1052 3568 posse,
1072 3498 1108 3554 ad
1126 3513 1195 3568 quos
1213 3497 1316 3567 aliquid
1333 3501 1529 3567 peruenturum
1547 3501 1590 3554 est
1609 3507 1638 3549 ss

130 3599 146 3644 τ
168 3589 242 3638 murts
263 3585 336 3655 sius,
359 3587 406 3642 uel
430 3585 496 3640 dum
513 3585 553 3641 eis
571 3586 653 3659 dptur
670 3587 716 3642 uel
733 3586 798 3642 dum
818 3587 858 3643 eis
876 3601 931 3642 uou
949 3586 1086 3643 adimitur.
1122 3587 1180 3644 Nee
1197 3589 1304 3642 tautum
1321 3586 1439 3656 proximi
1455 3585 1589 3642 bonorum

1 3709 24 3748 ¹.
85 3665 89 3676 ”
141 3675 326 3743 swessona,
345 3688 443 3730 uerum
461 3672 596 3730 inferioris
613 3689 723 3745 quoquo
740 3673 805 3731 iidei
822 3676 994 3732 oommittore
1010 3689 1167 3746 possumus.
1197 3673 1253 3732 Sed
1270 3680 1300 3730 et
1316 3675 1385 3744 eius,
1402 3675 1451 3744 qui
1468 3673 1589 3732 noudum

46 3821 54 3834 ι
153 3763 240 3814 auin
253 3767 301 3832 stt,
317 3761 384 3818 tidei
403 3763 535 3818 oommitti
552 3778 644 3833 posse,
663 3765 687 3818 si
704 3763 786 3820 modo
805 3767 886 3819 natus
905 3763 983 3818 uobis
1001 3779 1180 3820 suooessurus
1195 3764 1239 3820 sit.
1266 3763 1338 3819 lllud
1349 3767 1424 3820 uerte
1435 3761 1589 3820 indubitate

183 3843 267 3920 didius,
283 3852 306 3906 si
323 3852 386 3922 quis
403 3851 551 3906 intestatus
569 3851 706 3908 deusdona
723 3852 759 3908 ab
776 3867 825 3922 oo,
844 3852 890 3922 qui
908 3852 996 3922 primo
1014 3852 1103 3922 gradu
1121 3853 1147 3907 ei
1164 3852 1313 3910 suoeedera
1330 3852 1432 3922 potuit,
1450 3849 1588 3908 fideioom·

185 3933 268 3992 uirum
284 3940 430 4010 reliquerit,
449 3940 473 3994 si
491 3940 537 3996 illo
554 3940 716 4009 repudiante
734 3941 769 3996 ad
781 3945 941 4011 sequentem
954 3941 1070 4012 gradum
1083 3940 1214 3996 deuolnta
1225 3940 1261 3995 sit
1272 3939 1420 4008 samonio,
1438 3952 1500 3994 sum
1512 3937 1588 3996 fidei·
1607 3949 1636 3990 eo

157 4025 326 4082 iluunusum
350 4043 406 4084 uou
429 4027 544 4084 debere:
567 4035 597 4084 et
619 4029 658 4084 ita
679 4030 829 4100 imperetur
850 4033 945 4086 nostin
967 4030 1116 4101 resoripsit
1152 4028 1209 4084 sod
1230 4032 1261 4084 et
1283 4027 1475 4097 siapattouo
1493 4027 1530 4082 sit
1546 4041 1587 4082 re-

188 4125 393 4203 FlWllllQloli)

189 4271 759 4374 {mmmmmisoerenonpotostnonat
868 4292 877 4339 ι·
924 4284 1057 4340 ’quidet
1103 4283 1327 4349 'ostentui
1370 4281 1588 4351 ⁴rodd0illl⁷l

209 4350 381 4412 littieotorum
399 4357 444 4427 (os.
458 4354 667 4410 Orelli-Henna
684 4355 793 4412 teoto
828 4355 940 4423 dotti?
1012 4352 1104 4410 ⁸fidoi
1122 4354 1293 4410 committere
1310 4355 1408 4422 (audli

191 4487 319 4560 iuratum
337 4505 376 4557 F·
427 4504 645 4588 iorsssrusl'1
698 4505 842 4575 dlegatus
896 4508 929 4592 ¹.¹
952 4505 1079 4591 quotiens
1095 4504 1186 4575 ipsum
1208 4507 1402 4610 testamentum
1422 4502 1504 4589 'ualet
1520 4517 1587 4574 quo

191 4563 844 4718 llllitlttittlllslttlfflll
895 4576 1239 4717 1111οέ111191ἳὲ
1252 4575 1588 4716 letlillllltl

194 4715 307 4831 {intuitu
320 4717 386 4772 suti
399 4717 711 4824 alxauorqasaotgoa
725 4719 750 4772 B
763 4719 844 4790 (Tip.)
897 4720 932 4774 19
978 4716 1119 4802 ruefeuii's'
1140 4719 1176 4770 Ρ
1234 4719 1269 4772 21
1297 4716 1523 4802 deperiuud'um'i
1550 4713 1587 4768 F*

206 4789 335 4858 Nonii
365 4789 844 4858 9morsoontrugrt1FDQKmors
897 4791 932 4846 22
1012 4788 1090 4844 rsudr
1108 4789 1142 4842 pu
1200 4788 1235 4844 25
1255 4786 1320 4844 ider
1341 4792 1475 4844 oommrttr
1495 4785 1586 4857 quom]

194 4849 284 4920 ningit
297 4859 340 4923 F’,
357 4861 427 4918 mori
445 4859 582 4928 ooutingit
594 4861 624 4926 0,
642 4859 712 4914 mori
729 4861 845 4930 eontigit
897 4859 989 4925 FWO,
1008 4857 1073 4915 idei
1091 4859 1224 4914 committi
1240 4857 1307 4928 quid
1325 4857 1353 4922 1,
1371 4857 1436 4914 fidei
1454 4855 1589 4914 oommitti

198 4905 298 4982 inan
318 4932 433 5001 margo
456 4931 495 4995 s,
519 4945 591 4986 mon
613 4932 639 4987 er
661 4931 807 5000 nnuma
828 4931 846 4985 1
897 4928 1470 5000 quamqtoarsommrsarsqaomuuu
1500 4927 1588 4984 asnar

197 4980 219 5035 ¹⁰
228 5003 263 5048 ¹¹0⁸
272 5001 334 5071 stes]
346 5001 403 5068 EO,
422 5016 480 5058 uon
497 5016 559 5057 esee
570 5003 614 5067 sl,
629 5017 692 5058 saro
703 5002 738 5067 K,
756 5002 843 5058 aral>
897 5001 1022 5058 dumosis
1039 4999 1122 5058 datm
1137 5007 1177 5056 tar
1194 5002 1231 5056 l'1
1247 5003 1253 5068 Ι
1267 5011 1401 5056 nouorum
1419 4999 1456 5054 Ρ
