3608 5460
92 317 153 366 aar
174 319 361 368 ruuxcsrau
741 369 742 372 ,
762 299 852 380 627
1172 305 1352 372 XXXXIIII
1373 307 1393 371 2
1414 313 1530 366 :rt-30

93 470 150 510 uon
167 453 263 512 inerit:
287 471 372 526 quare
390 471 455 512 uere
473 457 579 512 dicetur
596 471 673 528 eum,
692 458 739 528 qui
757 460 888 516 alterutra
905 477 999 517 earum
1017 462 1117 532 egerit,
1137 463 1161 516 si
1178 463 1264 518 altera
1281 468 1379 532 postea
1397 466 1471 531 agat,
1490 460 1529 516 rei

59 543 232 600 aiudicstee
258 546 420 616 exceptione
442 547 618 602 summoueri.
654 545 683 602 Sl
706 552 734 602 te
757 550 875 618 negotiis
899 551 968 606 meis
990 552 1121 620 optuleris
1144 554 1173 606 ct
1194 549 1308 606 fundum
1334 551 1444 605 nomine
1468 565 1530 605 meo

93 633 218 704 petieris,
240 633 339 690 deiude
357 649 410 704 ego
428 634 499 691 hanc
516 635 676 705 petitionem
694 639 770 692 tuam
790 643 876 694 ratam
896 653 951 694 non
969 638 1098 709 habuero,
1117 639 1166 696 sed
1185 639 1352 694 mandauero
1369 638 1428 707 tibi,
1447 643 1478 692 ot
1496 653 1530 693 ex

93 721 202 792 integro
225 723 342 779 eundem
365 721 479 779 fundum
497 728 618 794 peteres,
641 726 768 794 exceptio
786 727 825 782 rei
843 727 980 784 iudicatae
999 743 1054 783 uon
1072 727 1207 784 obstabit:
1233 721 1286 782 alia
1303 728 1375 782 euim
1394 741 1438 781 ros
1456 725 1531 781 lacta

93 815 137 866 est
154 811 352 867 interueniente
371 813 511 868 mandato.
539 812 611 868 idem
630 819 681 883 est,
700 814 724 870 si
742 830 796 870 nou
815 815 843 870 in
862 832 927 886 renr,
946 816 996 872 sed
1014 818 1041 872 iu
1059 832 1204 886 personam
1223 821 1314 871 actum
1334 815 1423 870 luerit.
1549 827 1562 866 s
1606 841 1608 848 =

36 894 74 952 26
147 898 320 958 &messus
341 901 410 958 libro
433 917 505 958 nouo
528 903 728 972 quaestionum.
764 904 818 974 Egi
843 909 932 960 tecum
951 906 994 962 ius
1013 905 1078 960 mihi
1096 921 1157 960 esse
1176 905 1259 960 aedes
1278 920 1354 960 mess
1373 899 1568 987 [fia-{48

93 1001 182 1056 usque
200 989 236 1044 ad
254 989 349 1046 decem
368 990 454 1061 pedes
472 991 553 1046 altius
571 991 679 1047 tollere:
696 997 762 1062 post
779 1008 832 1062 ago
850 994 893 1048 ius
913 993 977 1048 milri
995 1008 1057 1049 esse
1075 1009 1162 1064 usque
1181 993 1217 1048 ad
1235 994 1332 1062 uiginti
1351 995 1436 1062 pedes
1448 995 1530 1048 altius

92 1077 203 1132 tollere:
227 1080 354 1148 exceptio
378 1081 418 1136 rei
441 1079 578 1136 iudicatas
600 1081 695 1150 procul
714 1079 798 1136 dubio
816 1080 945 1137 obstabit.
978 1082 1029 1138 sed
1047 1087 1076 1138 ct
1093 1083 1117 1138 si
1135 1098 1229 1137 rursus
1247 1083 1287 1136 ita
1304 1097 1385 1151 agam
1403 1083 1446 1138 ius
1465 1083 1531 1136 mibi

93 1179 156 1221 esse
177 1167 259 1222 altius
278 1167 313 1222 ad
332 1169 399 1224 alios
418 1169 512 1224 decem
532 1169 617 1238 pedes
634 1169 742 1238 tollere,
768 1168 890 1242 obstabit
907 1171 1046 1241 exceptio,
1073 1187 1134 1226 cum
1154 1171 1232 1225 aliter
1250 1171 1374 1240 superior
1390 1185 1455 1238 pars
1473 1171 1530 1224 iure

62 1263 72 1306 ι
93 1251 189 1309 baberi
207 1245 262 1312 non
278 1257 374 1326 possit,
393 1273 476 1327 quam
495 1258 519 1313 si
537 1256 648 1314 inferior
665 1272 775 1327 queque
793 1258 851 1314 iure
869 1258 1011 1315 habeatur.
1040 1261 1108 1314 Item
1127 1259 1150 1314 si
1168 1257 1253 1314 iuudo
1270 1260 1357 1327 petito
1375 1263 1473 1329 postea
1491 1259 1530 1314 in·
1550 1267 1579 1306 ¹⁰

93 1343 163 1412 suls,
181 1357 254 1414 quae
272 1360 288 1399 c
306 1346 418 1415 regione
436 1347 496 1402 eius
514 1348 542 1402 iu
560 1346 671 1402 flumine
690 1350 756 1402 nata
773 1347 833 1416 erit,
851 1351 970 1418 petatur,
989 1349 1114 1419 exceptio
1133 1347 1277 1404 obstatura
1295 1353 1346 1402 est.

36 1428 74 1486 27
147 1432 300 1488 llxnsrrus
323 1434 393 1490 libro
416 1436 534 1506 septimo
557 1434 785 1491 membranarum.
822 1435 891 1492 Cum
916 1437 950 1492 de
973 1437 1039 1506 hoo,
1063 1454 1098 1492 an
1121 1437 1217 1492 eadem
1239 1452 1284 1491 res
1302 1441 1353 1505 est,
1373 1431 1530 1518 [Kasia]
1549 1439 1589 1514 Ss

93 1521 242 1591 quaeritur,
260 1521 328 1577 haec
346 1523 497 1592 spectanda
514 1528 592 1580 sunt:
610 1539 752 1594 personae,
771 1524 799 1580 id
817 1525 906 1595 ipsum
926 1525 961 1580 de
980 1541 1034 1596 quo
1050 1527 1148 1596 agitur,
1168 1541 1252 1580 cansa
1263 1512 1530 1595 proximantibus.

93 1624 145 1664 nec
163 1610 217 1665 iam
236 1611 362 1682 interest,
386 1627 441 1682 qua
459 1613 563 1668 ratione
581 1613 644 1682 quis
662 1628 722 1668 cam
742 1629 853 1668 causam
872 1615 988 1670 actionis
1006 1617 1161 1684 competere
1180 1613 1231 1668 sibi
1250 1613 1448 1684 existimasset,
1470 1629 1530 1684 per·

93 1696 158 1753 iode
182 1715 215 1754 sc
239 1701 262 1755 si
280 1701 355 1771 quir,
377 1705 558 1772 posteaquam
582 1706 678 1757 contra
697 1715 760 1758 eum
778 1701 928 1758 iudicatum
947 1707 1033 1774 esset,
1055 1718 1128 1758 noua
1145 1703 1327 1758 instrumenta
1345 1717 1445 1757 causae
1464 1717 1531 1757 suae
1550 1709 1578 1751 1⁶

92 1787 268 1858 repperisset.

37 1873 76 1933 28
146 1875 328 1934 Picumnus
350 1877 419 1934 libro
441 1877 592 1936 uicensimo
615 1878 733 1947 septimo
755 1879 955 1949 quaestionum.
992 1879 1125 1950 Exceptio
1149 1879 1188 1934 rei
1212 1879 1349 1935 indicetne
1373 1873 1530 1962 Q
1549 1883 1577 1936 P

93 1964 205 2022 nocebit
223 1967 257 2036 ei,
275 1967 321 2036 qui
340 1967 368 2024 iu
386 1968 536 2023 dominium
556 1967 690 2022 successit
708 1967 768 2022 eius
785 1967 832 2037 qui
850 1967 951 2023 iudicio
970 1971 1099 2037 expertus
1118 1973 1168 2022 ert.

36 2051 74 2110 29
146 2055 224 2110 lours
244 2054 314 2111 libro
332 2055 477 2112 undecimo
495 2071 696 2126 responsorum.
733 2055 874 2111 iudicatae
893 2055 1001 2126 quidem
1021 2057 1060 2110 rei
1078 2057 1257 2126 praescriptio
1275 2054 1354 2110 coho·
1373 2051 1529 2138 ffl‘a'o
1549 2060 1576 2112 P

93 2141 167 2213 redi,
191 2145 237 2214 qui
260 2159 316 2200 nou
336 2145 469 2215 litigabit,
492 2143 603 2200 obstare
624 2159 678 2199 uou
697 2148 802 2213 potest,
826 2159 877 2200 nee
895 2145 924 2200 in
942 2145 1101 2200 seruitutem
1120 2145 1230 2200 uidetur
1247 2145 1304 2214 peti
1322 2149 1386 2213 post
1404 2160 1461 2200 rem
1479 2132 1530 2213 pro
1550 2155 1578 2193 2⁰

92 2229 220 2288 libertate
244 2233 392 2288 iudicatam
416 2232 537 2289 noudum
556 2248 591 2288 ex
609 2247 694 2288 causa
711 2231 916 2288 fideicommissi
935 2235 1131 2289 manumissus:
1155 2233 1204 2288 sed
1223 2233 1357 2302 praetoris
1375 2237 1484 2302 oportet
1502 2233 1529 2287 in

93 2334 128 2376 sa
145 2335 175 2376 re
193 2322 356 2378 seutemiam
376 2321 489 2392 seruari,
507 2325 606 2392 (ιιιιιιιι1
626 2336 676 2392 pro
694 2324 772 2391 parte
790 2322 856 2378 nieti
875 2323 1008 2392 praestari
1027 2338 1081 2378 nou
1097 2327 1203 2393 potest:
1222 2337 1286 2377 nam
1299 2324 1400 2375 etcum
1414 2321 1529 2376 alterum

93 2423 129 2464 ex
147 2407 328 2466 coheredibus
345 2408 503 2481 ioollieiolsi
522 2411 646 2480 quaestio
664 2411 754 2466 tenuit
771 2411 919 2466 autetiam
937 2410 1046 2466 duobus
1060 2411 1208 2480 separatim
1221 2408 1368 2479 agentibus
1380 2410 1449 2464 alter
1461 2409 1530 2478 opti-
1548 2415 1565 2462 t.
1577 2416 1631 2463 sot*

92 2497 163 2567 uuit,
180 2497 322 2554 libertates
339 2504 494 2569 competere
512 2499 622 2569 placuit,
641 2499 680 2554 itu
697 2505 797 2568 umen,
816 2502 848 2554 ut
865 2497 956 2556 officio
974 2499 1071 2554 iudicis
1083 2499 1255 2554 indemnitati
1267 2499 1380 2554 uictoris
1392 2495 1530 2567 lotus-ique

61 2593 73 2638 1
93 2587 301 2644 manumissoris
325 2588 491 2644 consulatur.
527 2587 557 2643 Si
581 2587 689 2643 debitor
711 2587 746 2642 de
765 2587 885 2644 dominio
903 2588 955 2657 rei,
979 2603 1061 2657 quam
1080 2587 1186 2658 pignori
1204 2587 1293 2655 dedit,
1318 2601 1372 2642 uon
1390 2585 1530 2640 admonito
1550 2595 1579 2636 se

93 2673 230 2730 creditore
248 2691 359 2732 causam
379 2677 467 2746 egerit
484 2680 513 2731 et
530 2676 695 2732 contrariam
713 2676 877 2732 senteutiam
896 2677 1041 2747 acceperit,
1060 2676 1223 2732 creditoris
1241 2677 1330 2731 locum
1343 2675 1411 2730 uicti
1422 2689 1530 2730 succes·

94 2763 164 2820 sisse
182 2779 237 2819 uon
256 2764 405 2836 uidebitur,
420 2781 483 2820 cnm
501 2765 623 2835 pignoris
641 2763 787 2820 conuentio
805 2765 967 2820 sententiam
986 2766 1175 2835 praecesserit.

32 2845 77 2906 30
147 2851 267 2908 Patruus
285 2851 354 2910 libro
371 2859 469 2924 quarto
487 2854 594 2909 decimo
612 2853 814 2922 quaestionum.
841 2854 884 2908 Ex
902 2857 1029 2909 sextante
1048 2854 1127 2909 heres
1139 2853 1289 2922 institutus,
1307 2853 1354 2921 qui
1373 2847 1531 2936 [fflffi
1551 2856 1579 2910 P

93 2939 226 2996 intestato
244 2941 383 3011 legitimus
401 2942 480 2998 heres
499 2957 560 2998 esse
578 2946 679 3012 potest,
701 2957 763 2996 cnm
782 2941 817 2996 dc
835 2942 893 2996 iure
912 2943 1069 2998 testamenti
1087 2941 1190 2998 iaceret
1207 2941 1404 3012 quaestionem,
1423 2941 1458 2996 'ab
1477 2957 1532 2996 uno

94 3043 130 3084 ex
148 3029 281 3085 institutis
299 3029 439 3086 dimidiam
458 3036 564 3100 partem
583 3031 742 3088 hereditatis
760 3031 840 3102 petiit
854 3046 905 3086 nec
917 3032 1043 3101 optinuit.
1070 3030 1180 3086 uidetur
1197 3031 1225 3085 in
1243 3031 1290 3085 illa
1303 3030 1434 3100 petitione
1448 3030 1530 3084 etiam
1551 3038 1580 3078 ³⁰

94 3121 201 3187 partem
226 3120 361 3174 sextantis
384 3119 538 3176 uindicasse
562 3125 591 3176 et
608 3121 684 3189 ideo,
708 3121 732 3175 si
750 3120 872 3190 coeperit
889 3117 924 3174 ab
943 3119 1039 3176 eodem
1058 3134 1093 3175 ex
1111 3123 1277 3175 testamento
1296 3117 1412 3173 eandem
1431 3119 1531 3188 portio-

64 3216 75 3260 ι
95 3221 158 3262 nem
182 3211 290 3277 petere,
312 3207 435 3264 obstabit
455 3209 481 3264 ei
499 3209 624 3278 exceptio
642 3210 682 3264 rei
700 3209 845 3266 indicatae.
882 3210 997 3264 Latinus
1015 3209 1135 3278 Largus:
1159 3224 1220 3263 curn
1240 3207 1275 3262 de
1292 3205 1444 3261 hereditate
1462 3207 1533 3261 inter

94 3295 243 3365 Maeuium,
261 3295 297 3350 ad
315 3311 396 3366 quem
409 3295 572 3368 pertinebat,
591 3303 620 3353 et
631 3298 742 3367 Titium,
761 3297 807 3366 qui
820 3297 1033 3354 controuersiam
1048 3300 1179 3366 mouerat,
1198 3296 1403 3364 bansigeretur,
1421 3293 1532 3349 traditio

94 3399 185 3440 rerum
210 3383 433 3441 hereditariamm
452 3386 561 3442 Maeuio
578 3386 672 3442 heredi
690 3403 708 3442 a
725 3386 798 3442 Titio
816 3384 891 3441 lacta
908 3389 965 3455 est,
989 3387 1016 3440 in
1035 3400 1090 3456 qua
1107 3385 1253 3441 traditione
1272 3383 1354 3438 etiam
1373 3381 1488 3436 fundum
1506 3383 1531 3436 ei

94 3487 175 3530 suum
194 3473 342 3544 proprium,
360 3488 442 3542 quem
461 3479 525 3530 ante
543 3476 643 3530 multos
661 3490 749 3530 annos
766 3491 819 3530 auo
838 3474 961 3530 eiusdem
979 3475 1079 3530 blaeuii
1094 3473 1201 3529 heredis
1214 3472 1385 3542 obligauerat
1396 3485 1532 3540 quemque
1556 3479 1585 3520 er

95 3563 141 3617 alii
163 3569 263 3632 postea
285 3563 313 3617 in
336 3562 531 3633 obligationem
555 3563 720 3632 deduxerat,
745 3578 780 3618 ex
803 3579 888 3618 causa
904 3563 979 3632 pacti
996 3561 1118 3617 tradidit.
1150 3561 1192 3616 his
1211 3561 1297 3630 gestis
1315 3560 1449 3629 posterior
1467 3559 1534 3614 Titii

95 3651 216 3706 creditor
233 3652 276 3706 ius
294 3667 374 3706 suum
392 3657 554 3720 persecutus
572 3656 616 3708 est
633 3657 662 3707 et
679 3651 806 3721 optinuit.
832 3656 896 3720 post
913 3651 965 3707 hoc
982 3651 1112 3707 iudicium
1130 3650 1254 3705 Maeuius
1272 3648 1352 3703 heres
1370 3648 1490 3716 repperit
1504 3648 1532 3702 in

95 3739 178 3796 rebus
196 3740 280 3795 auitis
298 3738 507 3810 chirographum
526 3739 648 3796 eiusdem
661 3740 726 3794 Titii
744 3744 808 3794 ante
826 3740 927 3795 multos
945 3755 1031 3796 anuos
1047 3739 1240 3809 conscriptum,
1258 3752 1308 3807 per
1319 3735 1393 3806 qued
1406 3735 1533 3806 apparuit

95 3844 159 3884 eum
183 3825 312 3898 fundum,
337 3828 384 3898 qui
405 3829 433 3884 in
451 3843 563 3884 causam
582 3828 774 3884 transactionis
792 3832 918 3898 uenerat,
941 3829 1025 3884 etiam
1045 3843 1097 3884 auo
1116 3841 1167 3882 suo
1185 3825 1221 3882 ab
1238 3823 1335 3880 eodem
1354 3825 1428 3879 Titio
1446 3822 1532 3878 luisse

32 3969 36 3978 .
95 3917 258 3988 obligatum.
290 3933 352 3972 cum
376 3931 443 3986 ergo
466 3920 575 3972 constet
595 3916 671 3986 prius
694 3931 747 3972 auo
766 3917 865 3972 llaeuii
888 3916 996 3972 heredis
1018 3918 1046 3972 in
1068 3915 1262 3984 obligationem
1281 3913 1399 3969 eundem
1417 3911 1531 3969 lendum
1551 3922 1580 3962 so

95 4005 206 4076 damin,
224 4005 259 4060 de
278 4022 332 4076 quo
350 4005 474 4060 Maeuius
493 4009 638 4075 superatus
656 4009 713 4073 est,
733 4019 847 4074 quaero,
866 4019 901 4060 an
920 4005 963 4060 ius
982 4005 1026 4060 aui
1045 4005 1096 4074 sui,
1115 4003 1189 4074 quod
1208 4009 1282 4071 tuuc,
1300 4017 1362 4056 cum
1381 4001 1416 4056 de
1434 4001 1531 4057 eodem

95 4093 183 4150 luudo
202 4099 343 4164 ageretur,
361 4093 520 4164 ignorabat,
539 4093 613 4148 nulla
631 4093 792 4162 exceptione
811 4093 937 4164 opposita
955 4095 1068 4164 exsequi
1085 4093 1181 4162 possit.
1214 4089 1356 4160 respondi:
1376 4090 1400 4144 si
1417 4089 1453 4144 de
1470 4105 1532 4160 pro·

94 4183 214 4254 prietste
237 4181 315 4238 lundi
337 4183 477 4251 litigatur²
495 4185 524 4237 et
543 4182 693 4237 secuudum
712 4186 832 4238 actorem
851 4183 1056 4252 pronuntiatum
1075 4180 1182 4249 luisset,
1205 4181 1358 4235 diceremus
1376 4179 1479 4248 petenti
1499 4178 1533 4248 ei,

95 4271 195 4341 quiin
217 4271 307 4340 priore
331 4270 431 4326 iudicio
454 4271 545 4327 uictus
569 4275 624 4340 est,
647 4269 815 4326 obstaturam
835 4271 874 4326 rei
892 4271 1029 4326 indicatae
1047 4269 1249 4340 exceptionem,
1273 4268 1401 4338 quoniam
1420 4267 1455 4322 de
1474 4267 1533 4322 eius

95 4386 290 4455 HXYMOG)

96 4551 105 4582 ¹
125 4545 219 4617 quam]
239 4561 405 4616 quamquam
424 4533 521 4612 (asili
591 4545 603 4580 ²
620 4545 756 4615 litigatum
775 4545 879 4613 (detti‘l

94 4713 172 4768 41θί
190 4714 288 4772 cnm
351 4713 368 4768 5
389 4711 520 4768 mandato
540 4714 575 4766 F’
598 4713 603 4779 Ι
624 4712 652 4767 in
675 4713 741 4782 rem]
765 4713 789 4768 ir
841 4711 1100 4781 ihspeepiacqriboc,
1115 4711 1146 4765 ira
1160 4707 1532 4780 ¹errrarspsrrrspacpeiur‘rs‘rrru·

94 4799 153 4839 rem
167 4785 205 4836 Ρ
250 4784 371 4854 timeas]
390 4785 515 4840 meusF¹
561 4782 786 4852 8obstauitF²l
842 4783 1217 4848 esicoisiasrarBlArroa.)
1263 4783 1371 4836 2lcom
1392 4785 1533 4835 emrnteue

95 4861 165 4926 agat
183 4853 219 4908 F·
264 4857 297 4910 ll
315 4853 788 4924 regione‘m’eiusF210bstaturus
841 4855 944 4925 placuit
953 4857 1011 4921 (sie)
1022 4855 1060 4907 F’
1100 4855 1135 4908 25
1149 4854 1300 4922 pignoreF¹
1324 4858 1360 4918 la
1381 4851 1484 4905 monita
1497 4852 1533 4904 ΡΙ

94 4931 140 4982 est
158 4925 196 4979 F¹
252 4927 286 4982 15
303 4940 371 4981 suae
399 4931 478 4996 stage
497 4926 534 4978 ΡΙ
582 4927 616 4980 21
636 4941 672 4980 ex
689 4945 737 4980 em.
750 4925 788 4978 1³1
842 4928 877 4981 ‘29
894 4927 1032 4994 legitimus
1045 4923 1138 4978 ‘heres'
1151 4939 1213 4979 csse
1233 4925 1270 4978 F’
1327 4925 1363 4977 30
1380 4922 1479 4992 petiit
1497 4921 1534 4974 F’

94 4997 132 5053 22
150 4997 217 5052 uicti
235 4998 369 5069 praestari
393 4999 426 5050 F:
445 5003 596 5069 prostraret
610 4996 789 5081 uictusprae-
841 4998 877 5052 36
895 4995 1081 5065 alii‘s'postea
1095 4996 1131 5050 F’
1184 4996 1219 5050 38
1237 4993 1328 5063 rebus]
1342 4994 1386 5056 Μ,
1404 4991 1535 5046 bouisF³

94 5073 185 5140 sare,
209 5075 248 5124 sic
270 5074 373 5124 uertrod
392 5067 502 5124 Graeci:
525 5067 680 5132 ophirrersr
706 5067 789 5122 artic
841 5069 877 5124 42
895 5068 1027 5138 exsequi
1045 5067 1083 5120 F’
1135 5067 1171 5122 43
1188 5064 1316 5122 suissed*

1269 5151 1330 5211 qq*
