3504 5452
12 173 56 224 rr
81 173 387 225 rrnmoonnmssus
714 150 800 232 105
1169 157 1305 226 XXXIII
1326 161 1343 225 1
1366 165 1477 222 ιτ-ιο

12 312 130 370 Ιίιιιιιι
150 313 185 368 id
203 313 334 384 legatum
352 314 383 368 in
395 329 480 370 annos
492 313 615 384 singulos
627 311 730 370 deberi.
758 313 828 369 'Uiri
841 314 957 386 Falerni
976 315 1049 385 quod
1062 315 1135 372 domi
1147 321 1313 386 moeretur,
1330 315 1477 387 quotannis

12 404 48 458 'su
69 417 171 458 annos
192 404 323 472 singulos
340 401 422 458 blnos
441 403 533 458 ouleos
551 401 630 458 heres
649 417 727 458 meos
740 401 819 458 Attio
837 403 920 459 dato'.
947 405 1030 460 etism
1048 419 1099 476 pro
1116 419 1150 462 eo
1168 419 1248 474 auno,
1267 419 1322 476 quo
1336 404 1401 460 nihil
1419 405 1476 461 uiui

12 493 118 548 sanum
139 497 200 562 est,
220 492 319 548 deberi
336 491 408 548 duos
426 492 526 561 onleos,
545 491 568 545 si
586 491 669 548 modo
687 507 722 546 ex
739 491 879 548 uindemia
896 497 1049 550 ceterorum
1067 508 1199 567 annorum
1217 493 1277 548 dari
1293 494 1389 564 possIt

69 577 253 636 semona
269 581 341 636 libro
358 585 456 650 quarto
475 579 581 636 deeimo
599 579 777 649 digestorum.
805 579 944 638 codicillis
957 585 1123 638 testamento
1135 581 1302 638 confirmatis
1320 578 1475 666 stifft-ese
1493 591 1521 648 Α

12 667 144 726 undum
166 669 279 725 libertis
295 670 402 739 legeuit
419 683 535 738 eumque
553 659 666 724 alieneri
683 669 786 739 uetuit,
805 670 855 725 sed
872 671 1009 742 pertinere
1026 672 1113 726 uoluIt
1131 676 1159 728 et
1176 671 1213 726 sd
1229 669 1301 726 filios
1317 659 1476 728 libertoruffi
1493 685 1508 728 ι

11 756 125 816 uelox
146 757 196 813 lris
221 763 318 814 natos:
343 757 444 812 deinde
467 757 536 813 boeo
557 756 645 813 uerbo
667 757 780 814 adierit:
800 758 825 814 'a
847 758 946 829 qulbus
970 760 1103 830 proestarl
1126 759 1190 814 uolo
1211 758 1305 816 heredi
1328 775 1363 816 ex
1386 761 1476 818 reditu

11 844 90 900 'eius
111 843 202 902 tonui
220 846 318 902 deoem
335 861 387 917 per
404 861 490 902 annos
508 847 631 916 singulos
648 861 736 916 usque
755 847 791 902 ed
808 863 896 904 anuos
913 848 1026 916 triginta
1042 848 1162 918 quinque
1177 847 1250 904 sdIe
1267 849 1363 905 mortis
1380 850 1475 908 mese'.

11 934 195 1006 quaesitum
213 939 272 1004 est,
294 951 357 1002 eum
376 935 456 990 heres
474 951 492 990 a
508 935 583 990 Titio
601 935 743 990 Institutas
760 935 833 990 iutro
855 936 1026 1006 trigesImnm
1050 937 1175 1006 qulnnun
1193 953 1295 992 sunum
1313 940 1412 995 aetstls
1429 939 1475 996 de·

11 1023 157 1093 cesserit
178 1037 216 1078 au
234 1024 338 1080 residui
354 1024 486 1094 temporis
503 1021 744 1079 fideicommissum
762 1038 798 1078 ex
816 1024 909 1080 uerbis
925 1041 1008 1096 sopra
1020 1025 1129 1095 seriptis
1142 1025 1250 1082 beredIs
1261 1041 1371 1097 quoque
1383 1027 1476 1083 beredi

11 1109 180 1171 debeatur.
208 1113 352 1182 respondit
374 1111 480 1180 deberi,
504 1112 556 1166 nisi
579 1111 741 1168 ostendatur
764 1128 781 1167 ι
803 1112 909 1168 libertis
931 1117 1091 1169 testatorem
1115 1113 1151 1168 ad
1174 1113 1283 1170 beredis
1304 1115 1475 1186 trigesimum
1495 1127 1524 1169 ιο

12 1201 160 1275 quintum
188 1217 291 1257 annom
313 1201 477 1270 respexisse.
513 1197 608 1255 Stiobo
631 1201 741 1257 alumno
764 1216 815 1257 suo
838 1206 948 1256 eentum
972 1205 1001 1256 et
1024 1205 1179 1258 menstruos
1201 1203 1296 1260 deoem
1319 1209 1348 1259 et
1369 1219 1475 1261 annuos

18 1295 146 1350 neutum
166 1290 229 1346 dari
247 1290 336 1344 uoluit
353 1294 383 1344 et
400 1287 601 1358 temptorum,
625 1303 708 1357 quam
726 1288 854 1344 heredem
873 1305 908 1345 ex
926 1290 1026 1345 niente
1043 1290 1213 1362 Instituerat,
1236 1293 1346 1362 rogsnit
1361 1292 1390 1348 ln
1407 1292 1476 1348 beer

20 1377 133 1439 uerba:
154 1377 229 1434 'fidei
248 1383 313 1434 tuae
331 1377 485 1446 eommltto,
509 1375 671 1446 Sempronia
688 1392 778 1448 soror,
802 1379 843 1434 utl
864 1379 968 1448 legata,
991 1393 1062 1450 quae
1085 1380 1202 1435 domnis
1220 1382 1289 1436 meis
1307 1382 1416 1452 reltqul,
1440 1395 1476 1437 er

28 1467 135 1526 'medio
154 1468 274 1536 reeipiss
291 1471 321 1522 et
338 1465 412 1536 apud
429 1471 457 1520 to
475 1463 586 1534 babere,
604 1465 696 1535 quoad
708 1481 795 1536 usqne
807 1465 1013 1522 commendatos
1025 1465 1144 1524 babeas'.
1171 1469 1326 1538 quaesitum
1344 1474 1395 1538 est,
1413 1483 1476 1524 eom

34 1555 214 1626 Sempronia,
238 1556 317 1610 onius
334 1553 400 1610 lidei
417 1555 592 1610 commissum
610 1555 659 1622 sit,
682 1554 853 1611 abstinuerat
875 1570 906 1610 se
924 1555 1077 1610 hereditate
1095 1561 1241 1627 antequam
1259 1557 1410 1612 sennodum
1427 1571 1476 1613 uo·
1495 1567 1525 1610 ιι

39 1647 173 1706 insumo
191 1642 315 1699 defuneti
333 1646 488 1713 perterreret
505 1643 651 1712 peoouiam
670 1644 786 1700 slumnis
803 1645 939 1714 relietum,
963 1659 999 1699 an
1017 1641 1112 1700 Stlobo
1133 1644 1285 1716 delegatis
1303 1646 1375 1702 aedo
1393 1647 1476 1702 etiam

50 1737 109 1792 aste
124 1735 284 1788 ainaimum
302 1732 427 1802 quintum
446 1745 546 1786 annum
565 1737 712 1802 oompetat
738 1733 880 1802 respondit
897 1736 1061 1802 competere.

13 1837 42 1893 p
102 1822 172 1878 lorus
193 1822 263 1878 b'bro
287 1819 406 1889 septimo
432 1818 539 1876 deoimo
562 1820 740 1890 digestorum.
781 1822 857 1876 litia
879 1821 980 1878 beredo
1004 1820 1068 1876 Seis
1093 1819 1197 1890 seripta
1218 1835 1299 1876 nrum
1318 1817 1476 1907 ffiffi}
1496 1827 1525 1883 A

64 1909 162 1968 metuo
179 1909 256 1966 tundi
268 1909 377 1965 Maenio
394 1908 500 1978 legault
517 1909 632 1979 eiusque
649 1908 714 1964 ddei
732 1910 870 1966 oommisit
886 1911 915 1966 in
932 1909 1002 1966 base
1013 1907 1111 1965 uerba:
1131 1908 1156 1964 'a
1166 1912 1204 1978 te,
1222 1909 1321 1980 litent,
1339 1927 1374 1966 ex
1387 1912 1477 1968 redito

69 1996 135 2056 'ludi
149 1999 298 2070 Speratiani
315 1999 450 2070 praestari
468 1998 533 2053 uolo
545 1997 626 2054 Arrio
644 1997 786 2068 Pumpbilo
803 2003 833 2053 et
843 1998 924 2054 Arrio
937 1997 1030 2054 Stioho
1048 2013 1081 2053 es
1099 1997 1143 2053 die
1161 1997 1257 2054 mortis
1274 2013 1353 2056 meae
1371 2015 1477 2057 annuos
1496 2009 1526 2052 ιο

76 2086 190 2144 'menes
207 2087 367 2158 quotannis,
386 2086 478 2156 onosd
496 2085 608 2142 uiuent’.
634 2087 788 2156 quaesitum
806 2091 862 2156 est,
885 2103 948 2142 oum
966 2087 1090 2144 lineales
1108 2103 1200 2144 sonna
1217 2089 1347 2144 alimento
1362 2089 1477 2160 preosd-

79 2176 128 2244 ιιι
140 2181 327 2246 postmortem
346 2179 439 2230 autem
458 2175 517 2230 elus
535 2173 637 2230 londos
655 2175 691 2230 nd
709 2175 838 2230 heredem
856 2176 946 2231 'littae
964 2175 1046 2246 pleno
1068 2176 1128 2232 iore
1146 2175 1270 2248 redierit,
1293 2191 1330 2232 an
1347 2179 1478 2234 elimenta

83 2275 105 2317 ιι
116 2262 305 2320 ideioommisso
323 2263 465 2333 Pamphilo
483 2262 618 2319 etStioho
635 2263 795 2319 debeantur.
823 2264 952 2334 respondi
971 2264 1036 2320 nibil
1054 2265 1177 2336 proponi,
1196 2281 1246 2321 our
1262 2265 1383 2322 debeant
1398 2281 1476 2336 prae·

84 2353 129 2406 sse
141 2352 321 2410 sbberedibns
333 2352 432 2421 litiae,
451 2367 513 2408 oum
526 2351 562 2406 ub
573 2350 775 2408 usufruotusrio
793 2352 923 2409 sitmenta
940 2353 1035 2408 rellote
1052 2358 1124 2408 sunt
1152 2353 1225 2410 idem
1243 2355 1370 2425 quaesiit,
1388 2369 1423 2410 ιιι
1441 2353 1477 2411 ab

84 2436 190 2496 leodibus
206 2442 305 2498 llaeuii
323 2441 448 2510 legatarii
466 2441 634 2511 praestanda
651 2441 714 2498 siut
741 2441 884 2512 respondit
900 2441 981 2498 nibll¹
1001 2440 1037 2498 ab
1054 2441 1155 2498 herede
1173 2442 1306 2514 legatarii,
1324 2443 1377 2500 uisi
1394 2448 1477 2500 testa·
1496 2451 1526 2493 ¹⁵

85 2527 145 2582 loten
158 2530 294 2586 manifeste
313 2529 445 2602 probetur
463 2529 583 2586 uoluisse
601 2531 684 2585 etiam
701 2527 779 2586 dotto
796 2545 849 2586 usu
867 2529 957 2586 buetu
975 2531 1122 2601 praestari,
1145 2531 1169 2586 sl
1187 2531 1269 2587 modo
1286 2531 1327 2602 ld,
1351 2531 1424 2602 qood
1443 2547 1478 2588 ex

66 2620 120 2668 loru
133 2615 204 2675 tusto
221 2625 362 2690 reseptum
381 2623 463 2689 esset,
482 2619 508 2674 ei
526 2621 566 2674 rei
583 2618 722 2690 parondae
740 2617 888 2675 sufficeret.
917 2619 968 2685 Qui
980 2619 1072 2676 llaroo
1085 2617 1189 2676 bomini
1200 2619 1282 2676 doeto
1293 2625 1370 2676 ιιι-ιι
1386 2635 1479 2678 ιιιιι

85 2707 209 2780 lntttabst,
227 2713 395 2766 tesmmeuto
414 2708 500 2764 oauit:
519 2707 638 2764 'domiue
660 2707 846 2778 sanetissIma,
869 2707 927 2762 seio
950 2707 1031 2762 tede
1050 2707 1145 2764 amieis
1163 2707 1232 2762 mels
1250 2713 1420 2780 ouraturam,
1442 2725 1478 2766 ue

86 2786 175 2856 'llldhls
184 2797 265 2853 desit:
283 2797 398 2852 nerom¹
409 2799 501 2852 tomen
513 2801 543 2851 et
554 2796 646 2851 Ilaron
658 2795 717 2851 dari
731 2794 912 2866 notingenta':
931 2797 1085 2866 quaesitum
1097 2801 1148 2866 est,
1166 2811 1203 2851 an
1214 2797 1322 2853 llarous
1339 2799 1479 2869 preestitls

86 2875 158 2938 ubter
172 2901 250 2942 ιιιιι
266 2887 353 2956 legati
375 2886 540 2954 ottingentis
563 2900 655 2940 annua
677 2899 786 2954 quoque
810 2885 940 2955 oonsequl
964 2884 1072 2940 debeat
1100 2884 1243 2955 respondit
1265 2885 1331 2941 m‘bll
1353 2887 1478 2958 proponi,
1497 2895 1526 2936 ιο

65 2972 119 3019 ten
130 2985 170 3028 non
185 2975 332 3031 muudum
351 2989 397 3044 ea,
423 2989 494 3043 quee
512 2974 540 3028 iu
558 2974 759 3028 oonsullatione
781 2973 1003 3044 colletaemur,
1026 2972 1187 3029 debeantur.
1217 2973 1310 3030 ‘Luoio
1327 2975 1401 3032 Titio
1418 2977 1479 3031 aori

86 3049 155 3120 'liudo
167 3064 226 3132 tria,
249 3077 323 3133 quse
339 3063 406 3118 uiuo
422 3061 614 3132 praestabem'.
641 3057 760 3131 quaero}
776 3077 839 3116 eom
856 3061 984 3116 testatrir
1001 3061 1200 3132 quodraginta·
1217 3063 1305 3132 Titio,
1328 3063 1420 3132 quoad
1437 3063 1477 3119 ul·
1579 3125 1582 3132 ,

86 3151 144 3215 Νι,
157 3151 236 3207 sslsrii
254 3151 364 3207 nomine
382 3155 484 3205 eertum
503 3165 638 3205 summam
662 3155 691 3205 et
712 3151 830 3220 emplius
846 3148 978 3206 festorum
996 3149 1102 3206 dierum
1120 3151 1229 3206 nomiue
1247 3155 1352 3206 oenum
1370 3151 1478 3222 pondus

86 3238 159 3298 “tilii
173 3245 215 3295 aut
232 3255 283 3310 pro
301 3255 335 3295 eo
352 3240 470 3310 pretium
489 3237 668 3310 praestiterit,
692 3255 728 3294 an
752 3239 849 3295 eadem
873 3254 908 3296 ex
931 3253 1016 3295 eausa
1038 3240 1135 3310 legallti
1160 3241 1204 3297 uel
1220 3238 1424 3296 fldeioommIssi
1442 3239 1477 3296 eb
1494 3245 1553 3296 tsi

85 3313 265 3385 brettonem
277 3329 352 3385 'litio
370 3328 505 3400 praestari
523 3326 651 3383 debeant
679 3328 820 3398 respoudit
836 3327 902 3384 nihil
919 3328 1043 3399 proponi,
1061 3344 1110 3385 our
1126 3329 1294 3400 praestando
1310 3344 1366 3385 non
1383 3333 1456 3386 suut
1497 3340 1526 3380 ιι

49 3399 91 3504 ἵ).
121 3409 178 3472 ltus
192 3417 259 3474 llbro
276 3423 378 3474 ootsuo
396 3417 504 3473 deoimo
522 3417 701 3486 digestorum.
738 3415 839 3472 Aouuo
855 3415 898 3472 bis
915 3417 1008 3472 uerbIs
1031 3419 1148 3486 legontt:
1166 3417 1197 3472 'si
1215 3433 1303 3474 mors·
1322 3413 1524 3502 &Ta—,Tne

91 3503 155 3557 butu
168 3521 223 3562 eum
242 3513 331 3562 matre
350 3521 420 3575 mea,
438 3521 521 3575 quom
539 3505 667 3576 heredem
686 3519 721 3560 ex
739 3509 818 3575 parte
834 3504 961 3560 iustitui:
980 3505 1134 3574 quaesitum
1151 3509 1203 3576 est,
1221 3522 1257 3561 an
1272 3513 1381 3562 mortua
1392 3513 1480 3562 matre

86 3587 172 3650 endon
188 3596 312 3666 sdposits
329 3593 464 3650 deieeIsse
482 3593 609 3648 uideatur
627 3607 660 3648 ιι
676 3608 727 3664 per
743 3593 796 3648 boo
806 3607 896 3662 neque
908 3593 1012 3648 oibaria
1023 3607 1113 3663 neque
1124 3594 1255 3650 uestlsria
1265 3593 1307 3650 his
1319 3594 1479 3652 debeantur.

66 3671 187 3743 ¹¹“illudit
202 3671 353 3740 seeundum
372 3699 406 3740 ιι
423 3697 494 3753 quse
511 3685 728 3752 proponerentur
745 3680 848 3738 deberi.
884 3682 963 3738 Attis
984 3679 1226 3738 fideicommissum
1248 3683 1291 3740 bis
1308 3685 1401 3742 umbis
1417 3687 1480 3744 reli-

86 3761 135 3824 llil:
147 3767 264 3844 'pobonis
283 3772 349 3828 mibi
367 3772 448 3828 bores
465 3771 526 3840 erit,
543 3769 608 3825 fidel
626 3771 686 3826 elus
704 3770 854 3841 eommltto,
872 3771 913 3826 oti
932 3770 980 3826 det
997 3785 1032 3826 ex
1049 3771 1140 3826 reditu
1152 3773 1275 3828 oeusouli
1285 3774 1339 3828 mei
1351 3779 1380 3829 et
1391 3775 1481 3831 borrei
1497 3780 1528 3828 ts

87 3841 133 3914 ‘on
145 3859 236 3917 onon
255 3859 394 3917 nsoerooe
411 3865 440 3916 o
458 3859 651 3930 nrsmpnyneo
669 3857 827 3929 astrueres,
846 3860 893 3929 qur
910 3861 939 3915 ru
957 3859 1002 3916 1110
1020 3860 1123 3930 empto
1141 3863 1236 3931 omns,
1254 3859 1367 3918 seems
1383 3861 1479 3918 nosen

86 3930 120 3992 'iit
132 3949 309 4019 rundlnarum,
328 3965 399 4020 quos
416 3947 454 4004 ibi
471 3946 568 4018 posui'.
592 3961 709 4017 quaero,
723 3951 819 4002 utrum
837 3946 879 4003 his
897 3947 1056 4019 domtmst,
1074 3949 1122 4018 qul
1140 3962 1174 4005 eo
1193 3953 1316 4020 tempore
1333 3964 1388 4021 qno
1405 3952 1480 4021 lega·

85 4017 140 4086 bill
152 4037 175 4094 in
189 4039 270 4095 rebus
288 4038 416 4094 humanis
433 4041 463 4093 et
479 4037 507 4092 iu
525 4051 559 4091 ιο
577 4033 668 4092 odioio
685 4035 795 4106 fuerint,
813 4034 936 4092 debltum
954 4038 999 4108 stt,
1017 4053 1053 4093 an
1065 4037 1148 4094 otiam
1160 4037 1203 4094 bis
1214 4039 1261 4109 qui
1273 4039 1301 4094 in
1313 4040 1373 4096 loeo
1385 4053 1480 4096 eorum

85 4123 244 4184 ”meunt
277 4127 421 4199 respondit
441 4125 593 4182 seeundum
617 4139 652 4180 ιι
674 4139 745 4196 quae
767 4129 984 4196 proponerentur
1005 4127 1185 4182 ministerium
1208 4127 1409 4184 nominatorum
1433 4128 1481 4184 de-

85 4199 197 4286 lmino,
221 4222 344 4273 oeterom
362 4216 457 4271 dotum
475 4215 587 4284 templo.
613 4213 678 4270 item
697 4229 814 4284 quaero,
838 4220 929 4270 utrum
952 4231 1008 4271 uuo
1032 4215 1177 4271 domtorat
1199 4231 1271 4271 anuo
1289 4216 1386 4272 deeem
1403 4215 1480 4272 idei·
1498 4222 1528 4266 tt

84 4299 184 4384 iterim
200 4307 310 4362 nomine
327 4304 481 4360 debeantur
498 4319 533 4359 on
552 4304 635 4359 etium
646 4303 674 4358 iu
686 4307 849 4374 perpetuum
862 4304 958 4360 deoem
970 4318 1062 4360 annua
1072 4303 1239 4374 praestanda
1250 4305 1313 4362 siut
1340 4304 1481 4376 respoudit

84 4387 102 4430 m
113 4397 260 4462 Perpetuam.

84 4461 285 4552 illusorem)

85 4575 138 4644 ἰι
151 4597 221 4660 ιιι
234 4595 419 4670 pauorem?
489 4595 624 4665 suerum]
643 4593 746 4650 uelint
816 4595 828 4630 ⁸
845 4595 972 4651 rosere:
989 4595 1075 4652 uncto
1092 4595 1166 4652 uteo
1184 4595 1377 4668 (nummula
1392 4603 1480 4654 mom

84 4665 104 4700 ⁶
115 4673 129 4712 ¹
140 4671 195 4722 nola
209 4674 342 4740 penetrato
360 4674 385 4722 sl
401 4674 463 4722 nolo
477 4665 685 4739 promoms'ns'tl?

84 4760 195 4838 lutto
220 4782 265 4850 rs,
292 4782 375 4838 seeo
400 4781 477 4846 nro,
506 4781 568 4836 etro
597 4779 737 4836 wurors
789 4779 825 4835 sa
843 4779 889 4836 uro
906 4779 1099 4850 urrunnun]
1117 4781 1157 4850 τι
1176 4782 1257 4856 «ιρι
1274 4782 1323 4838 τις
1340 4781 1435 4854 tepere
1453 4783 1480 4838 e

84 4832 239 4958 §stoque
268 4855 303 4909 ιι
395 4853 508 4923 perere
534 4851 622 4938 snex]
632 4851 736 4938 nero,
789 4851 870 4924 (rep.)
921 4849 958 4907 ιι
974 4852 1064 4908 rotun
1084 4852 1162 4910 reor.

119 4915 163 4987 ¹¹2,
185 4929 268 4982 etex
383 4925 419 4981 tt
441 4921 676 4981 neotu'sotnano
699 4923 736 4976 F‘
