4350 5438
301 255 577 304 ereumrcusroun
753 245 754 248 ’
981 232 1064 312 941
1245 267 1252 278 “
1509 238 1537 304 L
1561 240 1602 305 16
1623 246 1738 302 88-99

300 395 348 463 qui
372 398 478 448 mutum
503 393 531 448 in
555 393 674 463 praediis
698 393 851 463 ceterisque
874 392 1009 449 similibus
1032 393 1114 449 rebus
1132 393 1241 450 babeat.
1275 410 1329 450 uon
1347 395 1420 450 idem
1439 396 1527 450 estin
1546 395 1631 450 fundo
1650 397 1738 450 alieno

300 483 407 552 legato,
430 497 596 552 quamquam
615 482 639 536 is
657 481 822 536 hereditaria
840 484 958 551 pecunia
975 483 1065 553 parari
1083 489 1184 554 potest.
1218 499 1307 553 neque
1326 485 1471 554 quisquam
1490 499 1566 556 eum,
1590 486 1637 554 qui
1655 499 1738 554 pecu·

300 573 373 626 niam
393 573 563 625 numeratam
582 569 673 639 habet,
694 568 795 625 habere
813 570 881 624 dicit
898 571 1031 641 quidquid
1050 588 1084 627 ex
1103 588 1137 628 ea
1155 574 1245 643 parari
1264 578 1365 643 potest.

239 657 281 718 89
353 660 525 715 Poueoruus
543 657 611 714 libro
630 662 709 713 sexto
728 658 764 714 ad
782 658 923 715 Sabinum.
950 660 1056 718 ‘Bonos’
1074 663 1163 731 magis
1182 666 1366 716 armentorum
1382 677 1464 732 quam
1478 663 1581 716 iumen·
1601 657 1739 744 [Q
1758 669 1793 722 'S

267 759 279 804 1
299 752 388 804 torum
412 748 522 817 generis
545 748 725 816 appellantur.
762 748 821 803 Hoc
844 763 970 803 sermone
993 749 1066 805 'dum
1089 756 1176 820 nupta
1199 749 1257 804 erit*
1279 753 1382 820 primae
1405 751 1517 821 nuptiae
1542 749 1738 820 significantur.
1757 763 1771 803 o

266 847 281 892 a
299 837 374 892 luter
392 833 489 890 'edere'
507 840 536 890 et
554 835 639 890 'reddi
657 835 785 891 rationes'
804 837 918 892 multum
938 838 1065 894 interest:
1084 855 1135 894 nec
1154 839 1185 908 is,
1204 840 1251 908 qui
1265 840 1346 894 edere
1363 839 1455 894 iussus
1468 841 1512 908 sit,
1531 840 1665 908 reliquum
1678 837 1738 893 red·

299 925 365 980 dere
388 924 485 979 debet:
508 941 571 979 nam
596 929 625 979 et
647 925 819 994 argentarius
840 926 922 982 edere
940 927 1074 982 rationem
1094 927 1216 998 uidetur,
1240 929 1347 983 etiamsi
1366 927 1440 996 quod
1458 929 1591 997 reliquum
1611 928 1647 982 sit
1665 926 1738 996 apud

300 1030 373 1085 eum,
392 1029 447 1069 non
467 1013 566 1068 soluat.
1778 1004 1786 1020 '

239 1101 283 1160 90
354 1103 505 1159 Uuarauue
526 1102 596 1157 libro
620 1102 770 1157 uicensimo
788 1103 906 1171 septimo
924 1103 959 1158 ad
979 1103 1120 1160 Sabinum.
1158 1105 1209 1171 Qui
1228 1104 1276 1160 'uti
1294 1105 1415 1175 optimas
1434 1105 1580 1159 maximae·
1601 1098 1738 1188 [ᾗῇ
1758 1113 1793 1167 *s

300 1193 361 1263 ‘que
379 1191 451 1248 sunt'
469 1191 553 1247 aedes
571 1191 666 1259 tradit,
691 1206 746 1246 uon
764 1190 816 1246 boc
835 1192 902 1248 dicit
918 1194 1080 1249 seruitutem
1099 1195 1152 1249 illis
1170 1192 1277 1263 deberi,
1301 1193 1350 1248 sed
1369 1193 1434 1248 illud
1454 1195 1542 1249 solum
1561 1194 1636 1264 ipsas
1654 1193 1738 1248 aedes
1758 1209 1786 1248 ro

299 1281 400 1338 liberas
417 1296 488 1352 esse,
506 1279 558 1335 boc
577 1285 620 1335 eat
638 1280 703 1334 nulli
721 1281 833 1336 seruire.

239 1369 278 1428 91
352 1371 472 1425 Paunus
493 1367 562 1424 libro
585 1367 707 1424 secundo
730 1367 1013 1426 fideicommissorum.
1047 1370 1185 1426 'ileorum'
1203 1377 1232 1426 et
1250 1369 1374 1426 'tuorum'
1393 1371 1575 1440 appellatione
1598 1365 1738 1454 [uffae
1757 1381 1769 1404 ⁴
1772 1380 1800 1434 Ρ

299 1460 422 1515 actiones
443 1471 553 1528 quoqne
572 1439 711 1514 contineri
722 1456 868 1514 dicendum
887 1465 939 1514 est.
1613 1445 1738 1454 ῳ

238 1547 280 1606 92
352 1547 429 1602 mnu
457 1545 526 1601 libro
554 1547 671 1616 septimo
698 1547 899 1615 quaestionum.
937 1547 1096 1603 ‘Proximus‘
1120 1552 1176 1618 est,
1204 1563 1285 1618 qoem
1314 1562 1395 1603 nemo
1423 1547 1575 1602 antecedit:
1599 1542 1737 1630 [Q
1757 1557 1800 1610 *P
1890 1603 1893 1610 ,

299 1633 458 1706 'supremus'
477 1639 528 1704 est,
546 1649 629 1704 quem
648 1650 729 1690 nemo
748 1637 880 1705 sequitur.
1759 1652 1786 1692 ro

239 1725 280 1785 93
352 1725 466 1780 Census
483 1723 552 1778 libro
571 1739 643 1780 nono
662 1723 768 1780 decimo
788 1725 966 1795 digestorum.
995 1723 1187 1794 'mouentium¹,
1207 1724 1271 1779 item
1290 1723 1447 1780 ‘mobilium'
1461 1725 1580 1795 appella·
1599 1717 1737 1808 [lajas-{o
1771 1734 1798 1787 Ε

298 1814 373 1868 tione
397 1813 469 1867 idem
494 1810 693 1880 significamus:
718 1814 741 1868 si
765 1818 857 1868 tamen
882 1817 998 1883 apparet
1020 1812 1179 1869 defunctum
1204 1813 1333 1868 animalia
1355 1813 1512 1884 dumtaxat,
1536 1813 1601 1882 quia
1623 1827 1654 1868 se
1677 1814 1737 1883 ipsa

299 1907 451 1969 mouerent,
469 1901 610 1956 mouentia
627 1904 769 1956 uocassc¹.
799 1901 873 1972 quod
891 1917 987 1957 uerum
1006 1906 1057 1956 est.
1161 1971 1166 1978 .

239 1993 282 2052 94
353 1989 429 2044 lanu
441 1987 511 2043 libro
523 1989 673 2044 uicensimo
686 1989 864 2058 digestorum.
889 1989 1008 2046 Uerbum
1020 1989 1339 2059 'reddendi’quamquam
1354 1989 1436 2059 signi·
1456 1987 1544 2073 [osu
1554 2005 1591 2048 er.
1608 2002 1633 2048 b.
1643 1986 1737 2058 iffi
1769 1999 1796 2054 iil

298 2079 429 2136 dcatum²
446 2077 531 2133 habet
549 2083 621 2132 retro
639 2078 731 2146 dandi,
751 2079 849 2148 recipit
866 2083 958 2134 tamen
978 2085 1007 2134 et
1024 2095 1073 2150 per
1091 2095 1121 2134 se
1140 2078 1224 2133 dandi
1242 2077 1478 2147 significationem.
1756 2098 1785 2136 so

240 2170 281 2230 95
352 2170 534 2224 dunecanus
551 2165 620 2221 libro
639 2170 738 2234 quarto
757 2165 863 2220 decimo
882 2167 1059 2236 digestorum.
1094 2167 1190 2222 Potest
1208 2167 1330 2236 ‘reliquc-
1349 2161 1738 2251 [ewulm
1771 2179 1798 2233 Ε

300 2257 375 2314 'rum'
394 2255 540 2327 appellatio
559 2259 588 2310 et
605 2255 750 2310 uniuersos
768 2254 932 2324 significare.

240 2347 282 2406 96
353 2345 468 2402 Cereus
490 2344 559 2398 libro
582 2344 732 2398 uicensimo
755 2345 851 2412 quinto
876 2343 1055 2413 digestorum.
1092 2343 1171 2399 Litus
1195 2348 1251 2413 cst,
1276 2359 1420 2414 quousque
1443 2345 1579 2398 maximus
1598 2339 1737 2426 [fij-{ej
1770 2356 1797 2410 Ε

299 2434 399 2490 fluctus
417 2450 435 2488 a
452 2432 521 2487 mari
539 2433 678 2502 peruenit:
697 2433 780 2502 idque
798 2433 919 2488 Marcum
938 2433 1057 2488 Tullium
1076 2433 1178 2501 aiunt⁸‚
1197 2447 1259 2487 cum
1279 2432 1381 2487 arbiter
1398 2437 1481 2502 esset,
1500 2433 1616 2502 primum
1636 2434 1736 2488 consti·
1868 2431 1869 2440 ’

267 2537 280 2580 1
300 2523 414 2579 luisset
450 2521 567 2576 Praedia
589 2521 705 2577 dicimus
728 2522 880 2592 aliquorum
904 2537 966 2577 esse
990 2536 1045 2577 non
1065 2523 1160 2592 utique
1178 2522 1359 2578 communiter
1376 2521 1536 2576 habentium
1555 2535 1600 2590 ea,
1624 2521 1675 2576 sed
1693 2523 1737 2577 uel
1757 2535 1785 2576 se

300 2613 353 2668 alio
372 2609 447 2666 aliud
463 2609 592 2666 habente.

240 2701 282 2760 97
353 2700 431 2756 lona
447 2699 516 2754 libro
534 2699 694 2769 trigessimo
713 2698 835 2754 seeundo
853 2699 1031 2769 digestorum.
1065 2699 1133 2756 (lum
1152 2699 1317 2770 stipulamur
1334 2699 1445 2770 'quanta
1463 2697 1580 2768 pecunia
1599 2693 1737 2782 [aff-{W
1769 2705 1797 2760 Ε

300 2791 343 2846 'ex
361 2788 513 2844 hereditate
525 2789 591 2844 Titii
610 2787 646 2844 ad
664 2794 692 2844 te
705 2787 877 2860 peruenerit,
896 2803 940 2843 res
952 2789 1026 2858 ipsas
1040 2803 1111 2858 quae
1123 2791 1317 2859 peruenerunt,
1335 2803 1389 2843 non
1402 2788 1596 2858 pretiosarum
1611 2774 1737 2857 spectem

300 2878 433 2935 uidemur.
1756 2889 1786 2930 sa

240 2969 282 3028 98
353 2967 430 3022 lanu
447 2965 517 3021 libro
535 2965 695 3036 trigessimo
713 2981 786 3021 nono
805 2965 983 3035 digestorum.
1020 2965 1089 3022 (lum
1108 2966 1245 3021 bisextum
1265 2965 1312 3020 lra-
1332 2961 1591 3049 [ctjblp.D.4,4,e,e.
1608 2977 1736 3034 suaet
1769 2973 1796 3027 Ε

299 3055 405 3112 lendis⁸
424 3063 475 3124 est,
497 3053 563 3110 nibil
580 3053 671 3124 refert,
690 3058 781 3110 utrum
799 3055 889 3124 priore
908 3071 942 3110 an
961 3057 1111 3125 posteriore
1129 3055 1254 3124 disquis
1272 3042 1737 3125 natus-sit'e‘tde'inc'ep‘ss'es'tffi

300 3145 434 3200 kalendas
457 3143 516 3198 eius
540 3143 639 3198 nablis
662 3143 721 3198 dies
745 3149 801 3199 est:
824 3159 887 3199 nam
911 3143 940 3198 id
962 3143 1075 3199 biduum
1095 3159 1144 3214 pro
1163 3160 1218 3198 uno
1236 3144 1281 3198 die
1299 3143 1424 3199 habetur.
1457 3144 1506 3198 sed
1524 3145 1660 3214 posterior
1677 3145 1737 3199 dies

299 3234 485 3302 intercalatur,
503 3247 558 3288 non
576 3234 662 3303 prior:
682 3233 743 3288 ideo
762 3248 817 3302 quo
836 3248 907 3288 anno
924 3233 1114 3288 intercalatum
1134 3249 1188 3288 non
1207 3239 1251 3288 est
1269 3239 1348 3288 serto
1366 3231 1498 3287 kalendas
1512 3237 1603 3302 uatus,
1622 3249 1683 3288 cum
1697 3233 1736 3288 bi-

266 3338 280 3383 1
300 3329 408 3379 sextum
428 3320 571 3376 kalendis*
589 3327 640 3390 est,
661 3321 779 3390 priorem
799 3321 870 3376 diem
889 3323 1008 3377 namlem
1027 3321 1119 3376 babet.
1156 3322 1225 3378 Ouio
1243 3326 1323 3392 putat
1341 3336 1462 3376 mensem
1482 3321 1670 3376 intercalarem
1689 3322 1736 3376 ad·

300 3412 423 3468 diticium
443 3425 517 3466 esse:
536 3425 685 3480 omnesque
704 3410 763 3466 eius
781 3410 841 3465 dies
859 3426 909 3480 pro
928 3415 1066 3465 momento
1084 3411 1215 3480 temporis
1235 3409 1365 3466 obseruat
1377 3415 1554 3480 extremoque
1567 3410 1622 3464 diei
1635 3411 1736 3465 mensis
1756 3423 1784 3464 aa

266 3516 282 3562 a
299 3500 443 3556 Februarii
461 3498 593 3554 adtribuit
604 3499 720 3565 Quintus
731 3499 846 3554 Mucius.
873 3500 975 3554 Mensis
988 3503 1080 3555 autem
1093 3500 1262 3555 intercalaris
1275 3503 1430 3554 constater
1443 3498 1540 3553 diebus
1554 3499 1652 3567 uiginti
1664 3503 1736 3554 octo.

240 3593 282 3652 99
354 3589 505 3645 Unsrsuus
529 3587 597 3643 libro
621 3589 710 3658 primo
733 3587 767 3642 de
793 3585 884 3642 cilicio
903 3589 1031 3643 consulis.
1065 3587 1224 3644 'Notionem'
1243 3590 1367 3658 accipere
1385 3603 1533 3656 possumus
1552 3591 1580 3642 et
1598 3583 1737 3671 [Q
1768 3593 1795 3649 Ε

267 3693 281 3739 1
300 3679 484 3748 cognitionem
503 3681 532 3731 et
547 3675 771 3731 iurisdietionem.
799 3676 984 3732 'continentes
1002 3675 1163 3746 prouinotas'
1182 3678 1306 3747 accipere
1325 3675 1458 3731 debemus
1476 3691 1532 3745 eas,
1552 3691 1622 3745 quae
1641 3678 1736 3732 ltaliae

300 3768 410 3822 iunctae
429 3771 501 3836 sunt,
519 3771 551 3820 ut
568 3769 636 3836 puta
654 3765 784 3821 Galliam:
803 3764 851 3820 sed
871 3773 899 3820 et
916 3766 1085 3834 prouinciam
1104 3765 1224 3821 Siciliam
1243 3767 1332 3835 magis
1344 3766 1415 3820 inter
1427 3765 1599 3819 continentes
1612 3766 1736 3834 accipere
1756 3777 1785 3818 aa

267 3871 351 3918 anos
375 3859 497 3925 oportet,
521 3869 593 3924 quae
616 3855 724 3910 modico
743 3852 815 3910 freto
834 3854 913 3908 ltalia
930 3853 1083 3925 dilluiditur.
1115 3853 1375 3910 ‘lusturmeutorum’
1394 3853 1577 3923 appellatione
1595 3868 1666 3924 quae
1685 3849 1736 3938 [Q
1754 3861 1771 3908 l.
1782 3859 1836 3910 453'

301 3969 494 4040 mxumo)

301 4130 405 4200 lquod
423 4130 510 4186 uoluit
527 4143 674 4199 sequemur
691 4131 818 4184 similiaco
836 4137 882 4183 ius.
902 4131 936 4196 (a.
951 4131 978 4194 ι’.)
1058 4125 1316 4198 ²significationem
1335 4128 1372 4180 D.
1386 4130 1401 4180 1.
1412 4147 1477 4198 pens.
1555 4127 1567 4162 ⁸
1576 4129 1637 4196 suit
1654 4145 1737 4182 essene

300 4203 387 4258 detuit
403 4201 486 4271 idque
499 4200 606 4256 Gallum
619 4200 759 4269 Aquilium
772 4200 807 4254 il.
821 4201 926 4255 Tullius
940 4199 979 4254 ait
991 4202 1035 4272 les.
1049 4220 1072 4252 u.
1082 4201 1110 4266 4)
1182 4199 1194 4234 ⁴
1213 4203 1246 4274 es.
1261 4199 1352 4252 Os'cero
1364 4205 1414 4268 top.
1427 4199 1452 4261 7,
1465 4197 1515 4251 32:
1534 4196 1641 4252 solebat
1651 4197 1737 4268 Aqui·

299 4274 353 4329 lius
428 4289 490 4328 cum
510 4272 545 4327 de
563 4271 689 4328 litoribus
708 4277 848 4342 ageretur,
873 4287 944 4341 quse
967 4271 1059 4326 omnia
1080 4269 1190 4340 publica
1208 4285 1269 4324 esse
1287 4269 1385 4336 uultis,
1410 4268 1604 4338 quaerentibus
1629 4269 1675 4336 iis,
1701 4267 1736 4323 ad

300 4359 370 4415 quos
388 4344 417 4398 id
435 4343 598 4415 pertinebat,
616 4343 683 4414 quid
701 4347 776 4398 esset
793 4343 867 4412 litus,
884 4344 925 4397 ita
942 4341 1068 4398 definire:
1087 4357 1143 4412 qua
1153 4340 1253 4396 flnctus
1266 4339 1390 4395 eluderet
1460 4341 1471 4375 ⁶
1490 4338 1623 4394 kalendas
1635 4339 1737 4407 (Halai
1769 4395 1773 4401 ,

301 4509 522 4581 lesterisqu‘a'e
540 4511 576 4566 Ρ*
636 4509 805 4580 9qui'a'oti
823 4509 859 4564 F‘
879 4513 884 4578 l
906 4511 991 4565 maxi·
1044 4510 1228 4566 communitur
1247 4507 1283 4560 F¹
1345 4509 1381 4562 32
1402 4507 1516 4563 uiduum
1536 4508 1562 4560 F
1618 4508 1653 4562 35
1672 4505 1736 4576 diei]

299 4581 450 4651 maequ‘a'e
469 4583 507 4636 F’
560 4583 878 4650 rosenmullerus
897 4581 991 4652 aedes]
1045 4581 1104 4636 dies
1118 4583 1153 4634 F'
1208 4581 1243 4635 36
1255 4579 1356 4634 mensis
1369 4585 1461 4634 autem
1473 4579 1660 4634 intercalaris
1673 4593 1737 4634 con-

298 4655 377 4725 ipsae
400 4653 481 4708 sedes
507 4653 542 4706 F¹
614 4655 648 4709 14
676 4599 831 4724 proximus?
854 4651 991 4724 {princpes
1044 4658 1101 4707 stat
1125 4667 1160 4706 ex
1183 4650 1281 4706 diebus
1299 4651 1398 4719 uiginti
1416 4657 1479 4706 octo
1499 4651 1550 4706 F2:
1574 4649 1590 4704 ὁ
1616 4650 1660 4720 sip
1684 4651 1736 4704 Φε-

300 4725 426 4790 curreretis
439 4726 464 4780 Β
480 4729 484 4790 Ι
500 4725 592 4794 quem]
606 4725 653 4794 qul
667 4726 715 4778 1¹⁸¹:
729 4724 760 4779 bu
774 4724 862 4784 clusio
874 4735 990 4794 upouau·
1045 4723 1184 4795 flpoudproc
1197 4723 1274 4778 εἵκοει
1288 4721 1359 4776 ὀκτὼ
1373 4721 1479 4794 {luepulsa
1492 4720 1561 4775 &criu
1577 4723 1602 4775 B
1617 4725 1622 4788 l
1638 4721 1737 4790 triginti

299 4797 371 4851 ea'uu
386 4798 413 4850 B
468 4798 499 4850 17
519 4797 543 4851 si
560 4802 652 4850 tanum
670 4796 794 4865 apparet]
812 4793 991 4859 FXYMOO,
1045 4795 1116 4863 octo]
1144 4793 1251 4848 FXMO
1270 4795 1364 4858 (adcor.
1382 4794 1417 4847 al.
1436 4794 1513 4858 xxix)
1533 4793 1569 4856 0,
1597 4793 1692 4846 xxuiiii
1714 4791 1742 4845 Y

300 4883 356 4923 non
374 4875 467 4922 mmen
478 4873 593 4936 apparet
607 4867 653 4921 0¹:
671 4875 746 4938 quasa·
758 4874 822 4922 esset
834 4866 886 4920 uisi
898 4872 991 4920 tamen
1045 4868 1080 4922 38
1103 4866 1289 4934 cognitionum
1309 4865 1344 4917 F¹
1366 4865 1370 4930 Ι
1392 4864 1578 4934 prouincipias
1602 4863 1635 4918 F:
1659 4861 1737 4932 'cnap-

299 4945 417 5066 rigparct
433 4945 561 5063 aeriterunt
575 4938 725 5062 Quem?
743 4937 777 5062 iaia
796 4937 991 5074 ³i*.⁵.⁶'i⁰23„3'
1045 4939 1100 5007 xlae
1121 4939 1145 4991 B
1197 4939 1234 4991 40
1252 4942 1342 5004 quare
1361 4937 1396 4988 Fa

237 5037 244 5046 ·
355 5023 484 5066 moueren
515 5027 562 5062 oua.
691 5023 909 5077 oarqtroruom
