3584 5454
91 269 217 318 rustris
766 246 852 330 755
1171 251 1350 350 xxnxvss
1370 255 1391 321 2
1412 261 1529 316 67-71

56 417 73 462 u
92 407 181 463 teneri
203 411 313 462 ueteres
337 406 546 476 responderunt.
582 407 704 462 Iulianus
728 408 870 478 respondit
890 423 965 478 eum,
986 409 1035 488 pui
1053 408 1176 479 peouniis
1194 409 1337 480 exigendis
1356 410 1530 480 praepositus
1642 459 1654 476 ,

92 501 150 565 est,
173 495 198 550 si
222 497 406 552 manumissus
427 495 534 566 exigat,
558 494 624 552 furti
641 496 738 552 teneri.
771 497 845 566 quod
863 497 889 553 ei
907 511 1077 566 consequens
1095 503 1139 554 est
1156 497 1248 554 dieere
1265 503 1295 554 et
1312 499 1340 553 in
1358 503 1462 568 tutore,
1486 501 1531 554 eui

56 589 158 655 epost
175 583 348 654 pubertatem
368 585 488 640 solutum
506 590 557 640 est.
593 583 623 640 Si
641 591 672 640 tu
690 585 793 640 Titium
812 584 878 640 mihi
896 585 1132 642 commendatoris
1150 586 1230 654 qussi
1247 587 1389 656 idoneum,
1411 587 1456 642 oui
1473 601 1530 642 ere·

91 672 203 742 derem,
227 675 257 728 et
280 687 333 742 ego
356 672 385 728 in
403 672 505 730 Titium
524 673 646 742 inquisti,
669 672 769 728 deinde
785 677 817 728 ta
836 674 918 729 alium
937 673 1059 730 adduess
1077 674 1156 744 quasi
1174 674 1291 744 Titium,
1315 673 1418 730 furtum
1435 673 1529 746 faties,

91 761 160 830 quia
177 761 279 816 ditium
303 775 366 816 esse
389 759 463 816 hune
487 761 582 830 eredo,
607 761 713 816 seilioet
730 761 753 816 si
771 767 800 816 et
818 761 862 818 iile
880 763 927 832 qui
945 762 1091 818 sddu'oitur
1109 763 1174 818 soit:
1197 763 1272 832 quod
1290 763 1313 818 si
1331 764 1451 834 neseiat,
1474 779 1529 820 non
1548 757 1571 816 e'
1619 753 1625 766 '

91 847 196 904 saeies¹
214 848 325 919 furtum,
344 863 396 904 nee
413 848 458 904 hie
475 849 523 918 qui
541 848 658 904 adduxit
674 863 755 919 opem
773 851 870 906 tulisse
886 855 979 920 potest
996 851 1084 906 uideri
1102 867 1165 906 eum
1180 849 1283 906 furtum
1296 849 1399 908 tautum
1412 867 1467 908 non
1479 853 1529 908 sit:

57 937 144 996 esed
161 937 272 994 dabitur
289 938 362 994 aetio
379 938 408 994 in
425 935 530 994 fastum
548 938 576 992 in
595 952 657 994 eum
675 938 722 1008 qui
740 937 865 994 adduxit.
892 939 922 996 st
939 940 1088 1010 stipulatus
1106 939 1140 996 de
1158 944 1186 994 te
1204 939 1256 994 sim
1275 940 1331 1010 'per
1348 945 1377 995 te
1394 955 1449 997 non
1460 939 1529 1011 fieri,

92 1025 156 1096 'qno
175 1027 265 1082 minus
282 1026 364 1082 homo
382 1026 452 1081 Eros
471 1026 543 1080 intra
560 1025 693 1086 kalendas
711 1026 772 1082 ilias
790 1027 856 1082 mihi
874 1026 970 1098 detur',
992 1028 1119 1097 quamuis
1143 1041 1205 1084 mea
1227 1028 1375 1084 interesset
1392 1045 1454 1086 enm
1473 1044 1529 1085 non

92 1113 200 1184 subripi
216 1117 289 1180 (eum
307 1113 440 1184 subrepto
457 1127 492 1170 eo
509 1129 544 1169 ex
562 1115 695 1184 stipulatu
713 1129 768 1170 nou
786 1114 901 1185 teneris,
926 1116 951 1170 si
972 1120 1068 1171 tamen
1090 1131 1139 1186 per
1160 1122 1189 1172 te
1212 1115 1315 1173 fastum
1337 1132 1393 1174 non
1416 1119 1453 1172 sit
1474 1131 1529 1188 quo

92 1202 184 1260 minus
202 1203 269 1258 mihi
286 1203 417 1271 daretur),
435 1217 490 1258 non
508 1207 601 1258 umen
617 1201 683 1258 furti
701 1204 837 1259 astionem
855 1218 900 1260 me
917 1201 1027 1259 hebere.
1506 1235 1507 1239 =
1549 1217 1577 1257 ro

15 1292 73 1371 67)
147 1291 293 1362 icareus
315 1290 385 1346 libro
407 1290 571 1346 dnodeeimo
594 1290 773 1360 digestorum.
813 1290 959 1348 Infitiendo
982 1292 1137 1362 depositum
1164 1308 1245 1350 nemo
1269 1292 1337 1350 fauit
1354 1288 1529 1378 Q
1558 1298 1586 1353 Ε
1604 1301 1679 1348 tete

91 1378 196 1436 fumum
215 1383 278 1446 (nee
295 1379 368 1435 enim
385 1377 488 1434 sunum
507 1383 550 1436 est
567 1379 629 1448 ipsa
647 1377 788 1450 infitiatio,
811 1381 876 1436 lieet
892 1395 978 1452 prope
995 1379 1098 1436 turtum
1116 1385 1184 1448 est):
1207 1382 1257 1437 sed
1279 1383 1304 1436 si
1317 1383 1528 1452 possessionem

91 1467 153 1524 eius
171 1469 310 1539 spiseatur
327 1467 525 1524 intemertendi
543 1483 642 1538 eausa,
665 1465 733 1522 iaeit
749 1467 860 1524 furtum.
889 1485 940 1525 neo
963 1468 1061 1540 refert,
1083 1471 1112 1524 in
1135 1470 1222 1539 digito
1244 1469 1347 1526 habeet
1363 1471 1474 1526 anulum
1492 1487 1528 1526 un

57 1572 70 1615 1
92 1556 296 1628 daetfliotheea
313 1571 404 1626 quem,
423 1571 485 1611 eum
504 1555 630 1626 deposito
647 1558 778 1627 teneret2,
797 1556 898 1613 habere
916 1573 965 1628 pro
980 1573 1031 1614 sno
1044 1557 1232 1614 destinauerit.
1263 1557 1292 1614 si
1304 1558 1356 1614 tibi
1367 1558 1528 1629 subreptum

91 1651 151 1715 est,
175 1645 249 1714 qnod
267 1645 321 1700 nisi
338 1643 384 1700 die
401 1649 478 1700 serta
495 1644 634 1714 dedisses,
656 1659 774 1715 poenum
792 1646 955 1716 promisisti,
978 1646 1096 1716 ideoque
1120 1647 1235 1702 sufferre
1255 1661 1316 1702 earn
1334 1661 1449 1702 neeesse
1466 1645 1527 1718 fuit,
1546 1656 1576 1699 ns

56 1748 73 1793 2
91 1732 159 1790 furti
176 1735 285 1810 aetione
308 1732 360 1788 hoe
382 1747 492 1803 quoque
510 1733 743 1789 coaestimabitur.
778 1732 872 1790 Inians
895 1735 970 1805 opud
994 1733 1081 1790 iurem
1103 1734 1237 1790 adoleuit:
1261 1741 1318 1791 tam
1342 1736 1527 1792 adnleseentis

91 1821 194 1878 funum
213 1820 280 1878 ieeit
296 1822 342 1877 iiie
360 1836 442 1890 qnam
460 1819 582 1891 infantis,
599 1826 628 1876 et
645 1835 732 1878 nnnnt
748 1827 841 1878 tumen
859 1821 962 1878 furtum
980 1827 1038 1879 est:
1060 1823 1178 1892 ideoque
1196 1823 1272 1894 dnpii
1289 1828 1413 1894 tenetur,
1432 1824 1527 1894 quanti

91 1926 223 1980 nusquam
241 1911 316 1980 apud
333 1925 397 1966 eum
414 1909 524 1980 plurimi
541 1908 601 1965 fuit.
628 1927 692 1966 nem
711 1911 785 1981 quod
803 1911 888 1966 semei
906 1912 1053 1976 numurus,
1067 1909 1133 1967 furti
1151 1912 1197 1981 agi
1215 1927 1278 1968 eum
1289 1927 1324 1967 eo
1341 1917 1442 1982 potest,
1460 1912 1527 1982 quid

90 1997 176 2054 refert
193 1999 350 2069 propositae
367 1998 542 2069 quaestioni?
565 1999 680 2069 quippe,
702 1999 726 2054 si
744 1999 891 2070 subreptus
909 1999 962 2056 iuri
984 1998 1056 2056 ieret
1078 2015 1111 2055 ee
1133 2015 1228 2056 rursus
1246 2017 1263 2055 e
1280 1999 1341 2056 fure
1359 2001 1445 2056 nitere
1463 2014 1527 2056 eum

91 2093 292 2158 recuperasset,
310 2088 393 2144 etiem
412 2087 436 2142 si
454 2087 510 2142 duo
527 2084 601 2142 iuria
618 2085 738 2157 feeisset,
757 2103 812 2144 non
829 2088 946 2158 amplius
964 2101 1048 2156 quem
1066 2088 1151 2144 semel
1168 2103 1230 2143 eum
1243 2103 1276 2144 eo
1288 2087 1354 2143 iusti
1366 2089 1413 2158 agi
1425 2095 1526 2160 posset.
1546 2097 1576 2140 ao
1688 2141 1689 2144 ,

90 2191 144 2232 nee
161 2174 359 2246 dubitauerim,
383 2175 450 2244 quin
468 2174 652 2230 adulescentis
670 2176 762 2246 potius
780 2173 862 2246 quam
880 2174 992 2231 intentis
1010 2176 1229 2232 aestimationem
1247 2175 1307 2232 fieri
1325 2181 1473 2246 oporteret.
1498 2180 1528 2232 et

91 2264 159 2335 quid
181 2269 239 2320 tem
262 2265 406 2320 ridieuium
429 2269 473 2319 est
494 2279 576 2333 quam
600 2264 740 2319 meliorem
762 2262 830 2319 iuris
854 2263 1040 2319 conditionem
1067 2279 1130 2320 esse
1156 2268 1268 2334 propter
1294 2265 1527 2320 eontinustionem

55 2367 72 2412 a
91 2352 158 2408 turn·
175 2353 352 2408 existimare?
388 2352 456 2409 (ium
475 2367 572 2408 semus
588 2352 727 2422 inemptus
745 2351 836 2408 iaetus
854 2353 903 2423 sit,
928 2367 983 2408 non
1005 2367 1087 2422 posse
1110 2358 1261 2423 emptorem
1279 2351 1344 2408 iusti
1362 2367 1445 2423 agere
1464 2368 1526 2408 eum

55 2455 72 2500 4
91 2442 236 2498 uenditore
253 2441 290 2496 ob
307 2441 345 2512 id,
363 2441 438 2510 quod
456 2442 480 2496 is
499 2455 596 2496 seruus
608 2445 672 2512 post
684 2442 859 2511 emptionem,
876 2445 1024 2511 antequam
1037 2440 1206 2510 redderetur,
1224 2440 1415 2510 subripuisset.
1447 2440 1526 2506 Quod

90 2527 146 2585 iuri
163 2530 216 2600 ipsi
234 2528 337 2586 funum
355 2529 452 2585 tenerit
468 2527 587 2584 surtiuus
605 2544 712 2600 seruus,
730 2544 763 2585 eo
781 2530 891 2585 nomine
909 2529 1043 2585 sotionem
1063 2545 1125 2586 eum
1144 2529 1255 2584 domino
1267 2527 1357 2584 iurem
1369 2528 1526 2584 habiturum
1546 2537 1575 2580 as

90 2618 196 2688 piaeet,
220 2633 255 2674 ne
273 2616 396 2674 faoinorn
413 2618 508 2673 talium
528 2633 669 2673 seruorum
692 2633 747 2673 non
771 2618 859 2673 solnm
882 2617 950 2687 ipsis
973 2618 1178 2688 impunitatem,
1202 2617 1252 2673 sed
1275 2617 1393 2673 dominis
1416 2631 1526 2688 quoque

90 2721 188 2762 eorum
205 2707 333 2776 quaestui
351 2707 461 2762 ernnt⁸r
483 2707 644 2776 plerumque
668 2707 741 2764 enim
765 2707 825 2761 eius
848 2706 957 2776 generis
979 2721 1121 2762 seruorum
1145 2704 1227 2762 furtis
1250 2707 1359 2776 peeuiie
1376 2707 1525 2762 eorundem

57 2807 72 2854 e
91 2800 236 2865 augentur.
272 2794 303 2850 Si
320 2795 434 2850 oolonus
450 2800 515 2865 post
530 2795 646 2850 lustrum
665 2794 854 2850 eonduetionis
877 2809 949 2850 anno
968 2795 1085 2864 amplius
1108 2793 1213 2850 fruetus
1231 2794 1318 2850 inuito
1336 2794 1447 2850 domino
1464 2810 1526 2865 per·

90 2885 210 2954 oeperit,
228 2883 390 2954 uidendum,
414 2899 449 2939 ne
468 2875 566 2939 messis
584 2889 613 2939 et
629 2883 785 2938 uindemiae
803 2881 869 2938 iurti
887 2898 950 2938 eum
967 2897 1001 2938 eo
1020 2883 1065 2952 egi
1082 2883 1179 2953 possit.
1206 2883 1319 2938 etmihi
1337 2882 1451 2939 dubium
1470 2899 1525 2939 non

87 2972 210 3042 ‚uidetur
227 2972 294 3041 quin
311 2970 371 3026 iur⁴
389 2977 418 3027 et
435 2973 459 3027 si
477 2972 677 3042 eonsumpserit
694 2986 752 3026 rem
770 2970 937 3041 subreptum,
956 2971 1044 3041 repeti
1062 2986 1096 3026 ee
1113 2971 1149 3026 ab
1168 2986 1202 3026 eo
1219 2971 1318 3041 possit.
1545 2981 1574 3022 so

12 3058 71 3138 (68)
143 3061 325 3116 Menoetius
342 3059 410 3116 libro
429 3065 528 3138 octauo
545 3061 724 3130 digestorum.
751 3059 940 3115 Hereditariae
957 3059 998 3114 rei
1014 3057 1119 3114 furtum
1136 3057 1196 3114 fieri
1210 3059 1332 3115 Iulianus
1351 3054 1526 3143 Q
1558 3063 1586 3118 Ε

90 3147 219 3220 regebat,
238 3149 291 3204 nisi
309 3147 379 3205 forte
397 3149 505 3219 pignori
523 3148 637 3204 dederat
655 3147 801 3204 deiunetns
819 3153 869 3203 aut
886 3147 1124 3203 eommodauerat:
1365 3221 1525 3229 ——

12 3235 72 3315 (69)
143 3237 303 3294 Sosnuonn
320 3237 389 3293 libro
407 3243 506 3307 quarto
523 3237 723 3306 quaestionum.
760 3236 853 3292 autin
872 3251 927 3305 qua
947 3251 1015 3290 usus
1032 3234 1138 3290 fruetus
1156 3235 1262 3290 alienus
1279 3237 1331 3289 est.
1350 3222 1525 3308 [Qffl
1545 3231 1586 3285 'P

13 3325 72 3405 (⁷0)
142 3327 324 3381 missenus
341 3325 411 3382 libro
428 3330 527 3382 oetauo
546 3325 725 3396 digestorum.
761 3325 811 3380 His
835 3325 907 3380 enim
930 3323 1040 3379 essibus
1062 3322 1179 3393 putabet
1195 3323 1330 3378 heredita·
1362 3318 1525 3404 effodit—[⁷10
1556 3327 1583 3382 E

89 3414 191 3470 riarum
214 3429 304 3469 rerum
328 3411 387 3468 fleri
410 3412 513 3468 furtum
535 3419 565 3469 et
585 3414 782 3484 usnoapiouem
805 3412 931 3484 impediri
954 3411 1110 3482 ideireoque
1133 3410 1228 3468 heredi
1250 3425 1360 3482 quoque
1387 3411 1523 3467 actionem
1544 3419 1573 3462 es

88 3501 156 3558 furti
173 3507 330 3572 eompetere
347 3516 439 3572 posse.

88 3617 117 3671 F
117 3617 163 3686 (X
165 3616 293 3686 meo).
311 3617 403 3672 Petrus
415 3616 440 3682 3,
452 3617 533 3670 23:
546 3619 561 3670 l.
573 3615 609 3670 68
619 3635 660 3688 pr.
674 3616 763 3688 (usque
779 3617 816 3670 ad
832 3636 856 3670 u.
866 3615 901 3671 13
916 3613 1030 3682 furtum)

90 3773 222 3830 ¹iaeiet?
308 3775 375 3830 ²an
394 3773 609 3845 dactyliothece,
628 3788 710 3844 quem
728 3773 855 3842 deposito
872 3773 1000 3830 moeret?
1088 3773 1265 3843 ’quassum
1282 3776 1382 3841 parent
1398 3772 1526 3839 (similiter

88 3865 139 3902 nea
157 3847 188 3900 de
206 3845 325 3912 Wateri'?
395 3847 493 3902 ‘idem
513 3845 608 3902 Graeci
627 3848 662 3911 (u.
675 3849 719 3912 i.):
738 3845 775 3900 sit
793 3853 841 3900 ine.
860 3847 939 3912 (edd)

89 4015 181 4069 leum
195 4013 242 4082 qui
253 4012 377 4081 peeuniis
388 4011 531 4082 exigendis
542 4012 716 4082 praepositus
729 4011 781 4082 est]
835 4013 896 4079 suo)
913 4011 960 4066 BS
1014 4012 1047 4066 18
1065 4025 1186 4079 unquam
1202 4009 1238 4062 F¹
1293 4009 1327 4064 19
1345 4022 1379 4063 ae
1395 4023 1526 4064 rursusa

88 4083 105 4138 ὁ
123 4083 304 4153 increscirep
317 4075 421 4138 οἰκὲτῖιο
434 4085 482 4138 BS
495 4083 585 4150 (Dor.)
634 4085 651 4137 2
669 4083 742 4152 quod
755 4083 780 4137 ei
833 4081 893 4138 iure
902 4083 987 4138 altero
997 4097 1058 4136 eum
1068 4083 1257 4164 recuperasset
1266 4079 1523 4166 (resurerassetiifl

87 4169 260 4240 ,teneoqueue
283 4160 326 4208 est
343 4153 444 4224 dinero]
467 4154 555 4220 τοῩτῳ
578 4153 609 4214 n'e
632 4151 780 4238 indueretis
835 4153 1015 4240 auitapdnsoc
1029 4151 1125 4276 κλὲέἓε
1137 4152 1265 4276 gerseus
1277 4162 1353 4275 {geru
1367 4169 1525 4275 tergam

86 4225 565 4365 iristititisi'igtigitrtiiutuir
572 4229 781 4364 ipitiiipirislttitii
834 4235 1045 4365 ptistiiiwtotc
1057 4307 1091 4348 ne
1109 4224 1235 4376 (rieooiii)
1253 4221 1524 4376 isoinsiiissii‚impu3

86 4367 126 4422 sit
135 4365 280 4420 XYMOO
322 4369 356 4421 12
367 4367 428 4434 nee]
442 4381 531 4435 neque
543 4366 614 4420 Petr.
629 4367 634 4432 Ι
650 4365 781 4422 inficiatio
834 4366 947 4420 nitatem
960 4365 1106 4434 (impunite
1116 4363 1191 4428 X·O,
1203 4361 1463 4431 impunitatiXth)
1474 4362 1525 4417 sed

86 4437 150 4508 ipsa
172 4437 242 4520 ijetr.
263 4439 346 4507 ipost
371 4442 415 4492 est
438 4445 485 4491 ias.
507 4437 570 4506 ipsa
591 4435 717 4521 infitiatio
739 4437 781 4490 X·
833 4436 869 4501 (i
879 4437 914 4502 0)
924 4435 1045 4520 dominis
1051 4434 1198 4557 (deminuit.
1198 4433 1420 4503 M·OG)-quoque
1429 4447 1523 4558 florii?

85 4506 780 4648 isitii-tt,iitttiitt.⁰tit.ittit
833 4512 961 4646 titiis
973 4506 1524 4662 iistis...t.⁶ei.ite:i..,z
1631 4573 1641 4590 =

86 4649 160 4705 uerit
178 4647 369 4706 (destinaberit
386 4648 443 4716 Μ]
469 4648 520 4702 εἴτε
545 4646 574 4702 is
593 4648 624 4717 τῇ
644 4658 780 4710 nostrino-
832 4648 934 4702 ttinere
952 4646 984 4709 ot
1002 4647 1086 4702 atnoe
1111 4645 1200 4707 atroic
1222 4646 1279 4700 soie
1296 4645 1408 4699 nistrare
1426 4643 1524 4698 irrue-

86 4719 154 4790 θήκῃ
173 4719 286 4774 &utitem
305 4717 385 4781 ΔῨτὸκ
404 4721 449 4785 (=
462 4717 522 4774 siue
538 4719 567 4773 in
578 4717 781 4790 dactyliothece
834 4738 906 4790 pure,
924 4716 989 4773 sut
1007 4718 1046 4771 sni
1065 4717 1122 4771 τοῖο
1139 4715 1278 4771 deonerare
1295 4713 1383 4778 ΑῨτῶΝ
1402 4713 1523 4784 turaspiis

85 4805 151 4846 eum
164 4790 297 4860 posuerit)
315 4790 354 4843 asi
374 4789 552 4859 speretueuoc
569 4789 633 4859 Ῡπὲρ
652 4788 733 4851 atro?
747 4789 778 4860 τῇ
834 4791 926 4854 riserat
939 4789 1087 4854 estne.)
1129 4785 1366 4842 ssteeru‘m'ndem
1377 4785 1412 4840 F*
1451 4785 1525 4840 290t

85 4862 227 4924 sesostres
251 4865 297 4925 (π
320 4865 349 4914 et
371 4875 434 4915 oum
457 4860 493 4914 de
516 4874 550 4915 eo
568 4860 686 4930 depositi
704 4867 778 4915 tens·
832 4860 899 4914 mihi
974 4860 1013 4913 30
1035 4857 1133 4944 pessit]
1157 4858 1320 4921 &montferrat
1345 4856 1388 4920 nt,
1411 4854 1449 4909 ὅτι
1474 4855 1525 4910 uic

83 4933 173 4998 retur)
195 4931 324 5001 προέθετο
349 4930 412 4984 κατὰ
435 4930 552 4984 austeus
578 4931 777 4985 inronortcaceer
832 4931 950 4994 κλὲπτκο,
971 4929 1018 4983 utu
1035 4928 1158 5000 ακαλὼεῃ
1171 4929 1203 4982 τὸ
1215 4947 1233 4981 rr
1250 4928 1316 4992 isus
1329 4927 1393 4997 ὅπερ
1405 4925 1523 4989 troistest,

83 5000 169 5065 siros
187 5004 233 5070 (=
252 5001 402 5056 destinauit
418 5002 510 5056 animo
528 5016 592 5058 eum
609 5000 711 5056 habere
728 5016 779 5072 pro
831 4999 947 5066 tuirstat
966 4999 1030 5070 irrep
1049 4997 1130 5062 sirei
1150 4999 1199 5054 Rs
1216 4947 1307 5066 (iim.)
1504 5031 1506 5034 -

1252 5083 1314 5140 48*
