3504 5452
61 235 206 288 urdene
744 210 830 292 163
1263 213 1411 284 xxxiiii
1432 215 1453 282 3
1472 221 1508 280 πθ

59 370 224 449 quaesitum
240 373 291 438 eet,
309 369 334 424 si
352 368 434 426 heres
451 369 511 425 eius
529 385 564 426 ex
582 385 668 426 oense
685 369 870 428 fideiussionis
887 371 989 442 aliquid
1006 371 1182 442 praestiterit,
1201 374 1252 426 en¹
1271 369 1372 428 herede
1389 367 1507 428 filiorum

59 467 131 528 erne,
166 472 210 526 pro
226 471 279 526 uuo
296 455 487 528 fideiusserut,
510 463 634 528 repetere
651 459 748 529 possit
775 460 918 530 respondit
936 459 1028 516 uerbis
1049 474 1120 530 quse
1137 463 1356 530 proponerentur
1372 459 1401 517 id
1418 460 1507 518 solum

60 547 163 613 uteri
179 545 302 602 heredum
320 545 387 602 iidei
406 548 594 616 oomrnirsum,
612 563 648 603 ne
666 548 819 618 exigerent,
843 548 919 619 quod
935 563 972 604 ex
988 549 1094 606 retioue
1111 549 1230 618 tuteiee,
1248 564 1330 618 quem
1349 549 1409 619 ipse
1427 547 1507 620 Sym-

40 643 175 716 1phorue
191 633 443 704 uonnnnenerot,
467 635 503 690 eb
521 636 630 692 Arelliis
655 635 708 692 ribi
731 635 892 693 debereturr
922 638 1101 694 Testemeuto
1125 635 1200 694 teoto
1223 637 1393 694 debitoribus
1410 635 1507 694 libere·

63 733 175 788 omen
191 722 341 792 reliqueret,
362 729 426 794 post
443 724 529 780 inoiso
547 725 603 780 iiuo
621 727 651 780 et
667 727 809 795 recognito
825 729 992 782 testamento
1010 725 1086 782 eliud
1102 729 1298 784 testemonium
1315 725 1388 795 feeit,
1406 727 1435 782 iu
1452 741 1507 796 quo
1526 733 1541 774 ὅ

66 805 174 888 „petit
187 811 306 880 legetum
325 811 369 867 his
386 811 494 868 uerbis:
513 811 676 884 ‘quibusque
693 815 786 883 iegetu
803 814 831 868 in
849 829 883 870 eo
899 819 1066 870 testamento
1078 814 1152 885 qnod
1163 814 1312 870 inciderem
1325 814 1398 884 dedi,
1416 815 1509 872 omnis

68 911 134 966 ‘m
166 915 221 955 esee
243 904 273 955 et
295 915 438 970 qunequee
461 901 565 971 seripts
586 907 652 958 sunt
673 901 754 959 uolo'.
781 903 937 972 quaesitum
961 907 1018 972 est,
1040 902 1117 958 edite
1139 918 1175 958 ex
1198 903 1325 972 sequenti
1341 907 1508 980 testemento

72 987 219 1054 preditete
236 1004 271 1042 sn
290 987 445 1058 debitores,
468 988 568 1058 quibus
586 991 669 1060 priori
686 995 853 1047 testamento
875 991 1001 1048 liberatio
1024 991 1120 1049 reiiote
1141 995 1215 1059 eret,
1237 991 1369 1060 oomequi
1392 991 1507 1062 possint,

76 1077 201 1140 nerim
217 1077 277 1130 eius
294 1077 458 1146 quantitatis
475 1077 598 1148 nomine,
622 1095 705 1149 quem
723 1085 787 1149 post
803 1081 880 1150 prius
893 1083 1094 1147 ¹instrumentum
1112 1077 1213 1134 debere
1231 1084 1393 1149 ooepereut,
1410 1078 1507 1136 iibere-

82 1173 181 1234 rentur,
200 1171 228 1220 et
248 1165 273 1220 si
295 1164 330 1220 eb
354 1164 397 1220 his
420 1165 535 1220 heredes
557 1170 652 1236 petere
675 1169 829 1238 coeperint,
852 1185 888 1225 uu
909 1168 966 1224 doli
989 1168 1054 1222 maii
1077 1167 1238 1236 exceptione
1261 1171 1556 1224 summouendum

65 1253 210 1326 srupondit
227 1269 281 1308 non
299 1253 418 1308 liberari.
448 1253 537 1310 Titius
556 1253 620 1310 Seio
638 1255 756 1312 debitori
775 1272 826 1314 suo
844 1258 884 1312 its
901 1257 1019 1326 legeuit:
1038 1255 1082 1311 ‘do
1099 1256 1162 1325 lego
1174 1253 1239 1311 Seio
1253 1254 1380 1312 denerios
1397 1255 1507 1312 desem

91 1349 153 1402 'tem
168 1341 231 1398 douo
248 1341 301 1410 iili,
324 1340 458 1410 quidquid
482 1343 564 1398 sortis
588 1349 617 1400 et
638 1360 782 1402 neureruur
807 1345 917 1402 nomine
938 1344 1004 1400 mihi
1022 1341 1157 1399 debebet'.
1184 1348 1328 1414 praetereo
1344 1344 1508 1413 genereiiter

96 1431 212 1488 dennenit
227 1430 343 1486 heredes
361 1429 481 1499 fideiqne
499 1447 593 1488 eorum
612 1433 763 1503 permisit,
782 1435 824 1489 uti
842 1434 940 1488 dorent
956 1432 1133 1488 restituerent
1150 1432 1312 1502 uniouique,
1330 1431 1463 1502 quidquid
1472 1431 1507 1486 ei

99 1521 199 1588 hpssmt.
223 1524 321 1588 postes
338 1518 419 1576 Seius
442 1520 523 1590 elisur
546 1527 690 1590 prosterne
714 1523 862 1592 peeuuiern·
883 1538 901 1576 u
918 1521 994 1576 Titio
1011 1523 1153 1576 mutuatus
1171 1523 1223 1576 est
1250 1535 1367 1590 quuero,
1385 1535 1422 1576 en
1438 1519 1507 1576 bueo

104 1621 184 1675 quoqne
197 1609 318 1676 pecunie,
336 1623 409 1676 quoe
426 1613 490 1677 post
507 1613 703 1666 testementum
722 1608 824 1666 ieoturn
837 1610 904 1666 dete
916 1614 991 1666 esset
1003 1608 1074 1678 Seio,
1093 1608 1185 1677 legen
1196 1608 1371 1678 intellegitur.
1395 1622 1506 1678 respon·
1526 1617 1554 1660 ne

108 1695 141 1762 tit,
153 1709 200 1750 eun
217 1696 242 1750 in
259 1697 439 1766 praeteritum
456 1701 567 1770 tempus
578 1698 666 1754 uerbo
678 1699 778 1754 oollstu
789 1701 1015 1767 proponerentur,
1033 1712 1087 1752 non
1100 1711 1162 1754 osse
1174 1697 1311 1766 posterius
1323 1695 1507 1752 eredendum¹

90 1782 201 1850 omnum.
233 1783 322 1840 ditius
340 1788 508 1842 testemento
526 1785 600 1842 teoto
618 1792 647 1842 et
664 1785 727 1842 iiliie
744 1786 892 1844 heredibus
909 1786 1042 1842 institutis
1060 1785 1095 1840 de
1113 1789 1191 1854 petre
1201 1789 1293 1842 tutore
1304 1799 1355 1842 suo
1367 1783 1505 1854 quendem

111 1867 160 1924 nen
176 1872 207 1926 ite
226 1873 333 1928 loeutus
358 1878 416 1930 eet:
441 1872 542 1930 'Seium
568 1880 673 1946 putrem
701 1891 793 1931 meum
820 1874 964 1932 iiberetum
985 1875 994 1938 ΙΙ
1013 1888 1075 1930 esse
1098 1873 1162 1930 noio
1188 1871 1224 1928 eb
1251 1874 1359 1930 eodone
1385 1871 1505 1930 tnteiee'.
1523 1877 1581 1926 tre

111 1970 188 2026 pero,
201 1949 263 2016 bueo
280 1959 368 2016 norbo
385 1967 522 2032 quotenus
540 1965 628 2034 neoipi
646 1963 756 2034 debent,
775 1964 804 2020 id
821 1969 866 2019 est
883 1980 919 2020 nn
936 1963 1080 2033 peounies,
1098 1977 1167 2031 ques
1185 1961 1231 2016 uei
1249 1975 1285 2016 ex
1301 1959 1506 2018 perditionibus

112 2059 173 2100 mu
186 2046 254 2104 ieots
271 2054 321 2104 eut
338 2064 374 2104 ex
392 2049 549 2106 nominihus
567 2053 673 2108 exustis
695 2052 722 2107 in
747 2067 814 2108 suos
837 2067 904 2108 usus
927 2051 1064 2108 oonuertit
1086 2051 1131 2108 nei
1149 2049 1258 2106 nomine
1276 2063 1327 2104 suo
1344 2047 1505 2119 ieennenit,
1525 2058 1554 2099 ¹⁰

112 2129 154 2188 iliis
166 2141 187 2190 et
198 2136 337 2194 heredibus
355 2139 496 2194 mstetoris
514 2140 660 2210 nepotibus
678 2141 736 2197 suis
753 2141 856 2196 ueneat
873 2139 997 2200 reddere.
1023 2137 1165 2209 respoudit
1176 2151 1248 2208 enm,
1266 2137 1345 2192 ouius
1361 2138 1436 2194 notio
1454 2141 1506 2208 est,

113 2221 299 2282 intimaturum.⁸
333 2228 522 2297 praesumptio
550 2229 623 2282 enim
649 2235 761 2300 propter
788 2229 940 2286 netnreiem
965 2227 1094 2284 eiieoturn
1118 2225 1185 2282 feeit
1211 2226 1303 2282 omnin
1325 2225 1397 2296 petri
1418 2225 1507 2282 uideri

93 2315 212 2382 *otene
230 2307 280 2370 ui'ei
297 2315 373 2370 eiind
391 2316 511 2372 sensisse
529 2321 688 2373 testatorem
708 2316 743 2374 eb
761 2316 908 2374 heredibus
926 2317 987 2372 sius
1004 2313 1178 2386 approbetur.
1215 2313 1324 2370 hieeuie
1339 2317 1506 2370 nonnemo

6 2473 9 2482 Ι
113 2409 148 2450 teo
160 2400 250 2458 eiterum
267 2405 319 2458 οι*
337 2401 484 2460 heredibus
502 2405 560 2460 enie
577 2407 685 2462 notione
703 2407 806 2462 tutelne
824 2407 912 2462 uoluit
931 2404 1040 2461 libereri
1057 2403 1100 2460 his
1118 2401 1251 2486 {sternit
1264 2413 1320 2461 iiii
1336 2397 1506 2471 1ᾙῖῆῖ

113 2484 187 2542 mdis:
201 2488 331 2548 'retionem
354 2492 474 2560 tutelae,
498 2509 580 2562 quern
603 2495 662 2564 egit
684 2495 769 2550 iulius
792 2495 893 2550 Penins
916 2509 979 2550 oum
1001 2492 1123 2548 Antistio
1141 2491 1286 2560 Cioerone,
1311 2491 1390 2560 posoi
1412 2489 1448 2546 eb
1471 2505 1505 2548 eo
1524 2500 1553 2546 re

113 2569 162 2626 'itio
174 2590 243 2648 eoque
260 2581 371 2636 nomine
389 2595 474 2636 oense
491 2582 566 2638 omni
583 2581 728 2638 iiherntnm
747 2595 809 2638 esso
827 2581 913 2640 uolo':
941 2596 1052 2652 quaero,
1071 2596 1115 2650 eu,
1134 2580 1157 2636 si
1169 2594 1225 2650 qne
1235 2580 1353 2649 peounie
1368 2594 1404 2634 ex
1417 2579 1505 2634 tutele

113 2661 164 2726 *ihil
177 2679 225 2722 eun
240 2669 378 2738 remansit,
397 2669 454 2738 peti
472 2667 508 2726 ab
525 2684 559 2724 eo
576 2671 672 2740 possit.
701 2671 844 2742 respondit
861 2670 927 2726 nihii
944 2669 1068 2740 proponi,
1087 2683 1136 2724 our
1152 2667 1277 2738 peonnie,
1295 2682 1367 2736 quoe
1384 2665 1504 2736 pupiiiee

92 2749 143 2800 Μ
155 2755 176 2804 tt
189 2756 248 2823 opud
265 2761 384 2812 tutorem
402 2757 493 2828 posits
510 2763 642 2828 muneret,
661 2759 754 2828 legate
770 2759 918 2816 uideretur.
949 2749 1127 2814 Testamento
1145 2756 1186 2811 ite
1203 2755 1364 2826 seripseret:
1382 2750 1504 2839 Q

113 2831 169 2892 ”iiio
183 2842 250 2900 runt
266 2861 337 2915 meo,
354 2845 488 2916 quidquid
505 2846 570 2902 mihi
588 2861 762 2918 quoeunque
779 2863 814 2902 ex
832 2863 917 2903 oense
933 2845 1061 2916 debehet,
1080 2845 1183 2901 remitti
1200 2844 1263 2902 uolo
1281 2857 1369 2914 eoque
1387 2845 1504 2914 emplius

113 2917 186 2980 'deson
200 2929 247 2987 do':
269 2933 401 2990 oodioiliie
424 2934 464 2990 ito
481 2934 603 3004 erripuit:
621 2934 703 2990 ‘Titio
721 2935 773 2992 hoo
791 2936 907 3006 emplius
925 2933 1009 2990 ndfini
1032 2937 1061 2990 et
1079 2931 1196 2990 debitori
1212 2947 1274 2988 meo
1292 2945 1403 2988 usuram
1421 2945 1503 3002 peon·
1522 2941 1552 2984 eo

113 3005 172 3080 'ibit
185 3031 251 3085 tuem
268 3022 334 3078 mihi
352 3021 448 3092 dehet,
471 3023 507 3078 eh
525 3022 625 3079 herede
644 3039 705 3078 meo
723 3023 812 3080 donee
830 3023 954 3080 uduiuet:
978 3022 1095 3093 quodsi
1113 3023 1224 3090 erigere
1244 3021 1317 3076 uitre
1333 3021 1503 3078 uoinnnren

112 3095 181 3158 'men
194 3111 331 3180 putauerit,
355 3111 416 3166 eius
434 3112 515 3167 sortis
533 3127 644 3168 usnrem
663 3112 751 3168 eidem
770 3113 844 3168 'litio
867 3111 903 3168 ub
926 3111 1074 3168 heredibus
1091 3111 1161 3166 meis
1178 3109 1266 3166 donee
1283 3109 1354 3166 uiuit
1370 3109 1504 3180 praestari

112 3183 174 3244 'notul
193 3199 333 3262 quaesitum
351 3203 407 3269 est,
431 3215 493 3256 oum
518 3200 636 3270 eugendi
657 3200 750 3270 potius
773 3216 856 3272 quem
880 3199 1021 3256 minuendi
1042 3203 1159 3256 testetur
1179 3198 1349 3254 uoluntatem
1367 3197 1503 3267 hebuerit,

111 3287 136 3328 ⁸¹²
150 3275 237 3340 brudeo
253 3302 286 3342 er
304 3304 391 3344 ausu
407 3285 609 3344 iideioommissi
621 3289 696 3346 Titio
708 3295 860 3359 teneantur,
879 3293 911 3344 ut
927 3304 990 3344 eum
1009 3288 1083 3344 omui
1100 3287 1193 3344 debito
1210 3285 1335 3342 liberent
1362 3285 1504 3356 respondit

88 3364 222 3426 ieeounduu
238 3390 268 3430 en
284 3393 355 3446 quoe
374 3383 590 3447 proponerentur
608 3377 695 3432 uideri
714 3379 848 3434 minutum
866 3379 997 3446 legatum,
1016 3375 1090 3447 quod
1107 3375 1197 3445 primo
1215 3373 1336 3429 dederet
1366 3375 1502 3443 tegetum
1522 3383 1552 3426 eo

110 3455 143 3503 itt
155 3456 291 3522 monento
309 3465 363 3521 hoo
380 3465 476 3522 modo:
495 3463 566 3520 ‘Seio
584 3465 698 3522 oouoedi
716 3467 792 3536 noio,
815 3465 949 3536 quidquid
974 3465 1039 3520 mihi
1062 3463 1097 3520 sb
1115 3457 1503 3547 fflsffi‘t

111 3535 140 3592 'eo
154 3539 249 3608 debitum
265 3559 308 3609 est
326 3554 370 3610 uel
388 3551 471 3610 iidem
489 3567 578 3608 meum
597 3567 648 3622 pro
660 3569 693 3610 eo
705 3553 848 3624 obligent:
866 3568 977 3624 queero,
996 3557 1087 3608 utrurh
1102 3551 1131 3606 id
1143 3552 1240 3620 solnm,
1258 3549 1333 3619 quod
1343 3549 1504 3606 testamenti

110 3621 159 3680 Μ’
171 3635 272 3708 tompore
289 3641 456 3711 debehatur,
479 3641 601 3711 tegetum
620 3642 670 3710 sit,
695 3657 730 3697 en
748 3641 845 3710 etiem,
869 3642 894 3698 si
912 3641 979 3712 quid
997 3656 1032 3696 ex
1055 3655 1090 3696 ee
1107 3654 1216 3696 summe
1232 3653 1376 3694 usurarum
1394 3637 1504 3694 nomine
1619 3707 1620 3711 Ἰ

109 3721 181 3779 Μ
194 3731 308 3799 uouit,
332 3731 426 3799 iegato
448 3729 537 3785 oednt.
565 3729 707 3800 rospondit
730 3729 817 3786 uideri
840 3744 948 3786 ornnem
967 3728 1162 3798 obligationem
1180 3727 1240 3782 eius
1258 3724 1344 3781 debiti
1360 3739 1411 3795 per
1427 3721 1504 3780 fidei·

86 3803 242 3872 ieiuniorum
263 3819 333 3874 solui
357 3818 487 3874 uoluisse.
524 3815 618 3874 Stioho
640 3821 807 3874 testamento
831 3818 998 3874 manumisso
1020 3813 1136 3874 fundum
1156 3815 1318 3870 instruotnm
1336 3819 1366 3870 st
1383 3807 1504 3896 [iffi—Q
1522 3829 1552 3870 eo

109 3888 149 3943 ¹¹5⁸
165 3895 247 3968 luerit
266 3911 296 3962 st
318 3906 388 3962 haeo
407 3905 493 3962 uerbo
510 3905 623 3960 sdieoit:
643 3905 731 3976 'quern
750 3907 882 3962 rationem
900 3905 1015 3962 reddere
1033 3909 1112 3974 ueto,
1136 3903 1400 3973 umeroshumeros
1416 3915 1503 3971 penes

109 3973 137 4030 '⁸⁰
150 3977 228 4048 insu
244 3995 400 4064 queeeitum
419 3999 470 4064 est,
489 4010 524 4050 eu
537 3993 647 4050 Stiohus
666 3995 778 4064 relique,
797 4009 868 4064 quoe
886 4009 921 4052 ex
940 3991 1175 4050 odministrotioue
1193 3995 1272 4046 eetue
1283 3987 1425 4058 debueret,
1443 3987 1503 4043 red·

108 4060 156 4121 ‘¹⁰¹0
168 4073 282 4139 debuerit
309 4083 439 4154 respondi
457 4082 580 4140 Stiohum
604 4097 637 4139 eo
655 4084 765 4140 nomine
788 4098 844 4138 nou
862 4082 957 4138 teneri.
984 4082 1151 4138 Gusunrus:
1175 4093 1257 4136 nemo
1275 4077 1347 4134 enim
1365 4092 1401 4134 ex
1419 4076 1503 4134 serui·

108 4153 156 4210 “¹⁸1⁸
168 4169 217 4224 totu
233 4177 295 4242 post
311 4171 465 4228 iihertetsm
483 4175 593 4229 tenetur
616 4177 646 4230 et
663 4172 827 4230 oomnitetio
851 4171 888 4226 ed
910 4171 952 4228 ins
970 4167 1057 4226 debiti
1073 4169 1161 4224 reiete
1178 4164 1281 4224 meret:
1304 4165 1415 4224 retineri
1436 4178 1504 4234 ergo

107 4246 308 4338 fiiihuoross)

108 4385 153 4445 ¹⁸¹)
166 4407 201 4458 ior.
217 4411 249 4475 (u.
263 4413 291 4476 ι’.)
363 4407 546 4464 ¹creditum?
616 4407 799 4466 ”Ousunrus
818 4417 865 4464 tm.
884 4408 1039 4480 (Setutttnp)
1111 4403 1278 4462 ⁴tntoribus
1295 4403 1331 4461 eb
1349 4414 1397 4460 tm.

107 4473 492 4510 ''N-,mm

107 4515 165 4580 loo
182 4534 213 4592 oo
235 4541 270 4593 r·
294 4543 299 4608 ι
324 4541 369 4610 on]
396 4541 458 4605 rur,
482 4555 517 4594 ar
541 4539 577 4596 ab
600 4540 760 4607 wnnoro
810 4541 843 4595 ro
861 4539 1001 4604 reunion
1021 4537 1098 4608 roro)
1115 4544 1245 4594 umorue
1260 4535 1364 4600 eraso
1381 4551 1438 4590 m
1451 4549 1503 4590 noe

105 4583 117 4666 J
129 4603 307 4675 imequ'r'w
351 4609 597 4680 11do'1o'iopoF2
639 4613 672 4666 12
684 4611 757 4668 douo
812 4615 980 4684 inteltspereut
996 4629 1077 4664 usuro
1094 4611 1156 4675 (nou
1166 4610 1263 4674 morie)
1281 4615 1404 4678 pecuniae
1419 4612 1503 4676 ripoi-

104 4653 437 4746 1111ἩῈτεκῑηῑυιῑῐίσιῑ,
450 4681 556 4736 oorrw
585 4681 756 4750 loherbaFi
802 4686 886 4754 ficar.-
908 4689 1036 4752 urenae,
1059 4698 1110 4733 oue
1119 4681 1234 4752 sm·
1327 4675 1375 4730 roe
1392 4676 1504 4732 uouere

104 4739 246 4803 erumpe
291 4751 542 4808 infernoruhirF¹
587 4753 757 4822 reperim
811 4760 968 4815 tremorem,
992 4758 1016 4804 u·
1033 4750 1106 4804 tero
1125 4757 1159 4813 o,
1183 4756 1225 4804 eur
1257 4754 1308 4801 ,terr
1324 4746 1436 4800 oerum
1454 4745 1503 4799 aa·

103 4795 285 4878 23'iitibeidrd'
314 4825 394 4880 2401
403 4821 558 4890 heredibus}
569 4823 762 4878 eioFDEIGK
810 4831 835 4878 ei
852 4830 938 4877 nomm
957 4827 1029 4885 eom,
1047 4819 1076 4874 td
1086 4819 1119 4874 ob
1134 4836 1163 4874 eo
1177 4826 1238 4874 otoo
1251 4823 1381 4889 erepturi,
1398 4815 1504 4870 turdo

103 4867 350 4964 istrittunen‘usn*
384 4887 623 4950 tldehe'be’tffl'
653 4893 758 4950 esurus
811 4843 930 4964 obem,
946 4891 1196 4946 aaronem
1209 4885 1504 4970 reuomentem

103 4952 160 5009 ”mi
173 4965 284 5034 usurum]
304 4973 380 5038 poert
396 4971 462 5022 reret
478 4965 566 5035 ipsum
585 4967 687 5020 sortem
705 4961 757 5032 (uei
814 4963 882 5020 Titio
893 4968 1040 5018 mtituunt:
1057 4960 1149 5034 oſs58
1196 4959 1233 5016 et
1249 4955 1472 5014 ddeoommnhh
1483 4955 1509 5008 F

101 5077 102 5084 κ
1231 5043 1292 5102 11*
