3616 5468
292 274 426 344 XXXIII
446 277 468 340 4
486 281 579 338 t—14
968 267 1054 350 118
1309 295 1355 342 ns
1377 293 1470 344 nors
1492 293 1716 344 remacius

294 433 331 489 sit
348 439 376 489 ct
393 448 428 488 ex
445 448 529 489 causa
546 430 749 488 fideicommIssi
766 430 838 488 tilius
856 431 947 488 dotem
966 433 1115 504 acceperit,
1134 438 1165 488 ut
1182 433 1332 490 indebitum
1350 432 1591 490 fideicommissum
1609 449 1665 492 nou
1682 447 1721 490 re·

293 528 445 594 peteretur:
463 521 596 576 motionis
615 522 687 578 enim
704 520 887 590 praestandae
905 523 1054 578 necessitas
1073 521 1084 596 l
1103 522 1264 578 solutionem
1280 529 1409 592 moratur,
1428 538 1482 578 non
1494 522 1646 578 iudebitum
1658 521 1723 580 facit
1744 529 1770 578 f.

262 621 276 668 n
294 610 368 683 quod
385 610 437 667 fuit
453 610 590 666 debitum:
608 609 658 665 sed
676 625 730 666 non
748 611 801 665 erit
817 611 940 681 Iniquum
958 610 1051 666 heredi
1070 610 1218 667 subueniri.
1255 611 1325 678 Quid
1344 627 1410 682 ergo
1428 613 1452 668 si
1468 613 1555 682 petrin
1573 612 1653 668 beree
1670 613 1721 668 sol·

294 700 383 758 uendo
402 715 456 756 non
474 699 529 755 sit?
552 714 642 754 nonne
659 699 730 754 iuste
742 700 849 755 mulieri
861 699 972 756 dabitur
983 699 1116 756 aduersm
1128 701 1216 756 uirum
1228 701 1303 758 utilis
1315 701 1388 757 actio
1400 701 1492 757 dotis?
1515 703 1560 758 cui
1572 701 1623 757 dos
1635 701 1721 772 perire

293 805 349 846 non
368 789 458 859 debet,
477 788 542 859 quia
559 803 614 843 uon
631 788 794 858 interposuit
811 803 861 858 per
877 803 995 845 errorem
1014 787 1093 846 heres
1111 790 1274 846 cautionem.
1746 801 1766 841 s

256 877 275 936 8
346 879 424 934 lours
441 877 508 934 libro
526 878 644 948 septimo
662 893 863 947 responsorum.
892 879 941 934 Uir
953 879 1038 947 uxori,
1057 893 1127 948 quae
1140 879 1231 934 dotem
1245 880 1273 936 in
1286 879 1427 950 mancipiis
1439 879 1566 948 habebat,
1585 875 1720 963 [ιι-ιζῖῐ
1750 883 1778 936 P

292 969 436 1041 pecuniam
459 981 509 1038 pro
532 965 596 1022 dote
614 967 768 1036 legauerat:
792 967 858 1023 uiuo
876 968 935 1023 uiro
953 967 1096 1037 mancipiis
1113 969 1229 1024 mortuis
1247 983 1315 1024 uxor
1331 975 1396 1038 post
1412 969 1500 1024 uirum
1519 969 1577 1024 uita
1594 957 1720 1026 decessit

293 1058 330 1114 ad
346 1057 473 1114 heredem
493 1055 552 1111 cius
571 1055 642 1110 actio
660 1055 745 1124 legati
763 1062 837 1110 recte
854 1055 1056 1125 transmittitur,
1075 1058 1202 1127 quoniam
1222 1058 1310 1112 mariti
1329 1059 1456 1114 uoluntas
1473 1057 1611 1114 seruanda
1627 1063 1679 1114 est.

257 1147 275 1206 9
346 1147 423 1202 Ιυιιιι
440 1145 509 1201 libro
527 1150 626 1200 octauo
643 1157 844 1213 responsorum.
880 1144 972 1202 'Uxori
995 1159 1073 1202 meae
1093 1144 1207 1202 fundum
1227 1147 1417 1204 Cornelianum
1435 1151 1478 1202 et¹
1496 1161 1567 1216 quae
1585 1143 1720 1232 [Q
1756 1149 1778 1202 I

294 1237 419 1306 'nuptura
441 1233 540 1306 optulit
563 1232 708 1287 aestimata
724 1233 753 1288 in
770 1233 915 1303 speciebus
933 1235 1039 1290 restitui
1056 1233 1136 1290 uolo'.
1169 1235 1298 1306 respondi
1316 1251 1371 1292 oon
1389 1237 1561 1292 aestimatum
1580 1237 1720 1306 praedium
1760 1245 1778 1282 ¹

293 1325 321 1382 in
339 1325 432 1380 dotem
450 1323 543 1378 datum
562 1329 707 1392 exceptum
725 1336 780 1377 non
798 1321 898 1392 uiderI,
921 1323 970 1378 sed
988 1323 1117 1380 uniuersa
1134 1323 1199 1380 dote
1216 1326 1392 1394 praelegata¹
1409 1340 1499 1380 rerum
1517 1327 1719 1382 aestimatamm

292 1415 409 1486 pretium
429 1427 483 1467 non
500 1411 632 1478 relictum,
651 1425 746 1466 uerum
764 1411 839 1481 lpsas
857 1427 910 1481 res,
928 1413 1024 1482 quales
1042 1413 1236 1468 inuenirentur.

238 1503 276 1562 10
346 1501 503 1558 Sosuuoua
515 1500 584 1556 libro
596 1505 694 1556 octauo
706 1501 906 1568 quaestionum.
926 1498 955 1556 Si
967 1499 1046 1558 Seiae
1057 1513 1107 1571 pro
1120 1501 1184 1558 dote
1196 1505 1305 1556 centum
1318 1499 1435 1558 lundus⁸
1444 1503 1552 1571 legatus
1565 1497 1720 1584 [assur-n

293 1591 331 1647 sit
347 1590 474 1659 idemque
491 1589 612 1644 Maeuio:
630 1587 705 1658 quod
722 1588 829 1644 hlaeuio
847 1589 969 1645 Falcidia
987 1582 1152 1660 aufert'pro
1171 1605 1204 1646 eo
1222 1591 1302 1660 quasi
1319 1605 1469 1646 concursus
1486 1607 1540 1646 nou
1556 1578 1719 1661 suffit—off

293 1681 343 1736 lier
359 1680 421 1750 plus
440 1678 568 1746 ulndioet,
586 1678 652 1748 qnia
669 1677 785 1747 amplius
802 1678 839 1734 sit
856 1678 885 1734 lu
903 1677 968 1736 dote
986 1679 1115 1735 mulieris.

237 1771 273 1828 11
346 1769 465 1824 Patruus
487 1766 557 1822 libro
580 1767 696 1836 septimo
720 1781 921 1835 responsorum.
958 1767 1022 1823 Seia
1044 1783 1106 1823 cum
1125 1767 1240 1823 nuberet
1257 1769 1343 1824 Lucio
1360 1767 1446 1836 Titio,
1471 1767 1548 1822 dedit
1566 1763 1720 1852 [ᾗῇ

292 1857 365 1914 dotis
383 1857 491 1913 nomine
510 1861 618 1910 eentum
637 1869 735 1910 aureos
753 1861 782 1910 et
799 1855 924 1912 adhibuit
942 1856 1070 1922 Quintum
1089 1857 1218 1926 Mucium,
1236 1857 1283 1927 qui
1301 1856 1366 1912 nihil
1384 1858 1546 1927 numerauit,
1565 1858 1616 1914 sed
1631 1858 1720 1914 dotem

287 1945 439 2016 stipulatus
457 1949 508 2014 eat,
527 1945 550 1999 si
569 1949 656 1999 morte
673 1944 793 2000 mulieris
811 1945 931 2000 sellatum
949 1944 1031 2000 fuant
1049 1947 1258 2002 matrimonium.
1286 1945 1350 2002 Seia
1365 1947 1482 2002 moriens
1494 1951 1720 2002 testamentoque

291 2035 332 2094 tta
349 2035 435 2090 cauit:
455 2033 547 2089 ‘Lucio
558 2033 631 2088 Titio
650 2033 747 2089 manto
766 2048 835 2102 meo,
854 2035 899 2090 cui
917 2034 1050 2090 maximas
1067 2037 1171 2104 gratias
1189 2051 1251 2105 ago,
1269 2035 1328 2090 dari
1347 2036 1409 2090 uolo
1427 2049 1509 2104 super
1521 2034 1622 2104 dotem,
1640 2051 1721 2106 quam

211 2181 213 2186 ,
293 2123 325 2179 'ei
349 2123 424 2193 dedi,
448 2127 490 2179 tot
510 2120 623 2178 ιιιιιοι“Ι
656 2137 772 2192 quaero,
796 2137 859 2178 oum
878 2123 996 2180 instituit
1012 2124 1127 2180 Lucium
1146 2123 1249 2178 Titium
1267 2125 1413 2180 coniaenire
1431 2123 1546 2190 QuIntus
1565 2125 1671 2180 liueius
1688 2140 1725 2180 ex

292 2213 422 2283 stipulatu
440 2213 552 2280 untione,
571 2227 607 2266 an
618 2211 748 2281 repellere
760 2227 823 2268 eum
836 2213 949 2268 maritus
961 2213 1049 2282 possit
1060 2228 1094 2268 ex
1106 2211 1198 2268 uerbis
1209 2213 1375 2268 testamenti.
1403 2213 1551 2282 respondit,
1570 2213 1594 2268 si
1607 2213 1721 2278 Quietus

291 2302 397 2358 Mucius
415 2301 561 2358 mandante
580 2299 643 2356 Seia
660 2315 715 2356 non
732 2300 887 2358 donationis
904 2315 990 2356 causa
1007 2302 1154 2372 stipulatus
1172 2306 1228 2370 est,
1251 2301 1398 2358 heredibus
1417 2302 1536 2358 mulieris
1554 2317 1618 2357 cum
1636 2303 1722 2358 teneri

292 2394 321 2445 et
337 2389 399 2444 ideo
417 2389 546 2456 Quintum
564 2391 680 2446 Manlum
700 2390 861 2459 exceptione
879 2390 1063 2460 repellendum
1082 2405 1151 2446 esse.
1175 2390 1286 2460 quodsi
1298 2391 1452 2448 donationis
1465 2407 1549 2446 cauea
1562 2389 1721 2462 Seiastipu·

291 2480 341 2536 lari
357 2480 549 2549 permunisset,
568 2479 655 2534 uideri
673 2495 735 2534 eum
754 2480 782 2534 in
800 2493 862 2534 eum
881 2494 983 2550 casum,
1002 2479 1048 2550 qui
1067 2485 1154 2536 morte
1167 2479 1286 2534 mulieris
1298 2481 1421 2536 exstitit⁴
1434 2481 1528 2536 mortis
1541 2481 1721 2551 causastipu·

291 2569 391 2625 latum:
411 2573 440 2624 et
456 2569 518 2625 ideo
536 2567 599 2624 fidei
619 2569 677 2624 elus
696 2569 828 2624 committi
846 2569 968 2638 potuisse
985 2569 1014 2624 in
1032 2583 1094 2624 eum
1112 2585 1206 2624 casum
1225 2569 1371 2625 dicendum
1389 2569 1455 2626 iore.
1505 2637 1506 2640 Ἴ

238 2662 274 2722 12
345 2657 502 2714 Suauuona
519 2656 588 2713 libro
606 2657 687 2713 tardo
702 2671 902 2727 responsorum.
930 2656 981 2723 Qui
993 2657 1085 2714 dotem
1098 2659 1126 2714 in
1137 2659 1255 2730 pecuma
1266 2665 1408 2716 numcrata
1426 2663 1455 2714 et
1466 2659 1546 2716 aestl-
1564 2653 1721 2743 [ῆι-ἐξῇ

293 2747 374 2802 matis
391 2745 473 2802 rebus
491 2751 644 2817 acceperat,
663 2747 741 2802 uxori
758 2747 798 2801 ita
815 2747 931 2816 legauit:
951 2745 1038 2802 ‘Seiae
1056 2750 1133 2804 uxori
1152 2763 1238 2818 meae,
1256 2749 1280 2804 si
1298 2763 1392 2804 omues
1407 2763 1459 2817 res,
1478 2763 1549 2817 quae
1560 2747 1662 2804 tabulis
1674 2750 1721 2805 do·

292 2834 400 2891 'talibus
417 2836 619 2906 contineantur,
642 2835 736 2891 heredi
754 2851 815 2892 mco
833 2835 987 2892 exhibuerit
1003 2842 1032 2892 et
1049 2837 1203 2907 tradiderit,
1226 2853 1361 2894 summam
1378 2837 1464 2908 dotis,
1489 2853 1571 2906 quam
1589 2837 1656 2894 mihi
1673 2853 1721 2908 pro

293 2923 334 2980 ‘aa
350 2930 428 2995 pater
445 2925 504 2980 eiua
522 2925 626 2995 intulit,
645 2924 705 2980 dari
722 2925 799 2980 uolo:
818 2923 870 2980 hoc
888 2926 1005 2995 amplius
1023 2925 1149 2982 denarios
1167 2925 1279 2982 deeam'.
1309 2927 1462 2996 quaesitum
1481 2931 1532 2996 est,
1550 2941 1613 2982 cum
1633 2943 1677 2982 res
1695 2928 1723 2982 in

292 3013 384 3071 dotem
403 3013 484 3069 datae
502 3015 593 3084 plures
611 3015 671 3082 ipso
689 3029 741 3069 usu
758 3012 852 3070 linitae
870 3020 963 3072 esseut
979 3029 1031 3070 uec
1049 3015 1180 3070 moriente
1199 3017 1296 3072 manto
1314 3014 1446 3084 fuerant‘,
1466 3031 1500 3070 an
1518 3016 1597 3084 quasi
1609 3016 1662 3072 sub
1673 3017 1720 3072 im-

292 3103 415 3174 possibili
433 3103 591 3160 condicione
609 3104 731 3172 legatum
749 3102 843 3158 datum
862 3103 1001 3160 debeatur.
1035 3103 1163 3173 respondi
1181 3105 1268 3162 uideri
1286 3104 1439 3160 condicioni
1456 3105 1587 3174 paritum,
1605 3105 1721 3175 siquod

293 3208 328 3249 ex
345 3192 427 3248 rebus
444 3193 472 3247 in
490 3192 582 3248 dotem
603 3192 674 3247 datis
692 3197 842 3262 supererat,
864 3193 892 3248 in
910 3195 1075 3262 potestatem
1093 3191 1200 3248 heredis
1218 3193 1350 3263 peruenit

238 3287 275 3347 13
345 3283 447 3338 Lasso
464 3281 533 3338 libro
551 3281 638 3352 primo
656 3280 829 3351 pithanorum
848 3297 865 3336 a
882 3282 967 3338 Paulo
986 3282 1204 3352 epitomatorem.
1232 3283 1364 3338 Paucos:
1382 3282 1407 3336 si
1424 3279 1496 3336 filius
1507 3279 1547 3337 ia·
1566 3278 1721 3364 [offitii.

292 3371 389 3440 milies,
408 3385 518 3426 uxorem
538 3386 599 3426 cum
617 3370 738 3440 haberet,
758 3371 850 3428 dotem
869 3370 904 3427 ab
923 3383 956 3426 ea
974 3374 1126 3441 acceperat,
1144 3371 1243 3427 deiude
1260 3377 1338 3442 pater
1357 3370 1472 3426 familias
1490 3361 1685 3430 iactusdotem
1697 3365 1721 3432 ei

293 3464 325 3516 ut
341 3461 412 3518 solet
428 3459 543 3530 legauit:
562 3461 687 3530 quamuis
705 3461 776 3530 patri
795 3460 874 3516 beree
892 3475 947 3516 nou
965 3461 1024 3530 erit,
1043 3466 1135 3516 tamen
1154 3461 1180 3516 id
1200 3461 1320 3531 legatum
1338 3459 1490 3516 debebitur.

238 3557 276 3616 14
346 3549 504 3606 sersaoni
527 3547 596 3604 libro
618 3550 713 3619 quinto
736 3549 844 3605 deciate
866 3549 1043 3619 digestorum.
1079 3549 1272 3620 Theopompus
1290 3555 1455 3606 testamento
1473 3549 1546 3606 iacto
1565 3547 1722 3634 [ᾗῗιζῐῖι
1771 3589 1778 3598 -

293 3638 362 3694 duas
384 3636 454 3693 filias
478 3641 506 3692 et
528 3635 613 3692 filium
636 3639 732 3708 aequis
755 3637 879 3708 partibus
897 3637 1016 3694 instituIt
1033 3637 1147 3694 heredes
1165 3645 1194 3694 et
1211 3639 1341 3696 codicillis
1359 3640 1399 3694 ita
1415 3640 1503 3694 osuit:
1522 3629 1722 3715 ‘riser-fariis]

294 3727 352 3792 ἰογ
365 3727 510 3798 iiptcuiaau,
531 3724 562 3780 ira
582 3725 698 3797 ιιῩχόιιιιιι
717 3727 845 3792 balciam,
865 3727 888 3794 ᾧ
907 3727 939 3782 irs
958 3727 982 3782 oi
1001 3727 1069 3790 φίλοι
1089 3746 1140 3791 uos
1159 3728 1197 3782 sai
1217 3730 1241 3784 οἰ
1257 3730 1386 3795 oppressio
1399 3729 1562 3795 lesinione,
1581 3732 1721 3801 npoaniea

294 3816 438 3872 ’ἒκιοθΐιιιι
453 3814 600 3871 Hennaeis
619 3815 699 3871 eilde
716 3835 768 3881 ιιογ
784 3817 833 3870 riis
853 3816 959 3882 raanan
978 3815 1017 3870 tut
1035 3817 1091 3872 τοῖς
1108 3816 1181 3880 icore,
1200 3815 1242 3881 ἐφ’
1260 3817 1300 3874 uic
1318 3819 1357 3872 aai
1375 3818 1424 3874 risa
1443 3817 1559 3883 dictoris
1573 3820 1655 3884 ιῩτῐιι
1668 3821 1721 3878 eat-

293 3905 389 3964 'terat
417 3907 554 3962 Pollianus
572 3906 607 3958 ιο
624 3906 722 3960 marito
739 3907 846 3974 puellae
863 3907 967 3962 iuratus
986 3905 1095 3975 scripsit
1112 3905 1231 3962 uoluisse
1248 3913 1353 3977 patrem
1373 3908 1487 3964 eandem
1500 3911 1682 3978 quantitatem
1695 3912 1722 3970 ia
1763 3910 1778 3944 ⁴

293 3997 384 4054 dotem
403 3996 526 4066 accipere
544 3995 625 4050 etiam
645 3996 775 4050 minorem
794 3993 885 4065 tiliam,
903 4011 985 4064 quam
1001 3995 1087 4050 maior
1098 3995 1258 4066 accepisset.
1282 4011 1392 4067 quaero,
1411 4015 1446 4053 an
1458 3999 1574 4054 eandem
1587 4015 1722 4058 summam

292 4086 364 4142 dotis
383 4086 490 4142 nomIne
508 4084 656 4140 coheredes
674 4089 753 4140 extra
769 4090 874 4154 partem
887 4083 1045 4140 heredItatis
1056 4084 1153 4139 minori
1164 4082 1237 4140 tiliae
1250 4083 1260 4156 l
1275 4091 1414 4156 praestare
1426 4086 1553 4144 debeant
1581 4091 1723 4160 respoudit
1750 4083 1778 4134 s-

292 4189 355 4231 eum
373 4175 451 4230 cuius
468 4175 543 4230 notio
560 4179 604 4228 est
621 4174 835 4244 aestimatorum,
854 4179 885 4229 ut
902 4173 998 4230 eadem
1017 4173 1157 4244 quantitas
1175 4187 1210 4230 ex
1228 4177 1365 4232 communi
1382 4178 1529 4247 praecipua
1541 4178 1639 4234 minori
1651 4178 1722 4236 liliae

292 4263 365 4320 dotis
382 4263 491 4320 nominc
508 4262 597 4318 detur.

292 4380 335 4450 F(
339 4378 522 4447 WDEQIOX
521 4379 538 4448 )

295 4537 435 4596 ¹fundum
455 4539 645 4596 Cornelianum
663 4543 692 4596 et
710 4540 757 4594 dei.
832 4540 983 4610 ²relegata
1000 4543 1044 4614 (ej.
1062 4542 1099 4596 ad
1114 4541 1217 4608 recep
1293 4543 1521 4614 ³quinquaginta
1538 4553 1585 4600 tna.
1603 4544 1722 4618 (Mmpm

292 4611 413 4667 leretdit
431 4619 488 4666 nate
506 4611 623 4681 legatus)
682 4611 993 4681 ⁴permisissetincum
1006 4629 1100 4668 casum
1113 4613 1160 4681 qui
1224 4613 1336 4684 exstitit,
1356 4615 1537 4672 uiderieum‘i
1598 4619 1722 4673 ‘emant

293 4697 344 4740 uec
354 4683 484 4740 moriente
493 4685 590 4739 marito
598 4681 715 4752 fuerant}
725 4698 776 4737 nee
785 4685 1017 4740 esseutmoriente
1027 4683 1145 4740 marito?
1180 4686 1191 4720 ⁸
1203 4687 1292 4740 adet.-
1301 4691 1416 4760 ¹ar'sisatt
1425 4704 1441 4744 a
1451 4705 1485 4742 m.
1497 4705 1524 4758 p.
1534 4689 1722 4760 interpellatus

294 4852 327 4908 11
346 4867 401 4906 non
418 4851 514 4921 uideri]
534 4850 589 4915 Fls,
607 4850 695 4907 uideri
709 4851 819 4908 WDEI
832 4855 926 4920 (edoce
945 4854 979 4908 al.
1034 4859 1101 4909 sats*
1128 4855 1166 4908 F’
1235 4855 1271 4911 40
1297 4857 1440 4926 pellianus]
1468 4857 1603 4927 pellianus
1630 4863 1721 4914 autem

293 4937 355 4980 eum
368 4923 471 4988 nonii}
512 4923 548 4976 20
565 4937 600 4977 ex
618 4924 748 4993 stipulatu
763 4925 878 4994 actione}
892 4924 980 4988 Deo,
1033 4925 1265 4992 F’WDEQIOK
1285 4929 1290 4994 1
1314 4944 1332 4982 a
1355 4930 1452 4984 marito
1476 4929 1581 4998 puellae
1606 4931 1721 4998 iuratus]

293 5009 328 5050 ex
340 4996 470 5066 stipulatu
483 4996 616 5050 actionem
631 4995 685 5060 FK,
698 5011 732 5051 cx
745 4999 921 5070 stipulatione
931 4993 982 5049 WI
1033 4995 1079 5052 tia
1142 4995 1224 5069 indeq
1244 4998 1361 5072 halapia
1379 5003 1423 5068 (a
1436 5001 1578 5069 Petitarum)
1596 5002 1624 5056 B
1642 5003 1721 5074 (Tap.)

293 5067 328 5126 22
346 5066 526 5125 eum'e'teueri
539 5065 576 5122 pt
612 5067 645 5122 at
659 5068 800 5126 seiacss
834 5071 871 5132 38
884 5085 978 5140 spien-
