3614 5460
61 263 156 321 ouss
171 262 266 311 essu.
284 262 361 310 snm
376 263 515 310 seruum
533 261 627 310 seso.
733 237 820 318 873
1082 242 1497 312 xxxxvn1171-se

61 401 223 472 adnotatus,
242 415 332 470 neque
349 401 460 456 uincula
477 400 597 471 patietur
614 414 703 470 neque
721 400 804 455 ullam
823 401 904 456 aliam
922 400 1057 472 iniuriam,
1077 417 1159 472 quam
1176 401 1305 472 patitur¹,
1323 401 1371 472 qui
1389 405 1497 456 senten·

61 491 118 546 tiae
136 505 191 546 non
209 489 400 559 adquieuerat:
419 490 526 559 integer
544 490 615 544 euim
635 493 724 543 status
743 503 804 544 esse
822 489 933 544 uidetur
955 491 1151 560 prouocatione
1169 477 1357 560 interpositas
1376 490 1451 558 Ergo
1468 489 1516 545 et'

61 579 85 634 si
103 577 242 633 abstinere
260 578 356 633 ordine
374 577 466 632 iussus
489 579 525 632 sit
547 581 576 632 et
598 578 804 648 prouocauerit,
828 577 924 632 eadem
947 579 1052 634 ratione
1074 583 1168 650 potest
1190 582 1299 634 coetum
1322 578 1496 649 participare,

61 683 124 723 cum
143 667 195 722 hoc
212 667 249 722 sit
267 667 446 722 constitutum
464 671 493 721 et
510 665 547 721 sit
563 665 646 729 iuris,
668 680 702 720 ιι
720 665 787 735 quid
809 666 947 736 pendente
970 667 1154 738 appellatione
1172 671 1297 722 mouetur.
1334 666 1444 737 Siquis
1462 681 1496 721 ex

60 755 187 826 pluribus
205 753 372 811 facinoribus
386 753 584 810 condemnatos
597 759 710 824 propter
723 754 858 824 quaedam
872 755 1029 824 appellauit,
1047 761 1159 826 propter
1171 755 1305 826 quaedam
1319 771 1387 811 uon:
1405 759 1496 810 utrum
1516 765 1529 806 ι

60 843 214 900 differenda
231 859 321 914 poena
338 845 398 899 eius
416 843 453 898 sit
470 859 506 897 au
524 857 587 912 non,
606 843 754 912 quaeritur.
782 849 811 898 et
829 843 852 897 si
870 842 981 912 quidem
1000 843 1129 912 grauiora
1146 845 1202 900 sint
1219 844 1346 914 crimina,
1370 842 1407 899 ob
1425 857 1496 914 quae

61 933 209 1004 appellatio
227 933 388 1002 interposita
405 935 460 1002 est,
483 931 573 986 lenius
596 935 688 986 autem
712 931 756 1000 id,
779 929 988 1001 propterquod
1011 946 1066 986 uon
1089 933 1252 1003 appellauit,
1275 931 1432 1003 recipienda
1454 936 1498 986 est

60 1020 219 1076 omnimodo
238 1021 385 1090 appellatio
404 1025 433 1075 ιι
449 1019 601 1074 differenda
612 1035 714 1089 poena:
733 1020 757 1074 si
768 1033 835 1074 uero
847 1021 1001 1089 grauiorem
1014 1021 1179 1076 sententiam
1192 1021 1292 1076 meruit
1303 1036 1338 1076 ex
1350 1036 1385 1076 es
1396 1019 1497 1091 specle,

61 1124 97 1164 ιι
115 1124 171 1180 qua
188 1124 243 1165 nou
261 1115 305 1164 cst
322 1109 498 1180 appellatum,
516 1107 674 1164 omnimodo
692 1121 782 1178 poena
799 1107 956 1178 inponenda
973 1112 1025 1163 est.

361 1363 363 1368 ,
733 1313 829 1398 ’ΠΗ
1516 1333 1545 1374 ιι

58 1469 98 1548 R
116 1467 243 1562 QUAE
259 1467 557 1546 SENTENTIAE
577 1467 680 1546 SINE
699 1425 1058 1546 APPELlnTIONE
1078 1465 1444 1546 RESOmDsNTUR
1460 1466 1498 1545 a
1515 1486 1565 1540 ar>

113 1643 221 1698 bisons
244 1641 313 1698 libro
336 1641 458 1698 secundo
481 1641 516 1698 de
534 1639 772 1712 appellationibus.
808 1641 878 1696 lllud
897 1642 1116 1697 meminerimus:
1140 1641 1164 1696 si
1182 1645 1339 1711 quaeratur,
1358 1635 1537 1724 [Qui

59 1731 211 1788 iudicatum
230 1731 267 1786 sit
284 1745 335 1786 nec
352 1745 402 1800 ne,
427 1735 456 1786 et
473 1729 554 1786 huius
572 1731 741 1800 quaestionis
759 1729 843 1785 index
860 1745 915 1785 nou
934 1745 995 1786 esse
1013 1731 1163 1786 iudicatum
1182 1730 1412 1800 pronuntiauerit:
1433 1729 1498 1784 licet

59 1819 144 1876 suerit
160 1819 325 1888 iudicatum,
344 1819 520 1889 rescinditur,
539 1819 563 1874 si
581 1823 760 1888 prouocatam
779 1833 834 1874 ιιι
852 1817 943 1876 fuerit.
978 1819 1047 1874 ltem
1066 1820 1090 1874 si
1108 1819 1205 1875 calculi
1223 1833 1299 1875 error
1314 1819 1343 1874 iu
1361 1817 1498 1874 sententia

60 1923 124 1964 esse
142 1908 261 1978 dicatur,
285 1909 422 1978 appellare
439 1921 553 1963 necesse
570 1923 625 1962 non
644 1911 699 1961 est:
723 1907 809 1962 ueluti
832 1907 856 1962 si
879 1906 962 1962 iudex
984 1908 1025 1963 ita
1042 1909 1274 1978 pronuntiauerit·
1293 1906 1370 1963 'Cum
1389 1910 1498 1962 constet
1515 1917 1544 1958 ιι

61 1997 172 2052 Titium
191 1995 255 2052 Seio
273 2011 308 2051 ex
326 1997 371 2051 illa
389 1997 482 2066 specie
499 1995 712 2065 quinquaginta,
734 1995 799 2050 item
825 2009 858 2050 ex
883 1995 929 2050 illa
951 1996 1044 2066 specie
1063 1997 1162 2066 uiginti
1180 1997 1301 2066 quinque
1318 1995 1433 2066 debere,
1457 1995 1497 2068 id·

61 2085 143 2142 'circo
161 2085 275 2140 Lucium
295 2084 397 2138 Titium
416 2082 480 2140 Seio
498 2089 608 2138 ccutum
627 2083 802 2138 condemuo':
825 2097 889 2138 nam
907 2085 1035 2153 quonlam
1054 2099 1130 2140 error
1147 2085 1359 2156 computationis
1377 2090 1428 2155 est,
1446 2099 1498 2140 nec

61 2175 200 2245 appellare
218 2187 332 2228 necesse
350 2177 394 2228 est
411 2177 440 2228 et
457 2173 526 2228 eitra
543 2173 767 2243 prouocationem
786 2171 938 2240 corrigitur.
966 2172 1016 2227 sed
1034 2177 1063 2227 et
1081 2173 1104 2228 si
1123 2173 1204 2230 huius
1226 2173 1396 2243 quaestionis
1414 2173 1497 2230 ludex

60 2267 227 2319 seutentsam
244 2267 354 2317 centum
373 2259 588 2329 confirmauerit,
614 2261 637 2316 sl
656 2259 766 2330 quidem
789 2259 865 2330 ideo,
888 2260 962 2330 quod
985 2261 1184 2332 quinquaginta
1205 2265 1235 2317 et
1256 2261 1355 2331 uiginti
1378 2262 1498 2333 quinque

60 2350 122 2408 fieri
139 2356 250 2408 centum
268 2349 422 2420 putauerit,
446 2349 536 2404 adhuc
554 2348 626 2404 idem
646 2363 721 2404 error
738 2349 951 2418 computationis
969 2355 1013 2404 eet
1035 2364 1087 2406 uec
1104 2350 1243 2420 appellare
1260 2365 1374 2406 necesse
1392 2356 1449 2406 est:
1473 2350 1497 2406 si
1515 2360 1544 2401 ro

61 2455 129 2496 uero
148 2439 224 2509 ideo,
247 2440 376 2509 quonism
400 2443 429 2493 et
446 2439 514 2493 alias
532 2438 638 2506 species
657 2438 754 2508 uiginti
772 2437 893 2508 quinque
916 2435 1002 2492 fuisse
1020 2437 1133 2508 dixerit,
1156 2438 1332 2508 appellationi
1350 2439 1427 2494 locus
1445 2441 1497 2494 ιιι

60 2530 133 2586 item
151 2541 213 2584 cum
232 2532 329 2583 contra
346 2543 438 2582 sacras
456 2527 666 2582 constitutiones
683 2526 829 2596 iudicatur,
847 2526 1038 2596 appellationis
1056 2527 1207 2582 necessitas
1218 2527 1375 2584 remittitur.
1403 2531 1499 2584 contra

61 2618 274 2675 constitutiones
292 2620 385 2672 autem
403 2616 548 2686 iudicatur,
566 2631 629 2670 cum
648 2616 683 2670 de
701 2616 759 2670 iure
778 2615 994 2684 constitutionis,
1012 2631 1067 2670 nou
1086 2615 1121 2670 de
1138 2615 1198 2670 iure
1215 2615 1361 2686 litigatoris
1378 2631 1498 2686 pronun·

60 2707 156 2762 tiatur.
182 2721 246 2761 nam
265 2705 289 2760 si
306 2704 389 2760 iudex
407 2704 511 2760 uolenti
529 2719 559 2759 se
578 2704 631 2760 ex²
643 2719 709 2759 cura
726 2705 847 2759 muneris
865 2705 909 2759 uel
922 2691 1029 2760 tutelae*
1037 2700 1171 2760 beneflcio
1183 2703 1329 2760 liberorum
1342 2705 1386 2760 uel
1398 2705 1498 2760 aetatis

61 2801 112 2852 aut
129 2793 265 2866 priuilegli
283 2807 430 2864 excusare,
454 2793 555 2848 dixerit
578 2807 667 2862 neque
691 2791 761 2848 filios
779 2808 868 2862 neque
886 2797 1005 2848 aetatem
1025 2799 1074 2848 aut
1091 2793 1175 2848 ullum
1193 2793 1366 2863 priuilegium
1385 2793 1421 2848 ad
1439 2809 1498 2848 mu·
1516 2803 1546 2846 ss
1659 2795 1662 2800 '

61 2885 136 2940 neris
153 2883 198 2938 uel
216 2883 319 2938 tutelae
337 2883 542 2938 excusationem
560 2881 699 2952 prodesse,
718 2881 752 2937 de
771 2882 830 2938 inre
848 2882 998 2938 constituto
1015 2882 1207 2952 pronuntiasse
1226 2882 1405 2952 intellegitur:
1424 2881 1499 2952 quod

61 2973 86 3029 si
104 2972 141 3028 de
158 2972 217 3026 iure
235 2985 286 3026 sno
304 2969 466 3040 probantem
486 2970 639 3040 admiserit,
663 2970 713 3025 sed
731 2969 834 3026 idcirco
852 2974 947 3026 contra
965 2985 1028 3026 eum
1047 2972 1210 3027 seutentiam
1229 2971 1341 3041 dixerit,
1360 2970 1434 3041 quod
1451 2985 1498 3026 ne-

60 3061 172 3131 gauerit
189 3074 251 3114 eum
270 3059 305 3114 de
323 3063 414 3114 aetate
432 3075 484 3115 sua
501 3065 550 3116 aut
568 3057 603 3114 de
621 3074 735 3116 numero
752 3058 899 3114 liberorum
917 3057 1061 3130 probasse,
1087 3059 1122 3114 de
1140 3060 1199 3118 iure
1215 3060 1362 3130 litigatoris
1379 3075 1499 3130 pronun·
1578 3060 1588 3079 ⁸

61 3150 148 3205 tiasse
165 3148 346 3218 intellegitur:
370 3163 425 3218 quo
448 3165 515 3204 casu
538 3149 685 3219 appellatio
709 3149 865 3204 necessaris
888 3153 940 3202 est.
976 3148 1046 3204 Item
1064 3163 1126 3204 cum
1145 3163 1180 3204 ex
1198 3147 1289 3204 edicto
1306 3148 1498 3219 peremptorio,

61 3237 137 3310 quod
156 3251 245 3308 neque
262 3239 434 3308 propositum
454 3243 498 3293 est
515 3251 605 3307 neque
622 3237 651 3292 in
669 3237 794 3292 notitiam
812 3237 939 3307 peruenit
956 3235 1092 3306 absentis,
1115 3237 1307 3294 condemnatio
1329 3235 1374 3307 tit,
1398 3237 1499 3293 nullius
1517 3247 1545 3288 ao

60 3327 195 3382 momenti
218 3317 279 3380 esse
302 3327 465 3382 seutentiam
488 3326 697 3382 constitutiones
719 3325 918 3382 demonstrant.
954 3324 984 3381 Si
1006 3325 1081 3396 apud
1103 3325 1220 3380 eundem
1243 3325 1362 3380 iudicem
1380 3325 1498 3380 inuicem

61 3419 206 3486 petamus,
230 3415 254 3470 si
272 3420 301 3470 et
319 3430 381 3470 mea
398 3421 427 3470 et
444 3420 493 3470 tua
510 3415 607 3484 petitio
625 3415 684 3469 siue
702 3414 793 3469 usuris
811 3412 863 3468 suit
881 3418 910 3469 et
927 3413 1011 3469 iudex
1029 3429 1073 3469 me
1090 3414 1208 3484 priorem
1226 3412 1277 3469 tibi
1295 3413 1498 3484 condemnauit,

61 3519 119 3574 quo
137 3503 226 3574 magis
243 3507 274 3558 ιι
292 3503 367 3572 prior
383 3519 428 3558 me
439 3501 657 3558 ,coronamentum
676 3501 791 3558 habeas:
816 3518 872 3558 uon
889 3508 933 3558 est
950 3503 1016 3558 mihi
1034 3517 1148 3558 necesse
1166 3517 1217 3573 pro
1235 3502 1287 3558 bac
1305 3517 1390 3558 cansa
1407 3503 1499 3572 appel·

61 3594 129 3663 lare,
147 3592 258 3662 qnando
275 3591 427 3648 secundum
446 3607 539 3648 sacras
557 3591 766 3647 constitutiones
784 3591 935 3648 iudicatum
952 3607 971 3646 ι
988 3606 1032 3647 me
1050 3595 1144 3662 petere
1157 3607 1211 3647 nou
1223 3591 1321 3661 possis,
1339 3591 1498 3662 priusquam

61 3681 98 3738 de
117 3696 180 3738 mea
197 3695 307 3751 quoque
325 3681 456 3750 petitione
474 3680 618 3735 iudicetur.
647 3679 696 3735 sed
715 3681 803 3749 magis
822 3685 873 3750 est,
891 3684 923 3736 nt
940 3680 1088 3750 appellatio
1105 3680 1303 3749 interponatur.
1517 3689 1546 3730 as

117 3769 268 3839 lPsuuus
294 3768 364 3825 libro
389 3769 471 3824 tertio
494 3783 695 3838 responsorum.
739 3770 841 3825 Paulus
864 3767 1006 3839 respoudit
1028 3783 1107 3838 eum,
1133 3768 1181 3838 qui
1207 3769 1235 3824 in
1260 3767 1344 3823 rebus
1362 3762 1499 3852 [ι-ἶιῖιῗι
1517 3771 1544 3826 Ρ
1570 3774 1642 3822 teat

61 3859 191 3914 humanis
209 3873 264 3914 noa
283 3857 336 3914 fuit
352 3858 506 3914 sententiae
531 3857 621 3914 dictae
639 3861 776 3927 tempore,
798 3855 977 3914 inefficaciter
1000 3857 1212 3913 condemnatum
1230 3856 1327 3912 uideri.
1363 3843 1499 3913 IdemTe·

61 3947 176 4017 spondit
192 3946 327 4004 aduersus
345 3962 417 4018 eum,
435 3947 482 4016 qni
500 3946 529 4002 in
546 3945 629 4002 rebus
647 3945 773 4002 humanis
791 3961 846 4002 uon
863 3950 946 4016 esset,
965 3961 1027 4002 cum
1039 3945 1124 4000 iudex
1135 3945 1218 4000 datus
1230 3951 1282 4016 est,
1300 3959 1389 4016 neque
1401 3945 1499 4002 iudicis

61 4035 202 4092 dationem
222 4035 342 4091 ualuisse
361 4050 449 4105 neque
468 4035 632 4090 senteutiam
651 4033 785 4090 aduersus
802 4050 866 4090 eum
885 4035 987 4090 dictam
1005 4035 1078 4090 uires
1096 4032 1206 4090 habere.
1517 4043 1546 4086 es

116 4124 195 4179 lours
218 4122 288 4180 libro
311 4129 390 4180 sexto
413 4123 520 4178 decimo
544 4137 747 4192 responsomm.
788 4124 890 4179 Paulus
914 4123 1056 4193 respoudit
1077 4120 1236 4192 inpossibile
1257 4137 1336 4191 prae·
1360 4118 1499 4205 Q
1515 4127 1544 4181 P

60 4215 174 4283 ceptum
193 4212 292 4268 iudicis
309 4213 409 4268 nullius
427 4227 488 4268 esse
506 4213 646 4268 momenti.
683 4212 759 4268 idom
782 4211 925 4282 respoudit
948 4211 984 4267 ab
1002 4226 1036 4267 ea
1053 4210 1204 4280 sententia,
1229 4211 1273 4266 cui
1295 4213 1385 4282 pareri
1408 4227 1498 4268 rerum
1533 4279 1537 4287 ,

60 4308 162 4358 natura
179 4316 235 4357 non
252 4301 350 4372 potuit,
369 4301 428 4357 sine
446 4317 531 4358 causa
548 4301 688 4372 appellari.
1060 4313 1065 4321 ·

59 4407 257 4475 HXYMOO)

62 4569 71 4604 ¹
91 4581 176 4635 quam
194 4565 297 4635 patitur
315 4566 362 4620 det
433 4565 444 4600 ¹
463 4565 501 4621 a?

61 4723 314 4792 2adquieuera‘n't
327 4725 364 4776 F²
416 4722 682 4780 substinere't'ord.
696 4722 753 4808 ΡΙ
807 4723 842 4779 20
860 4721 958 4794 adhuc]
972 4721 1093 4778 adhoF¹
1138 4723 1296 4780 aasueem
1310 4721 1345 4776 Fi
1390 4723 1498 4793 aspro-

61 4795 224 4864 coetum1F,
242 4795 340 4850 iterum
353 4796 385 4850 Χ
388 4795 494 4852 YMOO
542 4793 746 4864 Sappellatio‘n
806 4809 889 4850 uasse
907 4795 944 4847 F¹
1003 4795 1038 4849 30
1056 4792 1097 4864 tit]
1116 4795 1154 4849 eit
1172 4796 1207 4848 F¹
1262 4795 1296 4850 31
1315 4791 1423 4849 esse‘nt'
1437 4809 1498 4849 seu·

61 4872 90 4922 et
103 4865 139 4919 F‘
195 4868 226 4921 ll
239 4867 369 4921 rubricam
385 4885 432 4921 ιιι.
446 4867 536 4921 tadi*
579 4866 754 4922 timemine·
807 4867 921 4920 tentiam
936 4865 973 4918 F*
988 4866 993 4930 Ι
1009 4865 1199 4921 demonstrent
1216 4867 1242 4920 F
1289 4867 1325 4920 32
1342 4870 1449 4920 et⁴tua
1462 4865 1499 4918 12¹

60 4935 138 4993 ribus
151 4937 188 4991 Ρ
230 4939 263 4994 18
276 4938 449 4994 ιίιιιιιι.ι“’
495 4939 529 4993 19
544 4938 626 5008 quod]
640 4935 755 5007 quidi'·
807 4939 842 4994 36
859 4935 1117 5009 paulus‘p'libroF
1164 4937 1312 5010 410st
1331 4935 1368 4989 1¹⁸¹
