3616 5468
139 262 255 310 uuuus
822 235 908 318 175
1251 241 1402 317 xxxlul
1424 242 1444 308 5
1467 248 1580 306 16-28

134 402 171 454 et
186 397 268 454 duna
282 398 351 456 Pius
367 399 509 470 rescripsit
526 413 581 456 non
598 413 661 455 esse
678 399 853 456 commissam
872 397 1089 470 stipulationem,
1113 397 1179 468 qnia
1201 403 1290 454 mater
1313 396 1385 454 lilios
1407 412 1463 454 non
1487 411 1580 468 super·

48 493 79 538 1
130 487 218 542 uixit.
245 487 315 542 item
333 489 484 558 quaeritur,
501 488 526 544 si
543 492 704 558 submoue,
722 487 771 557 qui
789 487 881 544 dotem
900 487 1048 558 stipulatus
1066 491 1117 557 est,
1136 487 1218 543 simul
1235 503 1297 542 cunr
1316 487 1421 558 marito·
1433 486 1583 542 decesserit

127 577 184 632 uel
203 590 266 632 eum
283 591 325 647 ea,
343 581 556 648 propterquam
574 576 722 646 sdpubtus
740 581 822 647 maol,
841 592 877 631 an
895 575 932 631 ad
950 575 1079 632 heredem
1097 589 1177 632 suum
1196 577 1332 632 actionem
1349 573 1527 632 transmittat.

9 655 79 734 8)
191 665 313 722 Patruus
329 665 400 722 libro
417 665 581 722 duodecimo
600 665 636 721 ad
654 665 800 721 Hautium.
832 663 909 720 idem
927 668 985 735 est,
1004 664 1028 720 si
1046 663 1098 720 dos
1116 665 1195 720 uxori
1212 665 1386 736 praelegata¹
1406 657 1581 748 roffi-a}
1600 665 1643 719 Ἐ

123 753 174 808 tit
191 757 223 808 et
240 753 322 808 simul
339 770 402 810 cum
420 755 518 809 marito
535 753 656 824 perierit.
1600 761 1614 801 ὅ

14 831 78 911 9)
160 897 169 914 ,
189 841 454 899 morasus-libro
471 842 553 898 tertio
571 843 736 912 regularum.
774 840 876 898 Sedet
894 842 923 897 in
940 842 986 897 illo
1004 841 1157 911 quaes-itum,
1176 841 1200 896 si
1218 841 1321 911 pariter
1338 857 1387 911 pu·
1405 833 1581 924 Q
1613 843 1636 898 S

116 931 219 1000 pillea
237 935 268 986 et
284 931 333 1002 qui
350 931 376 986 ei
394 929 561 986 substitutus
578 936 638 986 erat
655 928 740 986 irater
757 930 929 986 necessarius
945 930 1105 1000 *decesserit
1124 946 1160 986 an
1178 928 1263 986 irater
1281 928 1357 984 fratri
1373 929 1580 986 exsistatheres

119 1035 169 1076 an
194 1025 308 1075 conda:
332 1019 377 1075 uel
399 1019 424 1074 si
441 1019 496 1076 duo
514 1019 633 1076 inuicem
652 1019 799 1075 necessarii
818 1017 960 1074 substituti
978 1023 1043 1074 eunt
1061 1023 1090 1074 et
1106 1034 1162 1074 uua
1178 1018 1321 1088 perierint,
1346 1035 1382 1074 an
1399 1017 1514 1074 heredes
1533 1033 1580 1074 ex·

118 1108 242 1164 adame
260 1108 420 1164 uideantur:
439 1107 484 1163 uel
502 1107 668 1164 alteralteri
686 1106 750 1174 (hoo
768 1108 829 1163 est¹
840 1108 863 1163 si
876 1108 1005 1175 inuicem)
1018 1106 1201 1162 hereditatem
1211 1107 1301 1178 rogati
1313 1105 1415 1162 luerint
1426 1107 1579 1162 restituere.

116 1196 159 1252 in
177 1195 285 1268 qmbus
303 1195 413 1252 omibus
431 1197 455 1252 si
473 1196 575 1266 pariter
592 1195 762 1252 decesserint
774 1211 827 1252 nee
839 1201 980 1266 appareat,
998 1196 1060 1266 quis
1072 1199 1137 1251 ante
1148 1195 1274 1265 spiritum
1287 1195 1386 1264 emisit,
1404 1210 1459 1250 non
1471 1195 1581 1252 uidetur
1600 1206 1628 1246 ro

61 1290 82 1335 1
117 1285 205 1340 alter
223 1285 304 1340 alteri
322 1286 517 1356 superuixiase.
552 1283 608 1341 Sed
626 1290 655 1340 et
672 1285 746 1340 circa
762 1284 852 1354 legem
870 1285 1030 1355 Falcidiam,
1048 1285 1072 1340 si
1091 1284 1217 1340 dominus
1236 1299 1299 1339 cum
1317 1284 1405 1339 seruis
1423 1285 1504 1340 simul
1522 1285 1581 1340 uita

116 1371 248 1430 finctus
267 1375 312 1444 ait,
331 1373 413 1444 serui,
431 1374 510 1444 quasi
527 1374 556 1430 in
573 1372 654 1429 bonis
671 1373 732 1429 cius
750 1373 846 1428 mortis
864 1377 988 1443 tempore
1006 1372 1115 1444 fuerint,
1134 1388 1188 1428 non
1206 1376 1408 1442 computantur.

19 1451 85 1529 20)
184 1462 343 1520 Umerus
360 1461 429 1518 libro
448 1463 580 1518 uicesimo
598 1461 694 1531 quinto
713 1461 749 1516 ad
768 1460 908 1517 Sabinum.
937 1460 966 1517 Si
978 1462 1104 1532 cognatis
1117 1463 1239 1532 legatum
1252 1462 1289 1516 sit
1300 1467 1330 1516 et
1341 1459 1387 1516 ti·
1405 1456 1580 1546 Q
1613 1465 1664 1537 Ss*

116 1551 247 1622 ‹sognali
260 1551 372 1621 quidem
385 1565 446 1606 esse
458 1550 608 1620 desierunt,
626 1552 654 1606 in
668 1551 780 1606 ciuitate
793 1553 885 1605 autem
899 1555 1036 1620 maneant,
1055 1549 1202 1605 dicendum
1214 1548 1308 1604 deberi
1321 1550 1455 1619 legatum:
1469 1552 1580 1622 cognati

116 1641 206 1696 enim
226 1639 387 1695 testamenti
405 1636 470 1694 iacti
488 1643 613 1710 tempore
630 1638 749 1695 luerunt.
777 1641 852 1695 certe
870 1638 894 1693 si
912 1638 974 1708 quis
992 1639 1150 1694 testamenti
1163 1637 1230 1693 iacti
1241 1643 1365 1710 tempore
1379 1645 1512 1708 cognatus
1524 1655 1579 1696 non
1599 1649 1626 1689 1⁶

69 1733 85 1778 1
116 1727 196 1800 fuit,
223 1729 321 1786 mortis
343 1733 466 1800 tempore
489 1727 579 1784 lactus
604 1733 648 1784 est
670 1744 719 1799 per
737 1727 957 1798 adrogatiouem,
982 1725 1089 1783 facilium
1107 1727 1227 1797 legatum
1247 1727 1432 1798 consequitur.
1469 1727 1499 1784 si
1517 1729 1578 1800 quis

117 1818 296 1890 cognationi
313 1818 395 1888 leget,
413 1817 487 1873 idem
506 1821 650 1888 astatque
668 1818 692 1872 ai
711 1817 836 1887 cognatis
854 1817 983 1885 legasset.

1 1887 89 1974 ’(21)
182 1907 310 1970 Pilutus
327 1905 395 1961 libro
413 1905 577 1962 duodecimo
596 1905 632 1961 ad
650 1906 795 1961 Plautium.
824 1903 894 1960 dum
912 1909 1026 1959 senatus
1044 1901 1215 1974 temporibus
1229 1903 1286 1958 diui
1298 1903 1382 1959 hiaroi
1401 1900 1535 1988 [lastae
1546 1918 1576 1965 19
1609 1909 1637 1964 Ε

116 1995 292 2065 permiserit
309 1993 431 2064 cohegiis
449 1995 550 2064 legare,
569 1995 644 2050 nulla
661 1993 797 2051 dubitatio
816 1997 867 2062 est,
886 1991 987 2064 quom,
1006 1993 1030 2047 si
1047 1991 1155 2062 corpori
1172 1991 1217 2047 cui
1234 1992 1299 2048 lieet
1311 1993 1384 2048 coire
1395 1981 1577 2066 lega‘tffiffi

115 2084 285 2140 debeatur:
304 2083 349 2138 cui
367 2085 459 2138 autom
478 2097 533 2138 non
551 2083 616 2138 licet
633 2084 657 2138 ai
674 2083 796 2154 legetur,
820 2096 874 2138 non
893 2080 1010 2151 ualebit,
1034 2081 1087 2136 nisi
1105 2081 1221 2150 singulis
1239 2081 1361 2151 legetur:
1385 2080 1413 2136 hi
1431 2083 1503 2138 enim
1521 2097 1577 2139 nou
1597 2093 1626 2133 ao

115 2174 212 2243 quasi
231 2172 387 2242 collegium,
406 2171 456 2226 scd
474 2172 554 2242 quasi
572 2172 639 2227 oerti
657 2171 782 2227 homines
801 2171 981 2226 admittentur
999 2169 1035 2224 ad
1052 2169 1184 2239 legatum.

18 2240 88 2327 (ᾗ)
182 2263 267 2318 quat
283 2259 353 2316 libro
371 2265 469 2331 quarto
487 2260 594 2316 decimo
613 2259 649 2315 ad
663 2260 809 2316 Plautium.
838 2257 892 2315 Ubi
904 2263 948 2314 est
959 2257 1103 2314 uerborum
1117 2257 1292 2328 ambiguitas,
1310 2258 1386 2314 ualet
1403 2253 1578 2344 Q
1610 2265 1637 2319 E

114 2351 207 2420 quod
226 2350 284 2405 aeti
302 2350 536 2419 mansiaticum
555 2347 678 2404 Stichum
697 2349 811 2418 stipuler
829 2353 858 2403 et
875 2347 930 2403 sint
947 2348 1041 2418 plures
1053 2346 1148 2417 Stichi,
1166 2347 1212 2402 uel
1224 2346 1370 2416 hominem,
1387 2348 1450 2402 uel⁸
1463 2349 1576 2406 domha-

73 2441 86 2485 1
114 2441 197 2510 glni,
218 2453 283 2494 cum
302 2439 357 2494 sint
374 2438 446 2493 dnae
458 2436 648 2507 Carthagines.
676 2436 791 2508 Semper
803 2437 832 2492 in
849 2435 941 2492 dubiis
958 2435 988 2490 id
1006 2435 1145 2506 agendum
1158 2441 1209 2505 est,
1228 2439 1353 2502 utquam
1366 2437 1503 2494 tutissimo
1515 2440 1577 2497 loeo

114 2542 172 2585 res
192 2528 234 2583 sit
250 2525 326 2582 bona
342 2523 398 2581 lide
416 2531 566 2596 eontracta,
585 2525 637 2582 nisi
656 2541 719 2580 oum
737 2529 832 2595 aperte
850 2529 947 2580 eontra
963 2526 1040 2595 leges
1058 2523 1191 2594 seriptum
1208 2529 1260 2579 est.
1595 2538 1624 2578 aa

1 2592 93 2681 Ι03)
179 2617 360 2672 hunuanus
377 2612 446 2669 libro
463 2613 560 2684 quinto
578 2629 613 2669 ex
630 2613 735 2670 Cassio.
764 2611 834 2669 (ium
846 2613 950 2683 pubere
964 2611 1019 2670 filio
1030 2618 1120 2669 mater
1131 2610 1275 2681 naufragio
1286 2612 1381 2682 periit:
1400 2609 1576 2698 W
1608 2621 1648 2674 E'

117 2717 192 2762 cum
220 2702 357 2784 erplorari
381 2717 436 2758 non
459 2702 561 2773 possit,
586 2707 647 2758 uter
668 2703 743 2773 prior
766 2701 920 2758 exstinctus
941 2702 989 2772 sit,
1013 2701 1158 2757 humanius
1177 2704 1220 2756 est
1238 2700 1349 2756 eredere
1367 2691 1575 2762 silendum-'us

118 2795 246 2850 uixisse.
1554 2795 1557 2802 '

25 2857 96 2946 (Ἃ)
179 2881 283 2938 Gaius
299 2877 369 2935 libro
386 2879 482 2949 quinto
501 2877 537 2934 ad
554 2879 643 2948 legem
662 2879 759 2934 Iuliam
778 2881 807 2934 et
824 2879 946 2950 Papiam.
976 2877 1005 2935 Si
1023 2878 1120 2933 mulier
1138 2893 1201 2934 cum
1218 2876 1274 2934 lilio
1292 2878 1380 2949 impu·
1412 2874 1575 2950 W
1608 2886 1650 2941 E·
1707 2953 1710 2958 .

117 2965 194 3028 bere
214 2966 362 3038 muhagio
379 2967 469 3039 periit,
487 2969 606 3038 priorem
623 2966 709 3024 lilium
727 2973 856 3024 necatum
875 2983 936 3024 esse
954 2968 1129 3038 intellegitur.
1595 2981 1624 3022 eo

27 3033 99 3124 (²5)
177 3060 369 3116 lanceatus
392 3056 461 3113 libro
485 3056 632 3112 undecimo
649 3056 829 3128 digestorum.
867 3056 936 3112 Cum
954 3057 983 3112 in
1000 3059 1166 3114 testamento
1184 3054 1314 3126 ambigue
1332 3061 1381 3112 aut
1399 3051 1575 3144 Q
1607 3063 1635 3118 E

117 3150 214 3206 suam
233 3161 379 3218 perperam
397 3145 529 3216 seriptum
548 3149 599 3216 est,
617 3144 737 3216 benigne
755 3145 928 3216 interpretari
946 3151 975 3201 ot
992 3145 1161 3202 secundum⁸
1178 3144 1215 3216 id,
1234 3143 1308 3213 quod
1327 3143 1456 3204 credibile
1474 3151 1518 3204 est
1529 3163 1574 3206 eo·

117 3240 261 3306 gltatum,
281 3234 449 3290 credendum
468 3239 518 3290 est.

0 3327 1 3340 ¹
29 3293 100 3388 (²⁸)
177 3325 302 3383 Cursus
318 3322 388 3380 libro
406 3323 538 3379 uicesimo
557 3321 679 3378 secundo
697 3321 877 3392 digestorum.
905 3321 999 3388 'Quem
1017 3320 1112 3376 heredi
1128 3335 1190 3377 meo
1203 3320 1298 3378 dixero
1311 3321 1381 3378 uelle
1399 3319 1575 3408 W
1608 3332 1635 3386 Ε

118 3408 177 3471 'me
197 3412 320 3468 liberium
338 3425 415 3481 esse,
438 3410 508 3467 liber
525 3415 594 3468 esto.
628 3411 672 3466 eui
691 3415 723 3465 ut
740 3409 806 3466 dare
825 3410 940 3466 demnas
959 3411 996 3466 sit
1012 3409 1092 3466 heres
1111 3425 1202 3480 meus,
1225 3409 1335 3480 dixero,
1354 3411 1380 3466 ei
1397 3411 1478 3468 heres
1496 3428 1575 3470 meua
1595 3424 1623 3466 aa

118 3497 203 3559 'dare
224 3501 342 3556 damnas
360 3499 438 3556 esto'.
468 3501 609 3556 testatoris
627 3499 770 3570 uoluntas,
788 3500 812 3556 si
831 3499 995 3570 quibusdam
1014 3498 1183 3569 argumentis
1200 3497 1352 3570 apparebit,
1370 3499 1406 3556 de
1424 3516 1479 3571 quo
1497 3501 1575 3574 dixit,

118 3588 310 3661 adimplenda
327 3593 390 3645 est.

0 3687 1 3690 ’
27 3646 98 3740 (²⁷)
177 3680 265 3736 imum
283 3676 351 3733 hbro
369 3676 502 3734 uicesimo
520 3680 599 3732 sexto
617 3675 796 3746 digestorum.
823 3675 892 3732 Oum
908 3676 1049 3746 quaeutur
1060 3676 1089 3732 in
1100 3676 1186 3746 stipu-
1205 3671 1575 3764 [ΕΜ-Μ
1606 3685 1635 3740 Ε

117 3762 242 3835 latione,
261 3765 328 3836 quid
346 3765 402 3820 acti
420 3765 465 3834 sit,
483 3763 650 3834 ambiguitas
668 3769 764 3820 contra
782 3764 971 3835 stipulatorem
989 3770 1041 3821 est.
1593 3779 1623 3821 es

25 3819 98 3915 (²⁸)
179 3854 414 3926 {Houueumus
430 3851 500 3910 libro
517 3853 606 3924 primo
623 3853 790 3924 regularum.
817 3851 848 3908 Si
865 3853 928 3924 quis
945 3852 980 3908 de
992 3851 1116 3923 pluribus
1128 3869 1212 3910 unum
1226 3854 1382 3910 manumitti
1399 3849 1575 3938 Q
1608 3861 1636 3916 Ε
1654 3861 1720 3912 tst'

115 3942 252 4001 uoluerit
269 3955 322 3996 nee
339 3946 480 4012 appareat,
498 3941 534 3997 de
552 3955 607 4012 quo
620 3940 838 3998 manumittendo
849 3943 966 3997 testator
978 3942 1073 4012 sensit,
1091 3942 1158 3998 nulli
1170 3957 1264 4000 eorum
1277 3941 1490 3999 fideicommissa
1501 3957 1575 4000 oom-

22 4037 360 4178 (²⁹)m1tauonuuus
381 4117 450 4175 bbro
472 4119 554 4176 tertio
577 4133 612 4174 ex
635 4117 833 4190 posterioribus
855 4117 1001 4175 Labeonis.
1037 4118 1090 4186 Qui
1113 4118 1234 4176 habebat
1250 4119 1380 4176 maecum
1398 4115 1574 4204 Q
1593 4129 1630 4185 *s

114 4202 263 4267 funem
287 4211 317 4262 et
333 4203 501 4263 Philonicum
523 4209 668 4279 pistorem,
692 4208 772 4264 uxori
789 4207 918 4264 Flaccum
941 4207 1073 4278 pistorem
1096 4208 1250 4278 legaucrat:
1275 4208 1323 4278 qui
1345 4222 1439 4266 eorum
1463 4213 1492 4264 et
1509 4224 1574 4266 uum

111 4319 379 4397 wwunorerr)

116 4479 288 4552 'relegitis
304 4481 561 4553 (medaeam
622 4481 721 4537 'aller
739 4480 817 4536 alteri
834 4479 887 4537 hoc
905 4485 949 4536 est
966 4483 1013 4537 del.
1071 4480 1138 4552 ⁸hi]
1156 4481 1276 4536 uideatur
1294 4473 1472 4554 compilatores
1489 4489 1574 4538 mtu-

112 4550 184 4612 itm
198 4572 254 4626 quo
267 4551 332 4606 haec
342 4551 533 4636 reserebantur:
544 4555 640 4608 scilicet
649 4559 785 4677 froposgsil
800 4551 924 4624 Ulpianus
936 4553 999 4608 hoec
1011 4559 1126 4608 troam
1137 4554 1169 4607 ds
1181 4553 1340 4638 adoptiaieno
1349 4559 1440 4637 patria
1449 4559 1575 4623 putaciola

111 4619 248 4682 immo
312 4622 408 4691 ⁴quin
425 4622 526 4689 (elffii
586 4624 652 4678 ‘ue
678 4621 1127 4692 hommemu011idcmiiroeoilri
1148 4622 1573 4693 reatamehorhosr'rsallspra-

115 4695 237 4767 τέκοιεν
256 4691 432 4748 hominemne
450 4694 579 4760 (studim
597 4693 683 4762 adol)l
753 4691 902 4764 ⁶benigne
920 4693 1154 4764 interpretandum
1173 4693 1222 4748 eti

115 4855 159 4918 26
178 4855 399 4944 uuphngiol’
434 4858 471 4914 ³0
487 4857 657 4930 uauphragio
670 4862 695 4914 F
733 4859 827 4916 taba
882 4862 970 4926 raedae
987 4860 1163 4932 tpaascrrbou
1186 4859 1255 4931 updc
1276 4859 1292 4914 ὃ
1311 4859 1423 4916 pressos
1441 4858 1512 4916 ieros
1528 4857 1573 4914 ia·

118 4935 216 5059 m
233 4945 287 5056 rat
361 4928 409 5014 ’ari
427 4929 661 4986 etseeundumid
677 4931 752 5001 quod
770 4945 828 4988 ure·
881 4931 1027 4996 trasericus
1045 4931 1094 4987 rba
1113 4931 1269 4988 brebiasset
1288 4932 1315 4988 B
1332 4931 1414 5004 (Tip.)

307 5003 458 5070 cognatum
480 4999 647 5058 medendam
672 5001 724 5072 est]
751 5012 827 5067 orna·
