3584 5454
95 245 601 326 compausanrrnosrsms.
776 226 859 306 771
1108 203 1287 299 XXXXVII
1306 235 1327 298 9
1349 241 1384 295 10
1402 269 1435 280 -
1457 181 1534 300 101

96 388 163 439 sunt
184 383 325 441 deducant
348 385 456 457 sibique
478 387 662 444 execrandam
683 386 813 460 praedam
834 391 944 460 parent,
969 388 1104 458 praesidis
1126 390 1283 460 prouinciae
1307 385 1449 459 relligiosa
1472 404 1535 446 con·
1552 395 1625 444 tesi

97 473 202 528 stantia
219 471 331 529 officiat.

32 563 75 622 11
151 561 327 620 hacteuus
344 562 414 618 libro
432 569 530 634 quarto
548 564 656 621 decimo
674 565 885 620 institutionum.
912 563 942 620 st
959 563 1073 622 fortuito
1084 566 1241 622 incendium
1254 565 1358 622 lactum
1377 561 1536 651 &Uo-4
1555 571 1576 626 S

98 651 143 720 sit,
162 651 244 705 uenia
260 641 447 722 indigethisi
465 659 522 708 tam
540 653 597 709 lata
615 653 697 723 culpa
714 651 774 724 fuit,
791 659 825 709 ut
840 655 948 710 luxuria
965 659 1014 710 aut
1031 655 1095 710 dolo
1113 656 1150 712 sit
1167 657 1301 726 proxima.
1446 641 1534 650 “”“”
1554 667 1569 706 ι

33 741 76 799 12
152 738 303 796 Unerarrus
320 727 390 796 libro
407 745 508 797 octauo
526 740 885 814 deoihoioproconsulis1.
918 743 1013 798 Licere
1031 744 1178 814 unicuique
1195 743 1369 814 naufragium
1388 758 1469 798 suum
1486 743 1536 800 im·
1554 739 1577 794 S

60 841 74 886 1
96 843 172 898 pune
194 829 322 898 colligere
346 832 468 884 constat:
495 829 578 900 idque
599 831 748 902 imperator
769 832 927 888 Antoninus
949 847 1011 888 curn
1036 832 1101 889 diuo
1124 837 1203 902 patro
1225 847 1276 888 suo
1299 831 1448 901 rescripsit.
1484 830 1537 896 Qui

97 917 166 972 data
187 933 272 987 opera
295 917 323 972 in
346 917 460 972 ciuitate
483 918 639 975 incendium
661 919 790 991 fecerint,
814 922 838 976 si
861 920 1004 977 humiliore
1027 921 1087 977 ioco
1112 922 1175 991 sint,
1215 934 1537 990 coh12‚5,1.it.eo‚39‚e

96 1004 196 1060 bestiis
219 1005 291 1062 obici
309 1006 411 1062 solent:
435 1007 458 1062 si
476 1007 505 1063 in
523 1008 614 1078 aliquo
631 1010 720 1079 gradu
738 1009 767 1065 id
779 1008 913 1078 'fecerint
938 1010 1028 1080 capite
1045 1009 1196 1080 puniuntur
1213 1017 1262 1066 aut
1279 1015 1354 1066 certe
1373 1010 1401 1064 in
1419 1009 1537 1064 insulam

97 1093 306 1164 deportantur².

1557 1233 1586 1274 m

325 1349 362 1425 it
401 1348 465 1424 DE
494 1349 679 1428 lNIURIIS
706 1349 768 1426 ET
795 1217 997 1428 {hMOSIS
1024 1349 1233 1428 LIBELLIS
1271 1351 1335 1427 R·
1555 1367 1631 1422 sss

59 1508 75 1564 1
153 1502 303 1559 Uardanus
321 1502 390 1560 libro
408 1504 655 1576 quinquagensimo
673 1511 753 1563 sexto
771 1506 807 1562 ad
826 1506 955 1562 edictum.
988 1505 1091 1562 Iniuria
1108 1521 1143 1562 ex
1162 1521 1195 1562 eo
1213 1505 1288 1562 dicta
1307 1509 1358 1574 eet,
1377 1499 1537 1588 [iffae]
1556 1509 1583 1563 Ε

97 1591 173 1662 quod
192 1607 247 1648 non
265 1591 324 1646 iure
342 1591 403 1648 fiat:
428 1608 509 1650 omne
528 1595 613 1664 enim,
632 1595 707 1664 quod
729 1611 785 1651 non
808 1596 867 1652 iure
889 1593 934 1665 fit,
957 1595 1056 1650 iniuria
1079 1591 1139 1650 fieri
1157 1594 1265 1651 dicitnr.
1292 1594 1346 1650 hoc
1363 1594 1536 1662 generaliter.

96 1681 254 1750 specialiter
272 1686 364 1736 autem
382 1681 481 1736 iniuria
498 1682 599 1738 dicitur
616 1685 790 1740 contumelia.
817 1683 954 1740 interdum
972 1683 1088 1740 iniuriae
1106 1683 1288 1754 appellatione
1306 1682 1436 1738 damnum
1455 1682 1537 1754 culpa

96 1768 194 1824 datum
213 1768 397 1840 significatur,
422 1770 498 1826 utin
516 1771 817 1842 legeAquiliadicero
835 1773 970 1828 solemus:
993 1771 1130 1828 interdum
1154 1771 1326 1842 iniquitatem
1351 1769 1477 1826 iniuriam
1496 1770 1537 1826 di·
1558 1780 1586 1824 rt

97 1866 202 1928 cimus,
226 1874 289 1913 nam
308 1873 371 1914 cum
390 1859 452 1928 quis
469 1859 563 1930 inique
586 1861 631 1916 uel
653 1861 754 1917 iniuste
772 1860 936 1918 sententiam
954 1860 1037 1930 dixit,
1056 1860 1199 1916 iniuriam³
1217 1875 1252 1916 ex
1270 1875 1304 1916 eo
1322 1859 1439 1929 dictam,
1463 1857 1537 1930 quod

62 1946 157 2002 liure
180 1951 210 2001 et
233 1947 338 2002 iustitia
360 1952 448 2018 caret,
473 1949 552 2018 quasi
575 1965 631 2005 non
653 1949 764 2020 iuriam,
790 1949 982 2006 contumeliam
1006 1953 1098 2004 autem
1121 1965 1139 2004 a
1161 1948 1370 2004 contemnendo.
1406 1947 1536 2004 Iniuriam

97 2039 192 2090 autem
211 2032 269 2090 lieri
282 2033 375 2091 Labeo
393 2036 433 2090 ait
450 2042 499 2091 aut
516 2051 547 2092 re
564 2042 613 2092 aut
631 2037 736 2094 uerbis:
754 2053 793 2107 re,
811 2038 938 2108 quotiens
950 2055 1048 2094 manus
1060 2035 1225 2093 inferuntur:
1244 2035 1337 2091 uerbis
1350 2041 1451 2105 autem,
1471 2051 1537 2107 quo-

62 2132 78 2178 s
96 2124 171 2180 tiens
189 2139 245 2179 non
263 2139 361 2178 manus
378 2111 540 2198 inferuntur,
558 2127 713 2182 conuicium
732 2124 793 2182 fite
817 2141 980 2198 omnemque
997 2126 1124 2182 iniuriam
1148 2129 1197 2180 aut
1214 2125 1242 2180 in
1261 2139 1360 2194 corpus
1378 2122 1472 2180 inferri
1489 2130 1538 2180 aut

98 2211 135 2266 ad
153 2212 316 2282 dignitatem
335 2217 384 2268 aut
401 2213 437 2268 ad
454 2211 594 2268 infamiam
613 2215 762 2284 pertinere:
781 2215 809 2270 in
828 2231 927 2286 corpus
945 2213 985 2284 fit,
1003 2230 1066 2270 curn
1079 2213 1140 2284 quis
1152 2213 1290 2284 pulsatur:
1311 2211 1346 2267 ad
1365 2212 1536 2282 dignitatem,
1557 2223 1585 2264 ao

63 2311 78 2356 e
97 2316 162 2356 cum
182 2315 275 2356 comes
293 2306 434 2357 mamonae
453 2301 610 2358 abducitur:
635 2303 671 2358 ad
688 2302 842 2373 infamiam,
865 2319 927 2360 cnm
951 2303 1084 2374 pudicitia
1101 2301 1296 2372 adtemptatur.
1333 2301 1403 2356 Item
1421 2305 1471 2356 aut
1487 2316 1538 2370 per

98 2394 189 2446 semet
212 2389 301 2460 ipsum
325 2389 407 2444 alicui
429 2388 462 2445 fit
485 2391 584 2446 iniuria
607 2395 656 2446 aut
677 2407 727 2461 per
749 2393 817 2448 alias
837 2407 978 2462 personas.
1007 2406 1057 2462 per
1074 2394 1176 2460 semet,
1200 2404 1262 2444 cum
1281 2388 1385 2444 directo
1403 2389 1473 2460 ipsi⁵
1493 2391 1538 2445 cui

97 2478 172 2548 patri
190 2475 306 2534 familias
324 2479 369 2534 uel
387 2479 468 2534 matri
486 2477 603 2535 familias
621 2478 653 2535 lit
670 2481 783 2536 iniuria:
806 2495 854 2550 per
872 2480 954 2550 alias,
978 2496 1040 2538 cum
1059 2495 1109 2550 por
1127 2477 1337 2547 consequentias
1355 2475 1401 2548 lit,
1424 2493 1487 2532 cum
1506 2477 1538 2533 fit

97 2565 192 2622 liberis
211 2567 280 2622 meis
298 2567 343 2622 uel
361 2567 448 2624 aeneis
466 2568 535 2624 meis
553 2568 598 2624 uel
617 2570 694 2624 uxori
713 2570 843 2625 neruiue:
867 2574 976 2638 spectat
997 2569 1069 2624 enim
1094 2567 1130 2623 ad
1153 2581 1204 2622 nos
1223 2565 1334 2636 iniuria,
1359 2581 1430 2636 quae
1448 2566 1476 2621 in
1494 2565 1538 2622 his

63 2653 144 2726 elit,
163 2655 216 2724 -qui
233 2656 278 2710 uel
296 2657 427 2724 potestati
451 2661 562 2712 nostrae
585 2658 631 2712 uel
655 2657 766 2714 affectui
784 2657 901 2714 subiecti
924 2658 988 2713 sint.
1014 2658 1052 2712 Et
1070 2657 1095 2712 ei
1111 2653 1182 2712 forte
1205 2653 1335 2710 cadaueri
1359 2653 1483 2710 defuncti
1506 2653 1538 2710 fit
1556 2665 1585 2706 ss
1672 2711 1676 2720 ,

98 2744 207 2813 iniuria,
225 2743 271 2798 cui
288 2743 403 2800 heredes
421 2744 590 2802 honorumue
607 2761 783 2817 possessores
800 2745 969 2816 exstitimus,
985 2745 1143 2802 iniuriarum
1162 2747 1257 2800 nostro
1276 2743 1385 2798 nornine
1403 2743 1538 2800 habemus

98 2833 251 2887 actionem:
274 2838 383 2902 spectat
407 2835 480 2890 enin
498 2834 534 2890 ad
553 2835 783 2894 existimationem
801 2841 937 2904 nostram,
961 2834 985 2889 si
1002 2850 1059 2904 qua
1075 2834 1101 2890 ei
1119 2832 1169 2888 fiat
1187 2832 1293 2888 iniuria.
1322 2831 1449 2902 idemque
1468 2838 1497 2887 et
1514 2833 1538 2888 si

65 2927 79 2974 t
98 2919 174 2976 fama
191 2921 266 2990 cius,
285 2922 330 2976 cui
348 2921 464 2978 heredes
481 2924 645 2993 exstitimus,
662 2925 822 2980 lacessatur.
859 2923 953 2994 Usque
971 2923 1042 2978 adeo
1060 2927 1153 2978 aulem
1171 2921 1283 2990 iniuria,
1307 2935 1378 2990 quae
1395 2918 1428 2975 fit
1444 2920 1538 2978 liberis
1646 2945 1648 2954 ·

98 3009 215 3082 nostris,
233 3015 356 3066 nochum
374 3011 507 3081 pudorem
525 3013 670 3084 pertingit,
689 3018 721 3068 ut
738 3014 846 3070 etiamsi
863 3013 1001 3068 uolentem
1020 3009 1104 3066 filium
1123 3009 1185 3080 quis
1203 3007 1373 3080 uendiderit,
1397 3009 1469 3079 patri
1486 3025 1537 3066 suo

97 3099 211 3169 quidem
229 3099 339 3156 nomine
357 3101 489 3170 competit
505 3101 664 3156 iniuriarum
682 3103 769 3174 actio,
792 3101 840 3160 filii
858 3117 924 3158 uero
942 3100 1052 3156 nomine
1070 3115 1126 3156 non
1143 3098 1288 3168 competit,
1313 3097 1379 3166 quia
1402 3099 1477 3153 nulla
1497 3098 1537 3154 in·
1556 3107 1585 3148 so

65 3193 80 3240 e
98 3187 170 3244 iuria
187 3193 239 3257 est,
257 3203 328 3256 quae
346 3189 374 3244 in
392 3189 529 3244 nolentem
548 3187 605 3244 fiat.
642 3189 774 3255 Quotiens
793 3193 884 3245 autem
903 3187 992 3246 funeri
1015 3187 1152 3243 testatoris
1169 3188 1215 3244 uel
1233 3186 1364 3242 cadaueri
1380 3183 1413 3240 fit
1430 3185 1537 3256 iniuria,

98 3277 123 3332 si
140 3276 252 3346 quidem
270 3281 334 3346 post
351 3277 454 3332 aditam
473 3277 652 3333 hereditatem
670 3276 727 3347 liat,
746 3278 891 3334 dicendum
910 3283 954 3334 ost
971 3276 1065 3332 heredi
1083 3274 1286 3346 quodammodo
1304 3273 1405 3330 factam
1418 3277 1537 3345 (semper

98 3366 172 3420 enim
190 3364 300 3420 heredis
317 3365 432 3421 interest
450 3363 572 3422 defuncti
590 3367 819 3424 existimationem
837 3367 981 3436 purgare):
999 3365 1127 3436 quotiens
1145 3371 1237 3420 autem
1257 3367 1320 3420 ante
1339 3363 1441 3420 aditam
1459 3363 1536 3419 here·

98 3451 227 3522 ditetem,
251 3454 340 3522 magis
358 3453 512 3524 hereditati,
530 3459 559 3510 et
577 3455 617 3510 sic
635 3454 728 3510 heredi
746 3471 796 3526 per
814 3455 994 3510 hereditatem
1012 3453 1129 3523 adquiri.
1157 3453 1275 3523 denique
1293 3453 1415 3508 Iulianus
1433 3451 1536 3522 scribit,

98 3541 123 3594 si
141 3556 241 3612 corpus
258 3543 399 3598 testatoris
418 3548 482 3598 ante
500 3543 603 3600 aditam
621 3543 801 3600 hereditatem
820 3543 960 3600 detentum
979 3547 1037 3612 est,
1056 3541 1163 3612 adquiri
1181 3539 1327 3597 hereditati
1345 3541 1468 3596 actiones
1487 3539 1536 3596 du·
1555 3546 1584 3587 ³⁶

98 3646 300 3714 ramos).
317 3648 410 3704 Petras
421 3649 446 3714 3,
458 3649 494 3704 58
510 3671 545 3698 .-.
562 3653 578 3704 l.
591 3652 607 3704 1
618 3671 659 3722 pr.
679 3651 788 3718 (iniuria
859 3648 909 3704 fiat
927 3656 951 3704 et
967 3648 1082 3704 iniuriae
1100 3648 1283 3718 appellatione
1356 3644 1536 3716 significatur)

98 3799 108 3833 ¹
128 3796 163 3851 de
181 3796 332 3867 naufragiis
350 3803 378 3853 et
396 3798 589 3868 [incendiariis]
608 3801 669 3855 odd.
685 3801 747 3855 Geli.
818 3799 830 3834 ²
844 3797 1022 3853 incendiariis
1034 3798 1078 3852 lex
1091 3795 1201 3866 quidem
1215 3795 1341 3852 Cornelia
1353 3811 1425 3866 aqua
1437 3800 1466 3850 et
1476 3796 1536 3866 igni

97 3867 224 3923 interdici
242 3869 334 3923 iussit:
353 3870 403 3924 sed
421 3871 497 3924 uarie
515 3876 581 3925 sunt
597 3871 694 3940 puniti.
717 3885 780 3924 nam
799 3871 846 3939 qui
864 3869 930 3924 data
948 3883 1033 3938 opera
1049 3869 1078 3922 in
1096 3868 1209 3922 ciuitate
1226 3866 1382 3922 incendium
1401 3865 1535 3936 fecerunt,

97 3939 122 3993 si
140 3939 169 3994 iu
186 3939 337 3995 humillimo
354 3941 415 3996 loco
434 3946 511 4011 sunt,
536 3941 632 3997 bestiis
649 3941 738 3998 subici
756 3941 859 4009 solent,
882 3940 905 3995 si
923 3941 952 3994 in
971 3940 1062 4009 ulique
1080 3938 1168 4008 modu
1187 3943 1216 3993 et
1233 3939 1337 3993 Romae
1355 3939 1383 3992 id
1401 3935 1534 4006 lecerunt,
1646 3947 1654 3954 ·

99 4011 191 4079 capite
215 4011 318 4080 puniri:
344 4017 393 4066 aut
415 4017 489 4066 certe
513 4014 670 4076 (ecciderunt
692 4013 828 4084 quosdam)
853 4009 1000 4066 adficiendi
1023 4016 1088 4065 sunt
1110 4010 1157 4079 qui
1180 4008 1249 4065 haec
1272 4010 1446 4063 committunt
1472 4009 1535 4064 Gall.

97 4081 110 4116 ⁸
128 4097 180 4136 noe
198 4081 314 4138 dicimus
332 4083 472 4154 accepisse
490 4083 618 4139 siudice.
636 4089 665 4138 et
682 4089 749 4153 puto
767 4081 893 4138 iniuriam
910 4083 1184 4147 armillarumque.)
1254 4079 1432 4136 ⁴conuicium
1444 4077 1477 4134 fit
1488 4080 1535 4133 det.

97 4153 109 4188 ⁸
127 4151 181 4221 ipsi
198 4153 246 4208 dal.

97 4284 113 4339 1
132 4284 240 4353 parent]
255 4285 342 4350 Your,
361 4285 631 4342 darentKXYMOG
676 4287 787 4342 fluxo·
840 4301 903 4340 cum
921 4288 1031 4354 praetor
1048 4297 1103 4338 non
1121 4283 1180 4338 iure
1201 4285 1321 4352 (praetor
1338 4287 1432 4338 noster
1449 4283 1534 4350 codd.)

95 4355 175 4410 riaF
226 4357 260 4410 12
278 4356 523 4426 quinquagensimo
536 4358 625 4427 sexto]
638 4358 691 4423 lb,
708 4359 738 4412 ni
749 4357 787 4422 X,
840 4355 1042 4412 aduersusnos
1058 4354 1226 4425 pronuntiat,
1244 4355 1369 4409 iniuriam
1388 4369 1438 4408 nos
1456 4367 1534 4408 acce·

95 4426 136 4480 nii
154 4425 238 4491 M,ii
260 4426 291 4491 1⁷,
314 4429 421 4483 uPetr.
444 4428 503 4499 lex
521 4433 572 4483 cto⁴
590 4429 665 4484 dicta
682 4435 726 4483 est
744 4429 788 4492 Ρ,
841 4428 915 4498 pisse
924 4426 1041 4482 dicimus
1056 4431 1062 4492 1
1077 4426 1189 4494 dictam]
1203 4425 1311 4480 dictism
1323 4426 1359 4478 F¹
1396 4424 1534 4480 limasti·

94 4496 397 4553 dictaestexeoPetr.
435 4498 619 4568 13tlat1fitr'
651 4500 686 4554 14
697 4499 787 4568 culpa]
841 4499 881 4554 tia
898 4497 934 4550 Γ*
950 4499 954 4564 Ι
970 4496 1172 4553 contemnendo
1191 4497 1227 4549 F¹
1282 4497 1316 4551 18
1333 4496 1461 4565 quotiens
1479 4510 1534 4550 non

95 4569 157 4623 sine
175 4567 257 4637 eulpa
274 4569 344 4623 Patr.
404 4571 438 4624 15
456 4570 579 4626 dicemus
598 4572 624 4624 F
673 4572 706 4625 16
724 4586 788 4624 nam
842 4584 940 4624 manus
957 4567 1110 4624 inferuntur
1127 4567 1300 4623 conuincium
1317 4566 1389 4631 fici}
1407 4566 1534 4635 quotiens

95 4653 160 4693 cum
185 4641 247 4707 quis
268 4639 329 4712 seq]
352 4658 403 4693 uon
423 4644 523 4710 plenius
546 4645 659 4712 eperunt
677 4642 773 4696 Graeci
780 4661 789 4694 .·
842 4655 897 4694 non
915 4655 1012 4694 manus
1024 4637 1177 4693 inferuntur
1191 4639 1294 4701 utlsed
1308 4637 1353 4702 0¹)
1366 4653 1428 4692 oum
1441 4637 1534 4692 conui-

96 4709 143 4763 ὃτε
160 4728 201 4763 rso
219 4709 331 4763 δικὲιωκ
350 4709 448 4766 &hirone
471 4711 651 4775 asceticam.
676 4713 785 4765 καλεῖται
841 4708 1533 4778 citrmttXYM⁶00⁸,suc.h1·c³:treatpxepoa

95 4779 126 4834 1ὲ
141 4779 248 4850 forcipis
261 4781 276 4832 ἡ
289 4780 363 4851 ῨΒριε
376 4782 424 4836 BS
434 4783 534 4849 (Dora).
553 4786 586 4854 of.
600 4782 787 4852 Inal.4,4pr.:
840 4781 883 4835 Διὶ
901 4781 987 4845 torma
1005 4780 1100 4850 iepizer
1120 4781 1169 4834 Rs
1187 4779 1277 4847 (Dor.)
1324 4781 1359 4834 23
1376 4777 1408 4834 lit
1424 4777 1532 4846 iniuria]

94 4865 159 4906 cum
177 4852 250 4906 enim
268 4857 379 4921 praeter
396 4854 440 4908 uel
458 4853 542 4908 iudex
555 4854 680 4908 noniuro
693 4858 790 4908 contm
841 4853 908 4907 uelit
925 4851 1024 4906 iniuria
1042 4852 1080 4904 F·
1133 4851 1169 4905 24
1186 4850 1286 4907 liberos
1306 4851 1341 4902 F·
1393 4850 1427 4904 31
1449 4852 1533 4902 testa·

94 4931 178 4992 quem
195 4923 365 4990 pronuntiat,
384 4924 510 4978 iniuriam
529 4925 671 4994 accepisse
688 4924 790 4978 dicitur
840 4924 878 4978 ris
898 4924 929 4976 F:
947 4923 996 4984 roi
1014 4922 1179 4993 recrtrmpoc
1192 4921 1240 4976 ΒΕ
1293 4922 1329 4976 33
1346 4918 1534 4990 purgareF’

96 5001 119 5048 sl
130 4993 229 5048 Paulos
241 4997 257 5046 l.
269 5001 335 5065 einp.
348 4996 379 5048 dr
391 5003 494 5050 intortis
506 4995 581 5062 (Gall.
594 4996 619 5060 4,
631 4997 658 5057 5,
672 4996 710 5062 ll:
723 5010 786 5049 nam
841 4995 877 5049 35
894 4992 1067 5050 detentu‘s’m
1086 4991 1123 5048 F‘

1260 5078 1320 5135 49ἰ
