3504 5452
190 244 310 316 XXXII
333 252 447 310 66-66
873 238 928 320 92
1160 333 1163 340 Ι
1406 261 1453 308 nn
1475 259 1616 310 6666666

190 405 234 462 uel
251 402 429 461 obsonatores
447 403 493 460 uel
510 417 566 473 eos,
585 401 632 473 qui
649 400 832 473 pisoetorrbns
849 400 998 472 praepositi
1016 404 1095 472 6666,
1113 415 1167 458 666
1185 399 1272 457 uideri
1289 398 1483 470 negotiationis
1499 398 1618 470 appella·

158 502 171 547 1
189 495 264 550 tione
281 493 427 550 eontineri:
451 497 479 548 et
496 497 563 563 puto
581 507 675 548 nerem
693 506 755 548 6666
772 489 909 548 Labeonis
927 491 1098 548 6666666666.
1135 489 1165 546 Si
1182 505 1217 546 ex
1234 487 1325 546 offioio
1343 489 1404 560 quis
1421 488 1458 544 ad
1475 487 1618 546 6666666666

189 583 335 653 manserit,
354 581 463 652 quidam
482 586 556 636 reete
573 585 673 651 putant
689 581 810 651 legatum
829 580 975 650 exstingui,
993 581 1058 651 quia
1068 577 1189 636 officium
1201 577 1315 636 artifieio
1327 582 1461 636 mutatur:
1478 593 1535 634 666
1546 577 1619 634 idem

158 680 173 726 6
190 687 207 728 6
225 671 359 728 contrario
382 686 444 726 eum
467 670 622 726 1666666666
644 685 727 726 66666
749 675 848 740 postea
865 668 955 725 iaetus
973 673 1040 725 est¹.
1072 667 1101 724 Si
1119 684 1191 724 unus
1208 683 1305 724 seruus
1322 668 1401 739 plura
1417 664 1534 724 66666666
1550 667 1621 724 66666

190 765 219 816 66
236 761 282 816 alii
300 760 359 816 oooi
375 760 460 830 legati
477 756 594 828 6666666,
614 759 661 814 alii
677 763 808 830 textores,
828 759 873 814 alii
891 758 1021 814 leetiearii
1028 761 1045 829 ¹,
1064 759 1089 814 ei
1107 758 1205 814 666666
1222 773 1333 814 seruum
1347 756 1492 814 dioendum
1505 761 1557 826 666,
1574 757 1620 812 oui
1637 765 1672 807 5

157 850 274 920 elegati
297 855 362 906 sunt
384 849 412 904 iu
434 849 507 918 quo¹
526 845 640 904 66666666
663 849 823 920 plerumque
846 847 1018 904 uersabatur.
1054 845 1239 904 Ornatrioibns
1261 845 1373 917 legaltis
1390 845 1488 902 Celsus
1511 845 1621 902 soribsit
1635 851 1675 904 r.
1695 868 1745 918 io

191 954 251 1010 666,
274 953 345 1010 quae
363 938 432 994 duos
450 942 556 994 6666666
576 952 684 994 menses
707 937 781 1008 apud
803 937 965 1008 magistrum
988 935 1112 1004 luerunt,
1134 937 1226 1007 legato
1248 951 1302 991 non
1325 935 1436 1006 oedere,
1460 935 1506 992 alii
1524 939 1554 991 et
1570 935 1621 992 bes

190 1027 296 1098 dedere,
314 1041 349 1082 ne
368 1042 480 1083 neeesse
499 1027 535 1082 sit
552 1027 652 1083 6661666
671 1026 777 1096 666666,
796 1041 858 1082 eum
876 1041 971 1082 omues
990 1025 1079 1082 666666
1096 1025 1202 1082 disoere
1220 1025 1327 1097 possint
1344 1029 1373 1081 et
1383 1038 1464 1081 omne
1476 1023 1620 1081 artifieium

156 1121 172 1166 4
190 1117 386 1172 inerementum
399 1117 508 1186 resipit:
520 1116 594 1186 quod
606 1116 694 1186 666666
706 1116 829 1186 optinere
841 1113 932 1186 debet,
944 1116 1009 1186 quia
1020 1115 1155 1172 humaneo
1167 1119 1281 1170 naturae
1293 1129 1443 1184 oongruum
1456 1119 1507 1170 est.
1537 1114 1621 1170 Peeo

189 1205 265 1262 ribus
283 1206 381 1276 legetis
399 1205 511 1262 0666666
529 1205 639 1275 scripsit
656 1203 847 1275 quadrupedes
865 1205 1009 1274 eontineri,
1028 1220 1100 1274 quae
1117 1204 1252 1274 gregatim
1270 1209 1428 1275 pasountur.
1455 1209 1483 1260 et
1501 1198 1621 1289 [ῐ-ῑ-,ῖ
1648 1217 1702 1260 ιο

190 1310 254 1352 sues
273 1301 365 1351 autem
383 1309 512 1366 peeorum
531 1295 712 1364 appellatione
730 1293 916 1364 eontinentur,
933 1294 998 1364 quia
1015 1298 1044 1350 et
1060 1293 1089 1348 bi
1106 1293 1241 1364 gregatim
1259 1298 1421 1364 pssountur:
1445 1294 1485 1350 sio
1502 1292 1621 1364 donique

190 1389 220 1440 et
236 1385 371 1442 Homerus
388 1385 417 1440 in
435 1383 568 1456 odyssia·
586 1383 633 1454 666,

543 1471 681 1528 bricteros
700 1493 727 1538 re
747 1471 830 1535 cisse·
849 1472 1012 1542 6666666666·
1032 1472 1056 1526 si
1074 1471 1105 1526 t'e
1122 1471 1244 1526 66666666

543 1562 594 1634 rip
612 1563 729 1634 Kbpsaoc
746 1561 826 1633 πέτρῃ
845 1560 885 1618 ἐπί
903 1581 932 1616 rs
952 1561 1033 1633 aptius
1048 1559 1198 1632 'Apaeoiorp
1570 1545 1621 1634 Q

126 1655 141 1702 t
157 1655 172 1702 6
190 1651 323 1708 lumentis
340 1652 439 1723 legatis
461 1651 548 1708 bones
570 1668 625 1710 nou
648 1647 820 1708 eontinentur
842 1665 893 1708 nso
916 1656 1020 1708 666666
1056 1651 1142 1722 liquis
1160 1654 1251 1706 autem
1269 1649 1367 1720 legatis
1385 1653 1414 1706 66
1430 1662 1518 1719 squas
1536 1648 1622 1705 eonti-
1652 1661 1706 1704 ss

158 1745 172 1792 7
190 1744 298 1796 nentur.
334 1739 438 1798 066666
454 1742 553 1812 legatis
571 1741 635 1812 agni
653 1757 708 1798 non
726 1741 911 1798 eontinentur:
935 1740 1065 1811 quamdiu
1083 1745 1174 1795 autem
1194 1754 1327 1809 agnorum
1344 1739 1404 1794 loeo
1421 1743 1499 1808 sunt,
1517 1751 1553 1794 66
1570 1753 1622 1794 666

190 1831 323 1900 ouiusquo
340 1830 392 1886 loei
411 1831 575 1886 sumendum
592 1836 648 1886 est:
672 1847 736 1886 uam
753 1830 782 1886 in
799 1829 963 1900 quibusdam
987 1831 1055 1886 loeis
1073 1829 1166 1886 ouium
1184 1843 1297 1885 numero
1315 1843 1376 1884 esse
1394 1827 1536 1896 uidentur,
1559 1841 1623 1882 6666

191 1919 226 1974 sd
244 1925 384 1976 tonsuram
404 1921 536 1977 uenerint.

134 2001 172 2060 66
243 2009 363 2066 Psunus
383 2008 452 2065 libro
475 2009 557 2064 666666
575 2008 780 2064 sententiarum.
817 2007 925 2064 Auibus
943 2008 1040 2079 legatis
1059 2021 1169 2064 6666666
1187 2006 1253 2078 pha·
1286 2017 1457 2075 66666676.
1477 2017 1625 2074 6666664
1653 2013 1725 2068 *1³

191 2097 260 2154 sisui
277 2099 325 2154 et⁴
341 2099 458 2168 gallinae
476 2103 505 2154 66
522 2098 627 2154 6666666
643 2097 828 2154 debebuntur:
851 2097 1017 2168 phasianarii
1040 2101 1132 2152 autem
1150 2101 1180 2152 et
1196 2101 1321 2167 pastores
1340 2111 1467 2153 66666666
1485 2111 1541 2152 666
1559 2109 1624 2152 666-
1654 2107 1715 2148 zo

191 2188 319 2258 timentur,
338 2188 390 2242 nisi
408 2188 437 2243 id
455 2193 570 2244 testator
588 2188 748 2258 expressitl.

135 2269 174 2328 67
244 2277 419 2334 mensus
435 2275 504 2334 llbro
522 2277 638 2348 septimo
655 2277 865 2334 institutionum.
892 2274 944 2342 Qui
961 2275 1061 2330 saltum
1079 2274 1214 2330 aestiuum
1230 2274 1335 2346 legauit
1351 2279 1380 2330 et
1396 2273 1448 2330 hoo
1466 2269 1627 2360 Q
1678 2280 1722 2336 ,s

192 2367 309 2437 emplius
326 2367 409 2422 etiam
429 2381 476 2424 eas
493 2382 538 2424 res
555 2367 703 2436 legauerit,
724 2381 795 2437 quae
813 2365 851 2421 ibl
869 2379 931 2421 esse
949 2365 1050 2434 solent,
1074 2379 1127 2420 666
1153 2363 1262 2420 uidetur
1279 2363 1314 2419 de
1330 2364 1382 2420 ullis
1399 2363 1545 2434 peooribus
1562 2380 1627 2420 sen-

191 2457 269 2526 66666,
288 2471 359 2526 quae
376 2455 465 2512 hiems
482 2457 511 2512 in
528 2455 648 2512 bibernis
666 2457 731 2512 aut⁸
749 2460 855 2512 aestate
872 2455 901 2511 in
919 2454 1032 2510 aestiuis
1050 2467 1112 2509 osse
1130 2453 1227 2524 solent,
1244 2452 1294 2510 sed
1312 2453 1347 2510 66
1364 2453 1416 2510 illis
1433 2453 1533 2523 sensit,
1551 2467 1626 2524 quae

191 2551 324 2616 perpetuo
341 2545 379 2602 ibi
397 2550 470 2602 sunt.
1645 2548 1714 2594 τε

135 2625 173 2687 68
246 2633 396 2692 1666666666
413 2634 482 2692 libro
493 2635 581 2706 primo
593 2649 794 2706 responsorum.
821 2633 961 2718 lunianio²
973 2631 1116 2703 respondit
1132 2637 1291 2688 testatorem
1303 2630 1447 2688 sdioiendo
1465 2625 1625 2714 Q
1659 2630 1718 2689 ,S

193 2724 341 2796 'praedium
354 2723 482 2780 Seianum
499 2724 588 2780 omne·
606 2739 667 2780 eam
685 2737 794 2793 quoque
811 2729 917 2793 partem
935 2721 1012 2778 66666
1030 2735 1114 2792 supra
1130 2721 1225 2792 seripti
1242 2721 1322 2792 qussi
1339 2719 1375 2776 sd
1392 2735 1423 2777 se
1440 2721 1624 2791 pertinentem

192 2814 280 2870 uideri
298 2829 347 2884 per
362 2812 603 2869 fideioornmissum
627 2813 783 2884 reliquisse,
806 2827 888 2882 quern
911 2827 946 2868 ex
968 2826 1053 2868 eausa
1074 2811 1197 2882 pignoris
1219 2817 1316 2866 666666
1339 2814 1395 2881 666,
1419 2810 1497 2866 66166
1519 2809 1624 2866 soillest

160 2907 172 2952 1
192 2903 251 2958 iure
274 2901 414 2958 debitoris.
451 2902 493 2956 Ex
516 2901 558 2956 his
581 2901 684 2958 uerbis:
704 2902 805 2958 ‘eurate
827 2917 909 2972 agros
927 2901 1081 2971 666666666,
1105 2905 1134 2956 66
1155 2901 1195 2956 666
1218 2898 1279 2970 fiet,
1302 2903 1334 2954 ut
1352 2897 1428 2956 tilius
1451 2915 1530 2956 mens
1552 2898 1622 2957 lilios

159 2995 174 3042 ²
193 2991 307 3048 'uestros
325 2991 405 3048 uobis
422 2989 574 3061 66666666,
593 2989 832 3048 lideioommissnm
850 2991 908 3062 peti
925 3005 980 3048 non
997 3005 1088 3062 posse.
1116 2987 1217 3044 Seruos
1234 3003 1392 3046 eommunos
1409 3005 1428 3044 a
1444 2987 1508 3045 Seis
1525 2990 1566 3045 666
1582 3004 1622 3044 re
1637 2993 1701 3040 69

192 3081 272 3138 lietos
290 3081 322 3137 ‘si
341 3081 394 3136 mei
412 3085 492 3136 erunt
509 3095 571 3148 oum
590 3079 695 3136 moriar’
714 3095 768 3137 nou
786 3080 888 3151 deberi,
907 3081 930 3136 si
950 3079 1031 3136 modo
1044 3078 1095 3134 boo
1108 3078 1194 3134 sensit
1204 3080 1339 3149 666666666,
1356 3083 1388 3135 ut
1398 3079 1438 3134 ita
1450 3077 1622 3149 deberentur,

160 3171 217 3226 tsi
234 3171 263 3226 in
281 3169 398 3226 solidum
416 3170 475 3226 eius
493 3168 617 3226 tuissent
647 3169 770 3226 Praediis
788 3185 849 3226 oum
869 3169 911 3226 his
929 3169 1059 3238 eutheeis,
1077 3182 1148 3238 quae
1160 3168 1189 3222 in
1201 3183 1235 3224 66
1245 3168 1419 3239 possessione
1431 3173 1503 3238 sunt,
1521 3167 1622 3224 66166666

193 3260 329 3329 mauoipia
345 3274 454 3330 quoque
472 3259 658 3330 praediorum,
682 3275 744 3314 oum
762 3259 816 3314 illie
833 3260 992 3315 6666666666
1015 3257 1080 3314 faeti
1097 3263 1221 3328 temporo
1238 3255 1363 3330 fuerunt,
1386 3257 1498 3314 eodeni:
1523 3257 1574 3314 sed
1596 3262 1623 3314 66

192 3363 263 3420 quae
281 3354 378 3420 postea
394 3353 578 3420 eeoesserunt,
597 3349 620 3404 si
638 3348 720 3404 modo
738 3347 790 3404 hoe
806 3352 923 3404 testator
940 3346 1084 3404 manifeste
1101 3347 1244 3420 expressit
1640 3356 1668 3398 66

136 3429 174 3488 69
245 3439 425 3496 mesenus
442 3437 511 3495 libro
529 3438 659 3508 singulari
677 3452 877 3508 responsorum.
914 3437 975 3494 Non
998 3439 1076 3494 aliter
1099 3453 1116 3494 6
1134 3434 1333 3507 significatione
1350 3435 1446 3494 uerbo
1465 3432 1623 3524 Q
1653 3437 1693 3495 δ’

160 3532 173 3576 1
192 3543 253 3584 rum
270 3527 361 3584 rsoedi
379 3531 496 3599 oportet,
514 3543 596 3598 quam
615 3543 676 3582 oum
695 3524 870 3582 manifestum
888 3533 932 3582 est
948 3527 1022 3583 aliud
1040 3527 1160 3584 sensisse
1179 3529 1349 3583 testatorem.
1385 3527 1474 3584 Titius
1492 3527 1624 3584 eodieillis

192 3617 251 3674 suis
267 3616 307 3672 ita
325 3617 413 3674 osuit:
432 3617 535 3673 Publio
547 3617 655 3672 Maeuio
673 3631 768 3673 ornnes
786 3616 909 3686 iuuenes,
927 3631 996 3687 quos
1013 3617 1042 3672 in
1057 3616 1208 3672 ministerio
1224 3613 1321 3686 habeo,
1340 3615 1399 3672 dari
1411 3615 1494 3674 uolo':
1511 3631 1625 3689 quaero,

193 3723 211 3762 6
227 3721 283 3776 qua
299 3711 390 3762 astate
407 3707 521 3763 iuuenes
539 3711 568 3762 66
584 3706 613 3762 66
630 3721 713 3776 quam
731 3705 852 3776 intellegi
869 3704 996 3761 debeant.
1023 3705 1167 3762 llerosllus
1183 3705 1338 3776 respondit,
1356 3721 1426 3777 quos
1443 3705 1535 3763 uerbis
1552 3723 1625 3778 quae

192 3800 408 3866 proponerentur
425 3795 611 3852 demonstrare
628 3795 746 3852 uoluerit
762 3800 890 3866 testator,
914 3794 950 3850 66
973 3795 1110 3852 notionem
1134 3795 1206 3866 eius,
1231 3795 1279 3866 qui
1302 3795 1337 3852 de
1360 3810 1395 3852 ea
1416 3811 1446 3852 re
1463 3797 1626 3867 oognitrrrus

193 3901 433 3971 rlwleJoK)

196 4045 204 4080 ¹
223 4059 286 4098 oum
303 4042 456 4099 leetiearius
474 4059 557 4100 ooens
575 4049 673 4116 postea
689 4043 780 4104 suetus
797 4051 841 4102 666
859 4053 882 4102 sl
899 4047 945 4102 alii
962 4046 1092 4102 leetioarii
1110 4047 1157 4101 det
1176 4048 1212 4114 (6
1226 4049 1254 4112 ι’.)
1308 4043 1320 4080 ¹
1337 4059 1452 4114 qnorum
1464 4045 1626 4118 (Knepmli

193 4115 205 4152 ⁸
224 4117 267 4184 13,
284 4115 336 4170 407
408 4117 420 4151 ⁴
438 4121 466 4171 et
488 4136 536 4170 om.
553 4115 651 4172 Paulos
721 4121 786 4174 iau
810 4122 902 4172 autem
925 4117 1089 4188 pbssiansrii
1112 4123 1141 4172 et
1162 4121 1288 4188 pastores
1311 4131 1450 4186 anserum,
1473 4116 1626 4173 uoluntatis

193 4193 237 4242 666
253 4187 378 4256 quaestio
396 4187 493 4242 Paetus
511 4207 582 4261 qoem
600 4189 721 4244 66666666
791 4191 870 4244 ο666
887 4190 933 4245 666
1003 4188 1148 4244 τ1666ιί66666
1165 4187 1269 4255 (Helii

194 4331 210 4386 1
229 4333 407 4400 opsonatores
418 4331 456 4384 1¹⁴2
499 4331 691 4402 terrongni
703 4330 740 4385 pr
783 4332 801 4388 4
819 4347 882 4388 oum
934 4327 1625 4402 6666666666616366666666666366666666666*

193 4401 347 4456 leetiearius
365 4415 447 4457 ooeus
464 4406 563 4472 postea
579 4400 668 4459 faetus
687 4403 738 4473 est]
757 4403 821 4459 16666
831 4423 882 4458 non
935 4403 1009 4458 'lalii
1067 4405 1084 4458 8
1094 4402 1194 4458 nullam
1204 4399 1301 4457 666666
1314 4399 1407 4455 ormi*
1438 4402 1472 4456 12
1481 4399 1632 4459 oduuiaF

193 4479 260 4528 rente
278 4479 416 4544 taapuniar
429 4475 772 4544 matemautensem&
793 4485 882 4546 priore
936 4475 971 4530 14
987 4493 1077 4546 uesper
1102 4482 1127 4529 et
1150 4493 1239 4544 represso
1262 4481 1400 4544 epotoscrrr
1424 4472 1458 4538 F,
1480 4473 1525 4528 obi
1545 4493 1625 4545 pros-

193 4547 249 4598 loeo
267 4547 403 4616 exemplum
420 4547 495 4600 666666
514 4546 620 4602 additur
637 4553 661 4602 sl
677 4547 725 4602 666
740 4554 882 4618 posteriore
935 4553 1005 4600 66666
1027 4553 1081 4600 iolo
1105 4554 1200 4600 6666666
1222 4561 1273 4598 aon
1289 4544 1412 4600 scribitur
1474 4544 1508 4599 15
1525 4545 1624 4616 oquae]

192 4617 605 4742 6666666666
618 4621 882 4762 &iiiiii
936 4615 1282 4744 ggqumrgmppupg
1300 4615 1626 4750 indi-illiti.

193 4759 330 4812 laetisonis
348 4765 424 4812 immo
443 4766 466 4813 st
519 4777 546 4813 66
563 4760 641 4814 umbo
659 4707 880 4831 dquoe’moepsre-
934 4759 999 4815 tium
1017 4761 1074 4815 τοῖο
1091 4758 1289 4832 ὶπελεγθὲροιε·
1307 4727 1463 4824 oraemissis
1477 4759 1525 4814 rbs
1543 4758 1623 4832 &spos

193 4834 304 4900 96666666·
321 4827 366 4884 alii
382 4829 514 4886 lecticarii
532 4837 555 4884 el
572 4839 630 4902 ipsu
647 4838 700 4886 lem
713 4839 805 4904 inepto,
824 4851 880 4886 6666
934 4851 985 4896 sog
998 4833 1024 4886 B
1036 4831 1147 4904 (Tiprsc.)
1191 4833 1227 4887 30
1244 4831 1324 4886 uouit
1342 4831 1379 4884 F·
1424 4831 1459 4886 31
1477 4833 1623 4886 1666666Ἶ

193 4901 420 4956 666ῶαί666666
431 4909 466 4957 alt
477 4905 624 4975 6669666666,
638 4921 713 4974 quom
724 4921 880 4974 superuncta·
933 4905 969 4960 35
986 4902 1132 4960 barborum
1143 4903 1180 4957 F·
1227 4903 1263 4958 36
1280 4901 1433 4974 oportent
1446 4901 1483 4956 i*
1530 4905 1565 4959 3⁷
1584 4903 1624 4960 iu·

192 4991 249 5036 666,
262 4991 318 5027 cuns
329 4973 380 5026 666
387 4992 482 5044 genero
491 4976 635 5046 effatorum
646 4977 783 5046 sufficiant,
797 4981 880 5028 inriti·
933 4975 1019 5032 boues
1036 4975 1073 5028 ΓΙ
1089 4979 1094 5044 Ι
1109 4973 1206 5044 habeo]
1225 4971 1314 5030 habea
1331 4975 1369 5028 Ρ

193 5044 879 5130 doomlslmolsadiettood53(es.ls.t.l.99§4)
