3600 5460
122 237 273 286 eunoun
295 239 479 288 snosunus
670 265 671 268 =
795 218 880 300 401
1204 224 1383 294 XXXVIIII
1404 229 1424 294 3
1447 235 1561 290 11-17
1652 305 1654 308 Ι

121 389 211 444 aqum
228 377 339 445 piuoioe
357 376 492 432 ernendoe
515 378 637 447 sotiene,
662 378 737 447 qued
759 379 787 434 iu
811 378 920 434 eodone
942 379 1036 436 domni
1059 379 1165 449 iniecti,
1189 381 1254 450 quie
1276 381 1425 452 utrubique
1448 398 1503 438 non
1526 383 1561 438 de

87 465 278 535 tprseteritq
297 465 346 520 sed
365 465 400 520 de
418 463 510 522 tuturo
528 466 629 522 domno
647 467 748 536 egitur.
775 466 855 533 Quod
873 468 897 524 si
914 468 939 524 is
956 467 1067 539 fundus,
1086 469 1130 525 oui
1143 485 1216 539 equs
1227 470 1323 540 plume
1334 475 1424 541 meoet,
1442 471 1560 542 plurium

119 552 166 621 sit,
184 566 268 622 egere
285 553 396 622 quidem
414 555 461 610 nel
478 555 602 626 singulos
619 569 715 624 posse:
739 555 789 612 sed
807 555 914 626 domni,
932 557 1007 626 quod
1025 563 1090 628 post
1105 559 1182 614 litem
1201 561 1383 616 oonteetstsm
1402 559 1496 616 dstnm
1516 560 1560 630 sit,

119 655 176 695 non
193 641 311 712 emplius
328 648 407 712 perte
424 659 477 699 ene
494 649 720 704 oonseouturnmr
741 644 807 700 item
832 645 855 700 ei
880 661 950 715 opne
973 647 1130 702 restitutum
1155 661 1209 702 non
1234 646 1331 718 tuerit,
1356 664 1411 703 nen
1434 648 1559 718 amplius,

85 735 100 782 t
119 743 204 798 quum
221 729 296 799 qnod
313 745 364 799 pro
381 735 461 801 ptrte
477 747 573 788 eornm
591 731 746 790 interfuerit
763 747 833 804 opus
852 734 972 804 restitui,
995 735 1251 792 condemnationem
1276 734 1336 792 fieri
1358 741 1493 806 oportere.
1530 735 1559 791 si
1577 749 1592 792 e

117 831 154 872 ex
172 817 281 888 priuoto
298 835 366 889 egro
384 821 412 875 in
430 837 527 891 agrurn
546 836 719 878 communem
738 835 811 892 eque
828 823 1017 892 imImittetur,
1042 821 1137 882 Ofilius
1160 825 1200 880 uit
1219 825 1324 882 sotium
1343 841 1405 880 eum
1424 839 1457 882 eo
1475 839 1559 895 egere
1576 834 1592 882 r.
1605 835 1649 883 199
1670 854 1671 858 ,

82 913 99 959 o
117 919 215 976 posse:
237 906 385 964 Trebatius
402 910 555 980 existimet,
574 911 599 966 si
617 909 652 966 de
670 925 704 966 eo
721 925 805 981 opere
823 915 936 981 egetur,
954 911 1029 981 qued
1046 911 1251 969 mortinetum
1270 914 1319 983 eit,
1342 913 1499 970 omnimodo
1517 929 1559 970 re-

116 995 288 1051 stituendum
306 997 415 1053 idonee
433 997 470 1054 sb
487 1015 529 1069 eo,
548 1013 613 1054 oum
629 1015 684 1070 qno
703 999 806 1070 egitur:
825 1000 849 1055 si
867 1015 935 1056 uero
952 1000 981 1054 ui
998 999 1117 1056 fluminis
1135 1017 1220 1072 sgyer
1237 1001 1344 1058 deletur
1356 1002 1393 1058 sit
1404 1006 1454 1058 out
1464 1003 1559 1072 glsree

115 1083 221 1140 inieots
238 1089 287 1142 ent
304 1084 379 1142 fosse
395 1087 460 1142 ltmo
477 1087 590 1158 repleto,
609 1093 676 1144 tune
692 1088 853 1158 patientiam
872 1089 1016 1144 demumr
1033 1089 1236 1158 praestandum.
1576 1103 1589 1143 o

54 1168 96 1227 12
171 1173 291 1231 Pennus
308 1174 377 1232 libro
395 1181 475 1232 sexto
493 1175 601 1232 deeinm
619 1177 655 1232 nd
672 1175 814 1234 Sebinum.
846 1177 961 1246 Emptor
979 1176 1043 1244 (nisi
1060 1177 1189 1234 stmnlute
1205 1177 1329 1234 uenditio
1347 1181 1400 1245 est)
1419 1179 1557 1250 ceterique
1576 1175 1613 1232 'S

114 1275 294 1319 suoemoreo
311 1264 356 1318 nel
374 1265 531 1335 restituere,
554 1265 579 1320 si
597 1265 696 1336 uelint,
715 1281 785 1336 opus
808 1263 910 1322 Imtum
934 1266 979 1324 uei
1003 1265 1163 1336 patientium
1188 1272 1329 1337 praeetere
1353 1266 1468 1322 debent:
1493 1284 1556 1324 nsnr

114 1351 205 1406 sotori
223 1365 327 1406 morem
344 1367 422 1407 soem
442 1367 542 1409 neeere
558 1353 660 1410 debere
678 1353 853 1410 menifestum
872 1359 923 1410 est
951 1355 980 1410 in
998 1355 1095 1412 eedem
1114 1371 1201 1414 oense,
1222 1360 1266 1412 eet
1285 1356 1368 1412 etiem
1387 1355 1479 1416 sotius
1497 1355 1557 1412 eins

113 1439 165 1510 qui
184 1455 254 1510 opus
272 1438 346 1510 feeit,
364 1441 388 1496 si
405 1441 465 1511 ipse
482 1447 580 1498 suntor
597 1457 652 1499 oon
670 1441 735 1498 iuit:
754 1443 883 1513 idemque
899 1443 927 1498 in
945 1443 1047 1500 denote
1066 1441 1151 1500 inndo
1168 1444 1297 1515 Iegstone
1315 1449 1366 1500 est

50 1523 95 1584 13
170 1529 319 1586 (intusod
336 1529 457 1585 edietum
474 1531 609 1600 praeteris
627 1530 725 1588 urbani
742 1532 822 1600 titulo
841 1531 876 1588 do
894 1547 983 1601 squee
999 1532 1110 1602 pluuiee
1129 1533 1272 1590 eruendoe.
1300 1531 1356 1588 Sed
1368 1531 1496 1588 uenditor
1507 1536 1556 1588 sut
1586 1531 1614 1584 Ε

113 1617 234 1673 donator
250 1617 396 1673 interdicte
414 1618 489 1687 qnod
507 1619 537 1674 ni
554 1623 603 1688 sut
620 1620 690 1675 olem
710 1618 745 1675 de
763 1619 865 1674 domno
882 1625 911 1675 et
928 1620 1060 1690 impensis
1077 1620 1113 1678 eb
1132 1625 1225 1678 uetere
1242 1619 1323 1678 idetis
1341 1619 1489 1678 tenebitur.
1576 1633 1603 1675 re

45 1703 94 1761 14
169 1706 289 1763 Pennus
306 1705 375 1762 libro
393 1707 624 1778 quadragensimo
647 1723 720 1764 none
744 1707 780 1764 sd
799 1708 931 1764 edietum.
968 1708 1107 1766 Arrteeuo¹
1127 1710 1180 1780 eit,
1205 1709 1229 1766 si
1252 1710 1276 1764 is
1301 1709 1348 1780 qni
1371 1725 1441 1780 opus
1459 1707 1556 1766 feeerit
1586 1706 1613 1760 ii

111 1795 282 1864 potentiori¹
299 1794 454 1850 uendiderit
471 1796 629 1866 praedium,
652 1801 788 1866 quatenns
810 1796 922 1852 desierit
945 1797 1073 1854 dominns
1092 1813 1166 1867 esse,
1190 1797 1327 1867 egendum
1346 1814 1409 1854 oum
1428 1797 1555 1868 eoquod

77 1893 90 1938 1
112 1884 144 1940 ui
162 1888 213 1939 snt
229 1883 314 1939 eism:
336 1883 410 1953 quod
434 1884 459 1938 si
479 1900 568 1940 onnus
586 1885 769 1956 praeterierit,
793 1885 828 1940 de
852 1885 915 1942 doio
938 1885 1068 1942 iudiqum
1092 1886 1223 1942 dandum.
1260 1886 1329 1946 Cum
1353 1887 1444 1956 egitur
1467 1899 1555 1955 aquae

111 1972 227 2043 ptnnrse
244 1972 388 2042 eroendse,
406 1971 443 2028 de
459 1969 534 2028 rento
551 1973 626 2043 quod
644 1977 726 2030 nooet
742 1974 897 2043 quaeritur:
916 1974 1033 2044 ideoque
1051 1975 1076 2030 si
1094 1975 1161 2030 nitio
1179 1974 1232 2030 Iooi
1246 1990 1311 2044 pere
1324 1974 1416 2043 ntique
1427 1975 1479 2030 eoli
1491 1972 1554 2030 eub-

112 2061 203 2131 sedis,
225 2062 352 2131 quemme
370 2076 419 2130 per
437 2075 498 2117 eem
516 2075 629 2116 oensem
648 2075 721 2129 sque
737 2061 832 2130 pionius
848 2061 969 2118 interiori
987 2067 1098 2134 noceat,
1123 2063 1198 2118 nulls
1220 2063 1351 2132 oompetit
1374 2063 1454 2118 eotio.
1481 2062 1554 2117 idem
1574 2076 1603 2118 ro

74 2148 234 2206 uiortesee
256 2149 370 2219 dieitur,
393 2150 418 2204 oi
441 2149 470 2204 in
493 2166 561 2220 egro
583 2166 667 2206 menn
689 2147 793 2206 foetum
816 2151 917 2221 aliquid
941 2150 1104 2208 subsederit.
1135 2152 1168 2207 In
1190 2151 1242 2207 boo
1265 2151 1411 2221 iudicium,
1436 2151 1508 2206 siout
1525 2151 1554 2206 in

111 2239 210 2294 domni
227 2237 330 2309 iniootI,
348 2237 470 2294 futurum
489 2239 619 2294 domnum
637 2239 721 2308 uenit,
740 2254 802 2296 eum
820 2240 932 2309 reliquie
950 2239 1007 2296 iere
1026 2239 1153 2296 omnibus
1165 2239 1273 2296 iudioiie
1285 2241 1462 2310 praeteritum
1476 2254 1553 2310 pree·

70 2335 91 2380 3
111 2331 212 2384 rtem.
249 2327 293 2382 De
310 2342 357 2397 ee,
380 2327 455 2398 quod
472 2333 536 2383 onte
554 2326 650 2382 dutum
669 2332 726 2397 eet,
744 2327 818 2397 qued
837 2329 865 2384 ui
883 2333 933 2384 eut
949 2330 1020 2384 olem
1039 2329 1245 2398 egendumeet
1274 2328 1309 2382 de
1327 2343 1374 2397 ee,
1397 2328 1472 2397 quod
1489 2331 1554 2398 post

111 2416 279 2471 ”nuntiem
297 2416 396 2470 iudiois
414 2413 535 2471 futurum
554 2419 605 2486 est,
624 2415 717 2472 dsmni
735 2414 830 2472 inserti
847 2417 939 2476 reneri
957 2421 1065 2487 oportet
1083 2417 1127 2472 uel
1146 2417 1185 2472 ite
1203 2432 1273 2486 epus
1290 2415 1488 2474 restituendum
1502 2421 1553 2486 eet,

64 2509 92 2555 4
111 2509 146 2560 nt
162 2503 267 2560 nubum
285 2504 435 2574 perieulum
459 2504 552 2560 domni
575 2505 705 2575 supersit.
741 2505 783 2561 De
801 2519 835 2562 eo
852 2519 950 2576 opere,
974 2505 1048 2576 quod
1066 2510 1131 2575 post
1153 2506 1228 2562 litem
1247 2509 1430 2562 contestatam
1448 2502 1552 2560 fretum
1573 2520 1602 2562 re

110 2596 166 2662 ert,
184 2607 258 2648 nouo
274 2591 376 2648 indieio
394 2592 531 2662 egendum
549 2598 601 2649 est
921 2625 922 2630 κ

16 2670 93 2732 15
166 2680 246 2736 Ionrr
267 2679 337 2737 libro
359 2686 439 2738 sexto
461 2681 569 2738 deoimo
592 2681 629 2738 ed
647 2680 787 2740 SobInnm.
823 2679 880 2738 Sed
904 2681 1040 2758 interdum
1064 2696 1135 2751 opus
1158 2686 1187 2738 et
1209 2682 1284 2752 quod
1308 2687 1372 2752 poet
1394 2682 1469 2737 litem
1488 2695 1552 2737 eon·
1572 2681 1608 2737 ’S

110 2773 244 2826 teststsm
262 2768 366 2826 Ieotnm
384 2775 428 2825 est
445 2770 563 2839 tolletur,
581 2770 605 2826 si
623 2770 652 2825 id
669 2770 744 2839 qnod
762 2770 911 2826 nnteeeseit
928 2770 987 2826 tolli
1004 2770 1064 2826 sine
1082 2785 1116 2826 eo
1134 2785 1188 2826 non
1206 2775 1306 2840 petent.

16 2845 93 2909 16
165 2859 339 2916 poneremus
356 2857 426 2914 iibro
443 2859 574 2914 nioesimo
592 2857 628 2914 sd
640 2857 781 2916 Sabinum.
812 2859 880 2914 Post
897 2857 1083 2916 uenditionem
1101 2863 1131 2914 et
1144 2857 1319 2914 traditionem
1337 2857 1412 2927 qnod
1430 2857 1551 2914 noeitnm
1572 2858 1607 2914 ‘S

110 2947 150 3002 sit
166 2947 194 3002 ei
211 2946 306 3018 inndq
325 2947 434 3018 dequo
452 2952 515 3003 ente
533 2946 663 3002 iuditium
682 2953 826 3018 obreptum
845 2948 883 3004 eit
899 2961 988 3017 squse
1005 2947 1116 3017 pluuiee
1134 2945 1283 3017 uertendae,
1308 2945 1392 3002 nihilo
1410 2945 1500 3002 minus
1518 2960 1551 3002 eo
1571 2960 1601 3002 eo

109 3035 214 3092 iudim'o
231 3035 404 3092 uenditorem
422 3050 505 3106 posse
523 3036 669 3106 eonsequi,
691 3051 747 3092 non
765 3037 831 3106 quis
848 3035 999 3105 uenditori,
1022 3034 1072 3092 sed
1089 3035 1163 3104 quod
1186 3035 1226 3090 rei
1244 3035 1375 3092 domnum
1394 3035 1488 3090 dotum
1507 3035 1552 3104 eit,

110 3123 196 3194 idqde
218 3139 282 3180 enm
305 3125 422 3194 emptori
444 3124 589 3180 restituere
612 3123 721 3180 debere.
748 3124 799 3182 eed
822 3125 846 3180 si
869 3130 933 3180 ente
956 3139 1040 3194 quern
1058 3127 1190 3180 nooeetnr
1208 3124 1232 3179 is
1250 3139 1312 3180 eum
1331 3137 1386 3194 qno
1405 3128 1496 3180 aetum
1515 3123 1552 3178 sit

109 3213 227 3283 nenda,
245 3213 340 3268 stetim
357 3212 495 3283 egendum
514 3228 576 3270 oum
595 3217 730 3285 emptore,
749 3213 793 3270 uel
812 3213 884 3270 intre
901 3229 1003 3270 sonum
1021 3227 1084 3270 oum
1103 3227 1137 3268 eo
1155 3212 1203 3282 qui
1221 3212 1389 3284 uendiderit,
1414 3213 1438 3268 si
1456 3211 1551 3267 iudieii

109 3300 236 3356 enitendi
254 3315 340 3356 oense
356 3301 384 3356 id
403 3299 508 3357 feeerit
1469 3308 1482 3324 ‘
1570 3313 1601 3354 or

52 3377 93 3439 li
162 3390 286 3446 Pronus
302 3388 598 3459 iibroqntntodeeimo
611 3389 646 3446 sd
659 3389 803 3446 Pleutinm.
832 3389 862 3446 Si
879 3391 956 3460 prius
974 3393 1125 3446 noeturnae
1143 3405 1231 3459 sqnee
1249 3391 1369 3446 seruitus
1387 3388 1454 3444 mibi
1471 3402 1551 3465 oesso
1581 3385 1610 3440 E

109 3477 207 3547 fuerit,
231 3477 331 3552 deinde
349 3485 447 3548 postes
464 3479 518 3534 siis
536 3480 661 3535 eessione
679 3478 794 3536 diurnae
811 3493 921 3549 qnoque
938 3479 1038 3536 duetus
1061 3493 1148 3550 squee
1172 3493 1320 3536 eonoessne
1338 3476 1405 3532 mihi
1422 3475 1505 3532 suerit
1522 3479 1552 3532 et

109 3583 159 3638 per
182 3567 364 3622 eonstitntrrrn
387 3572 497 3636 tempus
520 3573 655 3624 nocturne
677 3567 823 3622 dumtaxat
845 3583 1003 3637 aquenses
1021 3566 1132 3637 fuerim,
1157 3568 1253 3624 emitto
1277 3567 1439 3622 seruitutem
1462 3579 1551 3634 sqnm

83 3655 238 3726 tornense,
258 3663 267 3724 Ιῐ
286 3656 351 3725 qnia
369 3655 421 3712 heo
439 3671 504 3712 enen
522 3657 614 3727 plures
633 3661 697 3712 sunt
714 3656 862 3712 seruitutee
886 3656 1057 3714 diuersarum
1082 3671 1236 3712 musarum.
1272 3654 1376 3710 Reote³
1395 3647 1551 3737 ffl-rs‘n‘.
1568 3657 1651 3706 2199·

109 3760 357 3830 famenod)

111 3914 119 3948 ¹
138 3911 290 3978 seinse.
302 3913 434 3990 estere
448 3912 462 3983 5
474 3912 493 3966 4
506 3911 588 3979 nene
636 3911 1160 3983 =p0reneorr1posreaurtronmrner
1173 3911 1263 3976 rare,
1277 3932 1300 3964 t.
1315 3910 1363 3976 qe
1410 3909 1552 3966 ⁸mentor

109 4057 302 4115 5reotItu'er'i
319 4061 357 4114 F‘
410 4062 596 4117 Simmitutur
615 4063 640 4115 F
682 4060 804 4116 8flumI·
857 4063 996 4118 remedium
1006 4069 1101 4118 inuenit
1109 4061 1193 4116 Faber
1200 4080 1345 4133 proponent
1353 4065 1450 4130 postea
1459 4060 1551 4114 alteri:

109 4130 163 4198 nis]
173 4129 336 4186 dominini*
353 4133 358 4200 Ι
374 4132 468 4258 agger]
480 4133 549 4197 Y‘Z,
559 4148 624 4202 ager
634 4133 686 4187 IX
689 4132 808 4188 FMOO
859 4153 903 4188 nee
926 4135 1077 4189 crediderim
1103 4141 1154 4186 iam
1175 4133 1310 4203 Capitonis
1334 4139 1417 4186 aetate
1440 4132 1503 4186 illud
1520 4131 1552 4185 de

110 4203 147 4256 10
176 4202 286 4271 penius]
318 4204 363 4268 ΓΙ,
392 4219 467 4259 rom
499 4205 537 4258 Γ*
561 4207 566 4271 Ι
590 4203 737 4260 dimititte
768 4205 805 4256 F²
858 4207 1011 4258 alienatione
1024 4204 1332 4258 iudiciimuiondirouro
1345 4205 1453 4258 edietum
1466 4209 1551 4256 iuuere

110 4273 146 4329 12
170 4271 416 4330 'no'msnitestnm
440 4275 478 4328 Γ)
499 4276 504 4340 Ι
524 4275 625 4342 sooiue]
653 4275 744 4330 sieeus
768 4274 803 4326 Ρ
849 4279 938 4346 soraee
952 4277 958 4338 Ι
974 4273 1151 4330 desieritF‘
1194 4274 1228 4327 18
1240 4273 1312 4340 enm]
1324 4288 1384 4328 eam
1398 4273 1432 4326 F¹
1469 4270 1551 4327 23de

109 4345 147 4399 14
164 4346 180 4396 t
199 4344 234 4398 13
256 4352 387 4400 contineat
410 4347 566 4400 antecedente
589 4347 634 4412 Fi
655 4345 744 4402 tutnlo
768 4345 804 4397 F¹
858 4351 910 4400 *0⁴0
934 4346 1007 4414 qnod
1026 4351 1089 4400 unte
1108 4344 1144 4398 Ρ*
1164 4345 1169 4410 i
1191 4343 1235 4412 de]
1258 4343 1292 4397 ed
1312 4343 1359 4396 F..
1412 4344 1447 4398 24
1465 4347 1551 4398 restu-

108 4415 146 4470 16
164 4415 332 4484 sumendi}
351 4420 448 4471 nnteue
463 4415 496 4482 Q,
514 4417 622 4471 enteius
638 4417 668 4480 Y,
683 4415 804 4472 anterius
858 4416 990 4472 tuendum
1009 4417 1046 4469 F·
1093 4417 1128 4470 26
1147 4413 1284 4483 egendum
1302 4415 1354 4482 eet]
1375 4413 1499 4484 agendus
1515 4413 1550 4466 Ρ

108 4486 154 4550 Ζ·,
167 4486 419 4542 steinseeistteius
428 4485 554 4552 Z‘XOO,
567 4485 810 4558 emmennone!
858 4487 894 4544 29
912 4487 1058 4544 uioeseimo
1076 4487 1102 4540 F
1149 4486 1183 4540 31
1207 4485 1299 4555 posse]
1323 4501 1386 4540 esse
1406 4487 1443 4540 F·
1464 4483 1549 4553 ised]

109 4557 144 4611 17
163 4555 313 4626 potentiori
330 4557 494 4627 uendiderit]
512 4558 561 4612 boe
573 4565 742 4629 quereremur,
761 4563 806 4612 ant
859 4563 902 4612 eet
920 4559 956 4611 Ρ
972 4562 977 4624 Ι
993 4558 1050 4613 rei*
1063 4558 1101 4610 1³²
1136 4557 1171 4610 32
1189 4561 1313 4626 emptore
1326 4555 1361 4610 F¹
1398 4557 1433 4610 33
1445 4561 1551 4624 empto·

107 4627 266 4682 amoeni
281 4636 429 4684 meroem
445 4630 525 4684 uerbo
541 4627 617 4697 quod
634 4627 727 4684 introii
747 4641 804 4682 mu·
858 4645 916 4684 rem
936 4629 961 4681 F
1001 4629 1036 4684 34
1055 4625 1205 4684 euit'r'endi
1223 4626 1261 4680 F*
1305 4625 1549 4694 attereretur

107 4697 189 4754 tondi
211 4713 297 4754 osuse
316 4719 366 4769 pro
390 4707 424 4754 tie
446 4718 511 4770 quoe
528 4707 587 4754 ruet
609 4698 684 4768 quod
706 4699 734 4754 ui
756 4703 805 4758 ent
858 4699 1094 4756 eliseeesioneF⁰
1110 4701 1115 4764 Ι
1131 4695 1220 4766 iuerit]
1235 4695 1393 4752 ineruntF⁶
1428 4695 1550 4764 tineus]

108 4769 183 4824 erm
199 4789 257 4824 eone
276 4770 384 4825 Ouium
402 4777 448 4824 oret
465 4777 531 4824 certe
552 4772 805 4826 tormentorobntto
858 4785 939 4826 usum
952 4771 991 4827 F·
1032 4771 1068 4825 88
1085 4768 1161 4837 oesu]
1176 4767 1287 4824 ees'e'ue
1301 4769 1340 4824 F’
1356 4770 1360 4835 Ι
1376 4768 1549 4824 diuersurum

105 4842 197 4911 mdo
214 4848 315 4894 minore
332 4849 391 4895 ente
408 4839 546 4908 egendum
565 4845 645 4896 totta:
668 4841 740 4896 intro
758 4853 793 4896 un
859 4843 895 4896 F·
910 4845 915 4906 Ι
930 4840 1014 4909 neoto]
1036 4842 1063 4904 F,
1084 4845 1158 4896 retro
1178 4841 1212 4905 0,
1231 4837 1304 4895 Ieete
1322 4837 1458 4904 ZI'·MO,
1475 4845 1551 4894 reete

108 4925 176 4966 num
195 4908 345 4966 insuetum
367 4912 502 4968 sotionem
520 4912 550 4968 in
567 4926 630 4968 eum
648 4915 804 4980 competere
862 4910 933 4979 Y‘q
951 4931 1000 4967 om.
1011 4910 1061 4978 X‘,
1080 4920 1128 4968 irre.
1141 4911 1182 4966 Χ·

108 4988 160 5038 sot
177 4981 306 5053 <es.t16
309 4985 360 5054 fin.
372 4982 398 5036 b.
407 4990 425 5039 t.
444 4983 511 5047 ert,
522 4984 548 5048 7,
557 4983 582 5048 3,
595 4983 633 5051 2).
663 4984 709 5038 red
724 4985 805 5037 Ionius

270 5071 300 5118 11.
1303 5070 1338 5124 26
