3644 5460
259 263 409 332 xxxin
431 267 451 330 8
475 272 508 326 10
804 249 805 254 ¹
929 259 1017 342 562
1193 237 1343 344 cnar'ru
1366 285 1534 334 senonen
1558 284 1697 334 cesum.

261 422 296 478 'te
319 423 430 479 conscio
453 426 482 478 et
500 419 623 477 irarrdem
641 421 843 493 participante:
868 423 1012 479 nonenim
1031 424 1055 478 si
1073 423 1231 495 simpliciter
1248 425 1305 480 scio
1323 423 1397 480 illum
1416 423 1569 480 creditores
1586 419 1698 491 habere,

260 510 313 566 hoc
330 509 448 583 anilllieit
466 509 501 566 ed
520 510 740 566 contendendum
759 511 846 566 teneri
864 526 926 566 eum
945 511 974 566 in
992 509 1093 568 lactum
1114 513 1235 583 actione,
1256 513 1305 574 sed
1323 513 1347 568 ei
1364 513 1504 584 particeps
1521 511 1629 568 itandis
1646 513 1698 568 est
1716 513 1798 565 taw

228 607 243 652 e
262 599 291 656 Si
308 601 370 670 quie
387 599 525 672 particeps
544 599 654 670 quidem
672 597 776 656 lreudis
793 613 848 656 nen
865 597 924 668 luit,
943 605 1132 658 cerumtamen
1144 602 1280 658 uendente
1292 599 1416 658 debitore
1428 605 1531 658 metato
1543 605 1699 658 conuentus

261 693 304 746 est
321 705 339 744 n
356 688 551 758 creditoribus,
575 703 609 744 ne
627 693 744 759 emeret,
763 703 799 744 ιιι
816 689 845 744 in
862 686 964 744 lectum
984 689 1091 746 actione
1109 695 1249 761 tenerem,
1269 689 1291 746 ei
1310 689 1531 762 comparauerit?
1561 694 1590 744 et
1607 688 1699 758 ιιιιςὶι

227 784 244 829 a
261 783 312 848 est,
331 783 363 833 ot
379 778 466 834 teneri
484 776 597 832 debeat:
617 791 671 833 non
684 777 756 833 enim
769 783 845 834 cenet
855 776 961 849 fraude,
979 779 1025 848 qui
1038 784 1191 836 conuentus
1203 783 1304 834 testato
1316 785 1484 850 perseuerat
1511 777 1591 834 Alius
1603 783 1698 834 entem
1717 788 1732 830 s

261 867 307 937 qui
325 867 378 922 scit
393 867 512 938 eliqnem
531 866 680 922 creditores
697 865 806 937 bebere,
826 866 850 922 si
867 882 930 922 enm
949 882 983 924 eo
1001 867 1145 924 contrahet
1162 867 1321 938 simpliciter
1332 869 1391 924 sine
1403 867 1507 924 fraudis
1519 867 1699 934 conscientia,
1766 890 1768 896 ·

228 961 316 1013 onon
340 956 450 1012 uidetur
473 955 526 1012 huc
549 957 658 1012 eetione
681 956 777 1012 teneri.
813 955 862 1012 Ait
878 961 989 1026 praetor
1007 956 1118 1014 ‘ruente
1136 956 1181 1028 te',
1205 957 1233 1012 id
1251 963 1295 1014 est
1313 973 1361 1028 eo,
1384 957 1431 1027 qui
1449 957 1630 1014 conuenietur
1647 955 1700 1010 het

261 1045 378 1100 eodone.
405 1043 472 1115 quid
489 1059 564 1116 ergo,
583 1045 607 1100 si
625 1043 696 1101 forte
715 1049 790 1102 tuter
806 1045 902 1116 pupilli
914 1045 975 1116 scit,
993 1046 1052 1116 lpse
1063 1047 1183 1118 pupillus
1195 1046 1350 1116 ignorauit?
1377 1046 1529 1116 uideamus,
1547 1060 1583 1100 an
1595 1041 1702 1100 eetionl

261 1135 338 1190 locus
356 1134 400 1203 sit,
419 1139 450 1188 nt
467 1133 583 1190 scientia
600 1133 698 1190 tuteris
716 1138 828 1190 noceat:
847 1133 919 1189 idem
938 1141 967 1190 et
984 1135 1012 1190 in
1031 1141 1157 1192 curatore
1175 1133 1270 1192 furiosi
1287 1139 1317 1190 et
1334 1133 1526 1192 adulescentis.
1557 1139 1586 1190 et
1603 1138 1701 1202 putem

261 1221 393 1290 herevuns
411 1223 472 1278 istis
491 1237 588 1278 nocere
606 1223 801 1280 conscientiam
820 1227 940 1280 totorum
960 1224 1019 1280 siue
1037 1229 1203 1294 curatorum,
1221 1229 1358 1294 quetenus
1375 1223 1441 1294 quid
1453 1223 1489 1280 ad
1501 1238 1550 1278 eos
1561 1220 1701 1293 peruenit.
1723 1235 1751 1274 ιι

228 1317 243 1362 e
261 1313 407 1368 Praetereo
425 1311 566 1368 sciendum
585 1317 628 1368 est
644 1325 727 1382 posse
744 1313 853 1382 quaeri,
872 1313 946 1383 quod
964 1313 1064 1369 dicitur
1081 1314 1109 1368 in
1127 1311 1251 1368 fraudem
1269 1312 1435 1368 creditorum
1453 1312 1601 1367 alienatum
1621 1325 1703 1366 reuo-

262 1401 318 1456 cari
335 1415 431 1471 posse,
450 1400 564 1456 elidem
583 1401 639 1456 sint
656 1399 819 1457 creditores:
838 1405 867 1456 et
885 1402 909 1457 si
927 1417 999 1458 nnus
1017 1402 1136 1458 creditor
1154 1403 1190 1458 eit
1208 1417 1242 1458 ex
1260 1402 1327 1471 illis,
1345 1401 1393 1471 qui
1410 1397 1528 1456 multati
1546 1405 1622 1470 sunt,
1641 1399 1703 1454 sine

262 1489 336 1546 solus
354 1493 420 1545 tunc
438 1487 490 1550 init
506 1489 575 1559 siue,
594 1505 656 1544 cunr
674 1490 773 1546 ceteris
791 1488 962 1546 satisfactum
980 1496 1030 1560 eet,
1050 1490 1094 1547 bic
1106 1491 1180 1546 solus
1192 1491 1331 1561 remansit,
1349 1489 1520 1561 probandum
1533 1503 1596 1546 esse
1609 1487 1703 1544 adbuc

229 1583 242 1630 'l
262 1578 363 1634 eodeni
380 1576 438 1634 iore
456 1579 554 1634 iocum.
590 1578 662 1634 illud
680 1585 753 1636 certe
772 1577 888 1650 suffieit,
907 1585 936 1636 et
953 1580 976 1636 si
995 1595 1079 1636 ιιιιιιιιι
1098 1581 1151 1636 scit
1168 1579 1330 1636 creditorem
1347 1578 1477 1648 inundari,
1495 1584 1603 1634 eeteros
1622 1578 1703 1647 igne-

229 1667 347 1738 treuit,
370 1665 429 1723 iore
446 1667 537 1724 lecum
556 1667 682 1724 actioni2.
719 1667 790 1734 Quid
809 1683 889 1739 ergo,
914 1669 994 1739 aiei,
1017 1683 1099 1740 quem
1118 1669 1179 1740 quis
1198 1669 1263 1738 scit,
1282 1667 1453 1725 satisfactum
1471 1667 1535 1723 eet?
1564 1665 1752 1737 numquidne

261 1754 372 1812 deficiat
390 1757 470 1826 aetio,
488 1757 553 1825 quia
570 1757 617 1827 qui
635 1763 792 1828 supersunt,
811 1773 865 1814 non
884 1763 949 1814 sunt
966 1755 1105 1814 fraudati?
1131 1763 1160 1814 et
1176 1757 1228 1814 hoc
1246 1762 1313 1828 puto
1331 1755 1516 1828 probandum:
1534 1771 1590 1812 non
1604 1759 1704 1812 tamen

261 1845 285 1900 si
303 1845 377 1901 dicat
395 1845 506 1916 aliquis:
526 1845 632 1916 'oilero,
650 1845 724 1916 quod
742 1845 858 1902 debetur
876 1847 915 1917 ei,
934 1861 1015 1917 qoem
1034 1847 1092 1902 scio
1110 1845 1290 1918 creditorem,
1309 1845 1461 1902 audiendus
1480 1847 1545 1915 erit,
1563 1849 1597 1900 ut
1616 1844 1704 1900 ectio·

228 1939 243 1985 9
262 1947 323 1990 nem
342 1933 444 1990 eludet.
475 1933 505 1990 Si
522 1932 664 1991 fraudetur
681 1934 808 1992 heredem
827 1935 925 1992 babuit
941 1941 970 1992 et
988 1935 1096 1992 heredis
1114 1935 1187 1992 bone
1205 1936 1348 2007 uenierint,
1366 1951 1421 1992 non
1439 1935 1527 1992 estin
1546 1933 1629 1990 bonis
1642 1933 1702 2004 qni·

213 2021 314 2078 10bua
337 2023 372 2080 de
395 2024 487 2094 egitur
508 2021 611 2080 icctrm
634 2029 664 2080 et
685 2023 748 2080 ideo
773 2028 866 2080 cessat
888 2023 957 2082 haee
978 2025 1060 2080 actio.
1096 2023 1210 2096 Siquid
1228 2025 1257 2080 in
1275 2023 1399 2082 fraudem
1418 2025 1583 2080 creditorum
1603 2021 1704 2078 iecerit

261 2109 341 2184 lilius,
359 2113 406 2182 qui
424 2128 455 2168 re
472 2117 582 2182 poterat
599 2111 746 2184 abstinere,
764 2117 793 2170 et
810 2113 839 2168 in
856 2113 993 2184 integrum
1012 2115 1049 2170 sit
1067 2114 1220 2184 restitutus,
1238 2113 1313 2185 quod
1325 2129 1355 2170 re
1368 2114 1523 2184 miscuerat,
1541 2112 1587 2168 nel
1600 2112 1626 2167 si
1639 2111 1704 2181 quir
1723 2126 1752 2167 ro

261 2198 327 2256 iecit
344 2202 513 2257 uoluntarius
531 2202 632 2258 etiam¹
650 2203 694 2258 uel
713 2217 761 2272 per
778 2207 897 2258 acutam
916 2203 960 2258 uel
978 2217 1060 2272 quem
1078 2204 1158 2258 elium
1171 2219 1283 2259 causum
1297 2203 1397 2258 iustam
1409 2204 1437 2258 in
1448 2203 1586 2272 integrum
1600 2200 1704 2258 menrit

261 2291 476 2361 restitutionem,
498 2290 645 2348 dicendum
668 2292 721 2346 erit
743 2291 838 2347 utilem
861 2291 998 2348 sotionem
1023 2293 1205 2363 competere¹.
1240 2291 1313 2348 idem
1337 2297 1366 2348 el
1386 2292 1414 2347 in
1432 2306 1513 2348 seruo
1532 2290 1703 2346 noeesnrio.

262 2395 329 2436 sane
346 2395 409 2436 cum
426 2380 473 2436 ills
490 2379 666 2438 distinctione
684 2379 736 2436 hoc
754 2379 953 2438 admittendum
972 2395 1034 2436 esse
1046 2381 1139 2438 Lebeo
1151 2379 1254 2451 scribit,
1273 2386 1312 2451 ut,
1329 2381 1353 2437 si
1366 2380 1476 2451 quidem
1488 2379 1617 2450 protinus
1629 2377 1704 2434 bona

262 2469 445 2526 uendiderunt
462 2467 610 2551 creditores
628 2469 672 2526 uel
691 2467 852 2526 absentibus
869 2471 932 2526 nel⁴
945 2469 1149 2541 paciscentibus
1162 2469 1341 2527 creditoribus
1353 2485 1384 2526 se
1395 2469 1568 2526 neceseadus
1580 2467 1703 2536 miscuit,

261 2558 404 2629 utriusque
422 2556 498 2614 irene
515 2562 668 2629 reuocetur,
686 2557 715 2614 id
733 2563 777 2614 est
796 2560 935 2616 tenuioris
953 2565 982 2616 et
998 2559 1100 2630 ipsius:
1119 2559 1143 2616 el
1160 2575 1226 2616 uero
1244 2560 1320 2630 pessi
1338 2562 1403 2616 snut
1414 2557 1602 2614 neceesarium
1614 2555 1703 2612 credi·
1722 2570 1750 2612 rr

261 2651 336 2706 teres
360 2652 390 2704 et
411 2647 490 2718 quasi
514 2648 542 2704 in
566 2647 699 2704 creditum
723 2646 878 2706 hebuerunt
899 2663 999 2732 pomer
1019 2649 1079 2706 eius
1097 2649 1142 2704 uel
1160 2647 1329 2706 dulcitudine
1347 2663 1490 2704 osumrum
1508 2647 1554 2704 uel
1572 2661 1631 2718 qus
1649 2645 1703 2700 alia

215 2743 242 2787 11
262 2737 368 2792 ratione
392 2737 481 2792 secuti
503 2739 594 2806 snntl,
619 2736 765 2794 dicendum
784 2737 910 2794 estnihil
929 2739 1052 2794 renoceri
1070 2752 1104 2794 ex
1122 2736 1177 2807 bis,
1202 2751 1273 2807 quse
1290 2741 1408 2794 metatu
1425 2737 1564 2792 alienauit.
1603 2733 1635 2792 Si
1653 2734 1702 2790 im·

263 2824 351 2896 pubes
372 2826 444 2896 petri
467 2825 547 2882 heres
566 2826 688 2882 extiterit
704 2826 819 2898 eiusque
837 2827 937 2884 medei
955 2826 1028 2884 bena
1045 2831 1178 2897 ueneant,
1201 2827 1373 2896 separatione
1391 2827 1540 2897 impetrate
1556 2824 1703 2895 uniusque

216 2921 246 2966 ιι
264 2912 339 2970 ireos
357 2914 409 2970 erit
425 2914 589 2984 reuocsnde,
608 2914 704 2986 pupilli
722 2915 766 2972 uel
784 2915 867 2972 etiem
886 2916 992 2986 tutoris,
1010 2917 1076 2972 item
1095 2915 1254 2972 conueniet
1282 2912 1321 2984 si,
1339 2929 1402 2970 eum
1416 2915 1445 2970 in
1457 2913 1530 2970 diem
1543 2912 1702 2982 deberetur,

264 3001 405 3060 bendator
422 2999 554 3075 praesens
572 3003 693 3074 soluerit,
711 3003 857 3060 dicendum
875 3005 928 3060 erit
938 3005 967 3060 in
979 3019 1022 3074 eo,
1040 3003 1113 3075 qnod
1125 3004 1200 3060 sensi
1212 3004 1384 3060 commodum
1397 3004 1425 3059 in
1437 3002 1702 3074 repraesentatione,
1721 3015 1748 3056 ιι

217 3099 246 3145 1e
264 3094 293 3148 in
315 3091 418 3149 iactum
442 3093 543 3150 notioni
565 3093 655 3148 locum
679 3089 751 3150 iore:
774 3109 837 3150 nem
855 3098 965 3164 praetor
983 3092 1106 3150 fraudem
1125 3093 1259 3164 intellegit
1275 3094 1358 3150 etiam
1376 3095 1405 3150 in
1423 3098 1547 3164 tempore
1563 3089 1635 3148 fieri.
1671 3087 1701 3146 Si

265 3182 310 3238 cni
328 3183 447 3238 solutum
466 3180 576 3252 quidem
595 3198 650 3238 non
668 3178 762 3251 fuerit,
781 3181 832 3238 sed
849 3183 877 3238 in
895 3188 977 3239 oetas
995 3183 1128 3240 creditum
1146 3184 1247 3256 pignus
1264 3183 1409 3254 acceperit,
1427 3182 1479 3238 hcc
1496 3182 1608 3238 amiens
1626 3183 1701 3235 tene·

217 3279 248 3324 14
264 3269 352 3341 bitur,
375 3276 406 3326 ut
423 3275 467 3326 est
484 3270 644 3341 saepissime
662 3271 851 3328 constitutum.
887 3271 930 3343 Si,
949 3288 1011 3330 cnm
1030 3274 1126 3330 mulier
1143 3272 1357 3330 frendendornm
1375 3272 1542 3328 creditorum
1575 3262 1701 3353 leoli]

265 3359 406 3416 consilium
425 3359 535 3430 inisset,
556 3360 655 3416 manto
674 3374 725 3416 suo
744 3357 888 3430 eidemque
905 3361 1022 3418 debitori
1040 3363 1068 3418 in
1085 3361 1209 3418 incudem
1228 3361 1393 3418 creditorum
1411 3365 1558 3432 acceptum
1576 3359 1701 3415 debitum

265 3448 362 3506 iecerit
378 3449 451 3506 dotis
469 3447 677 3504 constituendae
696 3463 787 3518 ceusu
806 3449 895 3506 locum
915 3449 998 3508 babet
1014 3450 1083 3508 heec
1101 3452 1173 3508 ectio
1186 3455 1215 3508 et
1227 3467 1277 3522 per
1288 3451 1360 3508 bane
1370 3451 1460 3507 omnis
1471 3449 1600 3520 pecunie,
1619 3463 1701 3518 quem
1718 3459 1743 3500 ιι

266 3539 380 3594 maritus
398 3536 538 3608 dobnerat,
557 3537 676 3607 exigitur
693 3553 745 3594 uec
763 3539 860 3594 mulier
877 3538 912 3594 de
930 3539 995 3596 dote
1014 3539 1098 3596 babet
1115 3541 1264 3596 actionem:
1284 3555 1372 3611 neque
1384 3540 1458 3596 euim
1470 3538 1522 3594 dos
1533 3539 1562 3594 in
1574 3536 1701 3594 fraudem

267 3625 432 3684 creditorum
455 3625 646 3683 comtituenda
669 3631 726 3683 est:
754 3635 783 3682 et
810 3627 862 3684 boc
884 3634 959 3686 certe
982 3629 1084 3684 certios
1111 3633 1154 3685 est
1176 3633 1205 3686 et
1227 3629 1386 3700 saepissime
1410 3629 1602 3684 constitutum.
1626 3621 1701 3713 Kasp]

266 3717 357 3772 oritus
374 3722 466 3772 autem
485 3715 600 3772 notionis
618 3715 678 3785 erit,
696 3719 728 3771 ut
745 3717 907 3793 stipullletio,
925 3731 996 3789 quoe
1009 3721 1123 3788 eccepto
1134 3716 1208 3774 lecta
1219 3716 1316 3788 fuerat,
1335 3733 1369 3776 er
1381 3717 1489 3788 integro
1501 3717 1701 3789 interponetur.
1715 3715 1772 3770 lttl

266 3814 459 3882 amoc)

267 3938 354 3995 ¹iore
371 3940 460 3995 locum
481 3939 582 3996 auctioni
600 3941 648 3995 del.
719 3940 841 4010 ¹culinum]
861 3940 993 3996 etitem?
1062 3940 1148 3996 ’mm
1167 3939 1202 3996 de
1220 3941 1254 3996 iis
1272 3955 1343 4012 quae
1355 3939 1383 3995 in
1395 3938 1521 3996 fraudem
1534 3941 1699 3998 creditorem

266 4009 332 4066 iecit
347 4011 407 4081 ipse
425 4027 506 4082 qnam
525 4011 560 4066 de
578 4011 611 4067 iis
629 4025 701 4082 quse
718 4010 785 4067 iecit
801 4017 917 4068 testator
934 4015 1062 4066 similione
1079 4013 1225 4068 ereremum
1300 4013 1313 4047 ⁴
1330 4011 1385 4082 nel]
1403 4027 1454 4068 nec
1472 4015 1508 4074 (u.
1522 4013 1572 4080 tl?
1645 4016 1701 4068 ⁸et

266 4083 346 4208 eff
353 4085 392 4209 ἐι
409 4082 738 4225 credittrzmqaizieruffifllg.
752 4090 781 4152 ι’.)
799 4099 897 4140 nonen
916 4082 976 4139 eine
1039 4083 1127 4138 menti
1139 4087 1214 4152 (sunt
1226 4085 1273 4138 del
1287 4083 1378 4152 Hom?
1444 4085 1457 4119 ⁸
1473 4083 1542 4138 item
1555 4083 1699 4154 centoris]

266 4177 275 4209 ι
377 4171 489 4210 ruerus
520 4171 545 4208 m
565 4171 584 4209 ιι
618 4171 655 4225 pa

266 4267 514 4324 iectione'm'sed
530 4269 567 4323 Ρ
619 4267 810 4340 3pnrtioeps'
829 4268 954 4326 u'o'idem
1008 4277 1045 4325 ert
1062 4269 1107 4326 uel
1124 4269 1327 4340 paciscentibus
1344 4277 1391 4325 out
1405 4289 1457 4326 scr.
1475 4271 1521 4326 uel
1538 4270 1700 4328 absentibus

265 4338 454 4410 irsn'quidem
473 4339 510 4394 F³
567 4340 680 4396 beuret
696 4342 732 4394 F¹
789 4341 805 4396 i
842 4342 884 4410 eo]
902 4341 955 4398 hoe
1007 4355 1059 4398 neo
1070 4341 1273 4412 paciscentibus
1284 4339 1473 4412 oreditoribus,
1488 4345 1701 4402 maduo«

267 4411 483 4478 merom*
539 4413 575 4472 ,11
594 4413 735 4468 *reuocari
754 4413 791 4465 Ρ
845 4415 879 4468 12
897 4428 954 4470 cre-
1006 4421 1213 4484 repraesentor
1235 4433 1292 4469 eum
1315 4422 1458 4470 memmio
1482 4413 1588 4480 Ιιενοάε,
1612 4433 1700 4470 nomn

266 4482 378 4552 ditores]
402 4481 564 4539 creditorem
588 4483 624 4538 F¹
684 4483 819 4554 loquis
842 4485 955 4540 sciti*
1007 4493 1173 4556 eiussrpuie
1189 4492 1265 4556 paret
1279 4487 1284 4553 Ι
1300 4483 1505 4541 neceueffb'ns
1518 4486 1557 4540 F*
1606 4487 1642 4542 26
1655 4485 1701 4544 hs·

267 4557 301 4610 16
319 4551 473 4610 iranda‘n'ti
484 4554 522 4608 F’
570 4555 603 4610 17
615 4553 729 4610 olier'r'o
742 4555 779 4608 Ε*
824 4557 858 4610 18
869 4555 954 4612 non's'
1006 4553 1133 4624 buerunt]
1200 4555 1251 4622 Me
1275 4556 1400 4613 abierunt
1416 4555 1518 4612 XM‘O
1544 4565 1568 4612 et
1583 4567 1625 4614 rte
1649 4557 1701 4614 bir-

266 4624 358 4681 estF³
401 4626 437 4682 20
454 4623 528 4696 qnod
546 4624 585 4694 se]
604 4625 714 4694 quodsi
727 4627 761 4680 1⁵²¹
778 4628 783 4693 l
799 4626 869 4696 quis]
888 4627 954 4697 quid
1007 4635 1103 4691 motus,
1132 4626 1231 4684 abierit
1261 4627 1384 4699 Gluel
1408 4635 1444 4682 *a*
1467 4627 1641 4684 dulcitudine
1664 4629 1703 4684 Ρ

265 4716 282 4751 r
313 4704 388 4761 orell,
405 4695 678 4752 rlu'urirddelrruti*²
717 4699 751 4752 21
764 4697 847 4752 etiam
860 4699 906 4754 det
917 4699 955 4752 F*
1007 4697 1041 4752 2⁷
1054 4699 1193 4768 qoweF'
1240 4699 1275 4754 29
1287 4699 1443 4754 mnocando
1456 4700 1492 4752 Ρ
1508 4703 1514 4768 Ι
1530 4699 1617 4772 diem}
1629 4699 1703 4756 diem

319 4769 363 4823 uel
381 4766 541 4824 absentibus
553 4767 612 4822 ‘uel’
643 4767 824 4824 sciscentibus
839 4769 954 4826 credite·
1007 4767 1074 4824 mibi
1087 4770 1124 4824 F’
1177 4770 1212 4824 30
1229 4777 1379 4840 pressent
1390 4772 1428 4824 F’
1443 4773 1448 4838 Ι
1463 4771 1492 4826 in
1510 4771 1702 4842 eoquod1F’‚

267 4837 342 4894 ribuu
354 4838 400 4903 Ρ,
417 4839 463 4894 uel
479 4784 681 4908 percinebat
698 4839 879 4896 creditoribus
897 4842 954 4908 (det
1008 4839 1125 4909 quodie
1135 4840 1258 4910 eaquod’
1268 4841 1304 4894 F*
1345 4842 1703 4914 bieolumnrllegntomi*

267 4909 438 4978 ebsentibns)
455 4911 495 4964 Ν
511 4930 567 4966 eum
586 4911 627 4966 B:
648 4911 670 4966 εἰ
688 4910 736 4966 utu
754 4909 834 4974 cisio
856 4911 953 4982 'cupies
1007 4911 1043 4966 33
1061 4911 1158 4968 mulier
1169 4913 1214 4968 *in*
1226 4911 1440 4968 lrmoundornm
1458 4914 1496 4967 P
1550 4915 1587 4970 34
1604 4915 1703 4970 ae'ma·

266 4981 334 5052 napi
356 4983 412 5037 τῶιι
436 4981 581 5036 trascensis
601 4979 633 5035 ri
650 4982 782 5051 epirum
805 4982 820 5035 ιί
844 4993 954 5046 eruem-
1007 4980 1178 5052 rite’eeptum
1188 4983 1224 5038 F*
1259 4985 1403 5041 ddomnes
1411 4986 1447 5039 1¹⁸¹
1484 4985 1521 5041 36
1532 4983 1704 5056 doeluoeF'

267 5054 404 5110 seciurrou
422 5051 511 5116 ιιῨτῶιι
529 5051 640 5108 iuuiior:
658 5053 738 5108 esibile
756 5061 896 5109 mluua'out
907 5055 954 5110 del.
1008 5054 1044 5110 38
1061 5067 1115 5124 que
1134 5055 1160 5108 F
