3728 5452
92 257 220 308 mmo
763 236 848 318 ΒΜ
1209 238 1518 308 Hffifflwss

92 397 157 452 titor
174 398 235 452 sine
253 411 396 468 possessor
413 397 457 452 sit.
486 397 510 454 ai
527 411 593 452 uero
611 397 679 452 alter
696 411 727 452 se
745 398 842 468 solum,
860 397 929 452 alter
946 401 975 452 et
993 411 1023 452 se
1041 395 1122 468 dicat,
1140 406 1165 452 aa·
1181 397 1290 467 quidem
1308 397 1352 454 ills
1370 397 1520 454 adoleuerit

91 487 138 556 qui
155 500 187 542 se
205 486 293 542 solum
311 485 394 556 dicat,
412 485 502 543 adhuc
519 485 643 542 differtur
661 487 848 543 conhonersia
864 490 976 557 propter
993 486 1136 556 pueritiam
1155 487 1214 542 eius
1231 487 1279 558 qui
1294 493 1322 543 et
1334 502 1363 542 se
1376 487 1451 557 dicit,
1469 486 1520 542 sed

92 574 238 646 deporta,
262 591 317 632 non
335 575 370 654 de
388 580 461 632 toto:
485 575 520 632 de
537 581 615 646 parte
633 577 705 632 enim
723 577 817 646 utique
834 591 886 631 nec
903 575 1033 645 litigatur.
1064 575 1138 646 quod
1155 576 1180 632 al
1197 577 1242 632 ille
1260 577 1411 632 adoleuerit
1427 575 1474 646 qui
1492 579 1521 630 et

90 678 121 718 sa
141 663 223 734 dicit,
245 664 290 720 dle
308 663 434 734 impubes
451 666 488 720 sit
504 665 552 735 qui
569 680 600 721 so
618 665 706 722 solum
724 665 804 736 dicit,
827 680 883 720 non
900 663 1027 728 differtrm
1041 665 1240 720 controuersia:
1259 680 1310 721 nec
1328 666 1399 720 enim
1418 665 1521 734 patitur

89 751 218 822 impubes
235 755 325 808 status
343 754 565 824 controuersiam,
583 753 633 823 sed
650 751 724 825 facit,
743 769 805 808 cum
823 752 867 808 hic
884 751 972 824 pubes
990 758 1019 809 et
1036 769 1066 809 se
1079 753 1160 822 dicat,
1178 755 1253 810 illum
1265 769 1319 810 non
1331 758 1415 824 neget
1425 751 1519 808 filium.
1539 761 1552 802 ⁵

88 839 120 896 Si
141 841 205 911 quis
227 841 296 898 liber
318 848 347 898 et
364 843 443 898 heres
461 858 523 900 esse
541 843 632 898 iussus
650 847 739 899 ratus
757 843 970 898 controuersiam
988 841 1123 912 impuberi
1140 841 1237 914 faciat,
1259 845 1306 913 qui
1323 841 1394 900 filius
1412 859 1474 899 ease
1492 849 1521 898 et

88 933 285 986 mantum
307 932 393 1002 patris
414 933 520 1002 rupisse
538 932 651 1002 dicitur,
675 932 796 988 Iulianus
814 931 853 986 ait
869 936 984 1002 utraque
1002 931 1103 988 iudicia
1121 936 1149 986 et
1166 930 1323 988 hereditatis
1342 937 1370 988 et
1387 931 1519 988 libertatis

87 1019 118 1074 in
140 1023 252 1088 tempus
269 1020 422 1090 pubertatis
440 1021 603 1078 differenda:
627 1026 754 1076 neutrum
772 1020 845 1076 enim
863 1036 956 1076 eornm
975 1021 1015 1077 ita
1031 1020 1162 1092 explicari
1179 1025 1283 1092 potest,
1306 1026 1409 1078 utnon
1428 1021 1519 1077 eondi-

87 1107 164 1164 cioni
181 1110 250 1179 eiua,
267 1109 314 1179 qui
332 1125 363 1166 se
378 1108 462 1166 filium
475 1125 537 1168 asse
549 1109 705 1181 contendat,
723 1109 932 1181 praeiudicatur.
960 1116 1068 1168 ceterae
1080 1124 1188 1180 quoquc
1200 1108 1333 1166 libertatis
1346 1111 1519 1180 quaestiones

86 1212 125 1254 ex
149 1202 316 1254 testamento
333 1199 486 1270 pendentes
504 1200 532 1256 in
549 1204 658 1270 tempus
675 1198 828 1269 pubertatis
845 1199 1014 1256 differuntur.
1051 1198 1120 1256 Cum
1138 1203 1244 1254 extaret
1261 1199 1401 1270 impubes,
1424 1200 1471 1270 qui
1489 1215 1519 1255 ee
1540 1209 1567 1249 1⁰

86 1284 176 1342 filium
199 1285 322 1344 defuncti
345 1289 462 1358 diceret,
486 1287 678 1360 debitoresque
702 1293 805 1358 negent
827 1303 889 1344 eum
908 1286 993 1344 filium
1011 1303 1073 1344 esse
1091 1285 1213 1344 defuncti
1230 1293 1259 1342 et
1275 1289 1398 1344 intestati
1415 1287 1520 1354 heradi-

87 1380 178 1432 tatsm
195 1375 232 1432 ad
249 1376 408 1448 adgmmm
427 1379 474 1448 qui
492 1375 561 1434 forte
578 1382 655 1434 trans
672 1393 747 1432 mare
765 1376 861 1448 aberit,
879 1378 1028 1446 pertinere:
1047 1377 1230 1434 necessarium
1248 1377 1300 1432 erit
1317 1392 1403 1448 puero
1419 1376 1520 1433 Carbo·

87 1465 203 1522 nissum
221 1465 350 1522 edictam.
382 1466 432 1521 sed
450 1471 479 1522 et
496 1466 604 1522 absenti
621 1467 673 1522 erit
689 1466 923 1538 prospiciendum,
941 1470 974 1522 nt
990 1467 1081 1522 cautio
1098 1471 1261 1536 praestetur.
1296 1466 1409 1522 Missum
1427 1471 1520 1522 autem

86 1569 123 1610 ex
136 1552 310 1612 Carboniano
328 1531 363 1612 id
373 1556 574 1626 pomessionom
593 1555 705 1612 student
721 1560 861 1628 praetores
879 1570 1064 1626 possessorem
1077 1556 1251 1612 constituere.
1278 1554 1351 1626 quod
1364 1555 1388 1610 si
1400 1555 1521 1626 eoeperit

87 1649 137 1700 aut
159 1643 341 1700 hereditatem
361 1649 455 1716 petere
473 1644 552 1716 quasi
569 1644 702 1701 bonorum
719 1660 862 1716 possessor
880 1643 1067 1716 Carbonianus
1085 1648 1133 1700 aut
1150 1645 1272 1714 singulas
1289 1659 1347 1716 res,
1369 1645 1520 1700 rectissime
1538 1653 1566 1694 rs

86 1733 212 1788 lulianus
228 1731 298 1788 libro
310 1734 460 1790 uicensimo
471 1737 569 1804 quarto
581 1733 750 1804 digestorum
762 1733 857 1790 scribit
868 1734 1028 1806 exceptione
1041 1748 1103 1788 enm
1115 1733 1357 1790 summouendum:
1376 1737 1520 1789 contentus

87 1823 162 1878 enim
185 1837 247 1877 esse
265 1819 349 1878 debet
365 1821 418 1878 hae
434 1823 640 1894 praerogatiua,
663 1821 737 1894 quod
754 1838 940 1893 possessorem
958 1838 1021 1878 eum
1038 1826 1148 1894 praetor
1165 1823 1299 1892 tantisper
1317 1823 1466 1878 constituit.
1496 1823 1520 1880 si

87 1911 175 1981 igitur
192 1911 252 1966 uult
268 1909 449 1966 hereditatem
467 1916 516 1967 aut
533 1912 655 1983 singulas
673 1928 717 1968 res
735 1917 842 1982 petere,
862 1916 952 1982 petat,
969 1911 1069 1982 inquit,
1088 1911 1192 1968 duecte
1210 1912 1317 1967 actione
1335 1912 1414 1981 quasi
1431 1912 1519 1983 heres,

88 2005 173 2056 ntea
189 2000 322 2070 petitione
340 1999 454 2056 iudicari
471 2001 572 2072 possit,
596 2018 632 2056 an
649 2001 728 2070 quasi
746 2016 781 2058 ex
797 2000 890 2056 liberis
907 1999 986 2056 heres
1004 2001 1054 2070 sit,
1075 2015 1110 2056 ne
1128 2001 1313 2072 praesumptio
1332 1999 1520 2056 Carbonianae

88 2087 224 2146 bonorum
242 2089 423 2159 possessionis
441 2089 567 2146 iniuriam
585 2089 749 2146 aduersariis
767 2091 877 2146 afferat:
896 2105 966 2160 quae
984 2091 1121 2146 sententia
1138 2087 1222 2144 habet
1239 2089 1372 2144 rationem
1386 2094 1416 2145 et
1427 2090 1519 2160 aequi-
1538 2099 1567 2140 so

87 2181 185 2234 tatem.
215 2177 291 2234 llaec
308 2182 400 2234 sutem
413 2179 551 2248 possessio
564 2179 635 2234 intra
652 2194 753 2234 aunum
767 2178 856 2248 datrrr,
875 2179 956 2235 sicuti
967 2178 1119 2234 ordinariae
1132 2193 1248 2248 quoque,
1266 2193 1337 2248 quae
1349 2177 1441 2234 liberis
1453 2179 1518 2234 dan-

88 2271 145 2336 tur,
167 2267 241 2322 intra
258 2282 360 2324 annum
378 2266 486 2324 dautur.
522 2267 578 2324 Sed
597 2267 608 2340 ΙΙ
626 2265 763 2340 oportebit
780 2268 866 2338 hunc,
884 2269 931 2339 qui
948 2284 979 2324 se
997 2266 1081 2324 filium
1100 2267 1174 2338 dicit,
1193 2267 1354 2323 nouaclum
1372 2265 1518 2324 Carbonia
1536 2269 1616 2321 tlte

88 2372 150 2411 nam
170 2354 305 2412 bonorum
322 2357 524 2428 possessionem
542 2357 679 2428 accipere,
700 2372 795 2414 uerum
814 2357 896 2414 etiam
915 2356 1078 2414 ordinariam
1096 2371 1254 2426 agnoscere.
1291 2356 1409 2412 Currant
1426 2361 1518 2414 autern

88 2449 213 2515 tempora
230 2444 267 2500 ad
285 2451 429 2516 utramque
446 2445 579 2502 bonorum
597 2446 798 2516 possessionem
817 2447 974 2517 separatim,
991 2445 1143 2502 ordinariae
1161 2445 1281 2516 qnidam,
1298 2461 1334 2502 ex
1346 2461 1400 2516 quo
1412 2451 1518 2516 patrem

88 2549 168 2590 sunm
187 2533 340 2592 decessisse
358 2535 412 2590 scit
428 2540 458 2590 et
473 2533 632 2590 facultatem
646 2533 779 2592 bonorum
791 2535 973 2606 possessionis
984 2535 1121 2606 petendae
1131 2533 1235 2606 habuit,
1253 2533 1440 2592 Carbonianae
1452 2551 1518 2594 uero
1537 2544 1566 2586 tt

88 2637 122 2678 ex
138 2638 174 2678 eo
192 2627 325 2694 tempore,
346 2639 382 2678 ex
399 2639 454 2694 quo
471 2625 685 2680 controuersiam
704 2623 757 2680 sibi
774 2623 832 2680 fieri
850 2625 989 2694 cognouit

137 2711 283 2768 larmirus
305 2711 375 2768 libro
398 2713 547 2768 uicensimo
569 2719 666 2784 quarto
687 2713 865 2786 digestorum.
900 2713 967 2770 ldeo
985 2723 1010 2768 aa·
1028 2728 1063 2770 ex
1079 2713 1168 2784 prima
1184 2717 1263 2784 parte
1280 2713 1363 2770 edicti
1381 2709 1518 2798 Q
1537 2718 1572 2773 S*

87 2798 222 2856 bonorum
239 2802 442 2872 possessionem
459 2805 531 2858 non¹
549 2802 673 2874 petierit,
697 2803 765 2858 alias
788 2802 887 2872 poterit
910 2817 945 2856 ex
969 2803 1094 2872 sequenti
1111 2807 1190 2873 parte
1208 2802 1291 2858 edicti
1309 2802 1345 2857 ad
1362 2805 1517 2874 exemplum

88 2888 254 2946 Carboniani
271 2890 396 2960 accipere
414 2889 546 2946 bonorum
563 2891 774 2961 possessionem,
792 2891 859 2968 alias
878 2907 933 2948 non
950 2893 1059 2962 poterit
1086 2909 1149 2948 nam
1167 2892 1191 2948 si
1203 2890 1346 2948 confestim
1358 2898 1421 2962 post
1432 2893 1517 2963 patris

88 2985 203 3034 mortem
222 2980 411 3036 controuersia
429 2981 455 3036 ei
471 2977 545 3035 facta
562 2978 652 3052 fuerit,
671 2997 707 3035 an
724 2980 796 3034 inter
812 2979 912 3036 liberos
926 2979 1059 3036 bonorum
1070 2982 1273 3052 possessionem
1285 2982 1409 3052 accipere
1421 2981 1517 3052 possit,
1536 2990 1565 3031 so

87 3068 167 3124 simul
190 3067 227 3124 ad
251 3068 393 3138 utriusque
415 3067 497 3124 edicti
519 3085 632 3124 oausam
654 3085 742 3124 annus
764 3069 881 3124 cessisse
902 3068 1053 3125 uidebitur:
1077 3071 1100 3126 si
1122 3086 1188 3126 nero
1211 3071 1371 3141 interposito
1394 3075 1517 3140 tempore

86 3157 181 3212 scierit
197 3155 413 3212 conhoueraiam
431 3156 484 3214 sibi
502 3158 614 3228 moueri,
632 3158 733 3228 poterit
750 3159 832 3213 ctiam
851 3156 928 3212 finito
945 3162 1082 3230 tempore,
1101 3159 1173 3216 intra
1189 3159 1263 3230 quod
1281 3175 1316 3214 ex
1333 3160 1421 3229 prima
1438 3164 1517 3230 parte

88 3244 221 3302 bonorum
239 3246 441 3316 possessionem
460 3252 616 3318 acceperat,
638 3262 673 3302 ex
695 3247 820 3316 sequenti
844 3245 977 3302 bonomm
999 3249 1200 3318 possessionem
1223 3253 1326 3318 petere.
1353 3264 1434 3318 quarn
1454 3263 1516 3304 cum

87 3335 233 3406 acceperit,
251 3338 385 3405 perpetuo
402 3335 749 3406 possessoriis'acticnibus
767 3341 873 3392 utetur:
891 3336 983 3392 sedai
1000 3341 1064 3406 poet
1080 3335 1254 3407 pubertatem
1266 3342 1362 3393 contra
1373 3351 1435 3392 eum
1448 3337 1517 3393 iudi-

87 3429 179 3482 catum
198 3421 288 3492 fuerit
306 3423 515 3494 denegabantur
531 3425 558 3480 ei
575 3426 704 3480 arbones.
1535 3433 1564 3475 ³⁵

138 3512 292 3569 Casurus
313 3511 381 3568 libro
399 3513 628 3584 quadragensimo
645 3515 733 3584 primo
751 3512 788 3568 ad
805 3513 935 3569 edictum.
970 3512 1027 3570 Sed
1045 3515 1069 3570 si
1086 3515 1119 3584 is,
1139 3515 1187 3584 qui
1204 3518 1360 3571 controuer-
1378 3509 1516 3597 Q
1535 3517 1556 3572 S

86 3601 155 3658 siam
173 3599 310 3672 impuberi
327 3598 401 3670 facit,
419 3616 454 3657 ex
471 3601 563 3658 liberis
581 3603 625 3672 sit,
644 3602 760 3672 eueniet,
779 3607 819 3673 ut,
837 3603 896 3658 siue
915 3608 1013 3660 oaneat
1029 3603 1083 3676 hic,
1104 3603 1149 3660 cui
1166 3607 1255 3658 status
1273 3602 1304 3658 lit
1321 3605 1515 3673 conhouersia,

86 3691 144 3746 sine
163 3706 220 3746 non
237 3693 344 3760 uuest,
362 3695 484 3746 attamen
502 3692 581 3746 simul
599 3692 636 3747 sit
653 3692 681 3747 in
697 3692 908 3760 possessionem.
936 3692 965 3748 Si
983 3691 1108 3762 impubes
1120 3707 1175 3748 non
1187 3690 1350 3748 defendatur
1360 3691 1516 3761 idcircoque

86 3781 187 3835 missus
205 3780 242 3834 sit
258 3781 288 3834 iu
304 3779 506 3850 possessionem
531 3780 614 3835 otiam
638 3779 811 3836 aduersarius
833 3781 905 3852 eius,
930 3780 1052 3836 acdones
1074 3780 1253 3836 hereditarias
1275 3781 1336 3850 quis
1359 3779 1517 3836 exercebit?

86 3873 114 3924 et
129 3869 170 3925 ait
188 3869 310 3925 Iulianus
327 3867 396 3924 libro
414 3868 563 3924 uicensimo
581 3874 678 3938 quarto
701 3868 871 3940 digestorum
894 3876 1046 3925 curatorem
1070 3870 1199 3926 constitui
1221 3869 1334 3939 debere,
1356 3869 1403 3938 qui
1425 3869 1517 3924 omnia
1534 3878 1563 3918 4⁰

85 3959 181 4016 curet’
199 3958 322 4014 actiones
339 3962 475 4014 exerceat
502 3956 621 4028 denique
639 3957 734 4014 scribit
751 3959 834 4014 etiam
852 3973 924 4024 eum,
943 3959 990 4029 qni
1008 3974 1070 4014 eum
1088 3958 1228 4029 impubere
1240 3959 1340 4014 missus
1352 3962 1395 4012 est
1407 3958 1435 4012 in
1453 3973 1515 4029 pos·

85 4049 252 4118 sessionem,
276 4047 398 4103 actiones
419 4061 502 4118 posse
525 4045 658 4102 aduersus
681 4048 850 4104 curatorsm³
867 4047 1009 4104 intendere
1026 4063 1079 4104 neo
1096 4063 1158 4104 esse
1176 4046 1387 4119 prohibendum:
1412 4048 1514 4102 nullum

84 4138 157 4193 enirn
181 4151 233 4208 per
255 4134 308 4192 hoc
328 4135 526 4207 praeiudicium
550 4135 694 4192 hereditati
717 4135 789 4194 fieri:
811 4153 875 4192 nam
899 4141 928 4192 et
951 4125 1084 4193 aduersus
1106 4137 1196 4208 ipsum
1217 4137 1377 4208 pupillum⁴‚
1401 4137 1425 4192 si
1447 4137 1515 4192 satis

84 4241 289 4313 MOEQW

86 4385 178 4456 ¹ntarr]
198 4385 272 4440 intra
289 4401 390 4441 annum
408 4388 453 4454 (τ.
465 4398 551 4442 mura:
568 4387 686 4440 similiter
703 4385 879 4451 Zoaanetaalf
941 4385 1000 4441 ’et
1017 4393 1064 4440 ins.
1083 4385 1118 4452 (a.
1132 4387 1160 4453 ι’.)
1221 4385 1318 4440 ⁸idem
1338 4381 1448 4440 Graeci:
1466 4381 1514 4440 ad·

84 4473 182 4514 nsrsus
201 4461 355 4513 curatorem
373 4457 419 4514 del
489 4457 583 4512 ‘nam
601 4461 629 4512 et
646 4457 706 4528 ipse
722 4456 861 4527 pupillus?
1371 4482 1378 4498 ·

84 4599 157 4670 let]
176 4603 221 4656 est
238 4600 275 4653 F‘
291 4603 296 4664 Ι
312 4599 346 4669 ai]
365 4599 419 4663 IK,
437 4599 462 4654 is
479 4599 539 4666 lQ,
557 4598 600 4654 his
618 4599 652 4664 E,
669 4598 773 4663 nona
826 4598 932 4664 FDIK,
955 4601 1032 4653 curet
1054 4601 1083 4652 et
1106 4597 1144 4662 Ε,
1168 4611 1231 4652 cure
1257 4595 1281 4652 C
1333 4597 1513 4654 diaeticum

83 4692 132 4728 aaa.
145 4679 212 4726 infer
223 4673 277 4725 alio
289 4669 333 4724 D:
353 4670 375 4725 εἰ
393 4671 440 4724 u'sa
461 4669 476 4725 ὁ
493 4671 576 4736 abrosa
594 4669 689 4733 ὲΔγτὸκ
709 4669 771 4724 sisar
825 4685 907 4740 posse
924 4669 986 4741 seq]
1007 4671 1071 4723 idem
1086 4668 1195 4723 Graeci:
1214 4667 1263 4738 ἔχει
1284 4666 1337 4722 aar'
1356 4667 1437 4731 Α’γτοῨ
1454 4669 1513 4738 (τοῨ

82 4743 167 4798 absos
187 4741 276 4798 l'ssst'lcel
296 4741 322 4796 B
341 4741 449 4809 (Aaron.)
503 4743 537 4796 10
554 4741 774 4812 wadentsrffl
826 4739 1006 4811 aorpl'arccpoc)
1029 4738 1131 4804 &smper
1155 4738 1170 4792 ὁ
1192 4737 1322 4794 darilrsoc
1344 4739 1391 4802 τοῨ
1413 4739 1514 4804 iaetus

83 4815 117 4870 ll
136 4811 325 4882 debitoresqui
343 4813 377 4867 ll
398 4815 454 4876 (em.
467 4807 526 4878 β’)
581 4813 615 4868 13
633 4813 672 4882 ut]
692 4818 720 4867 et
738 4813 774 4864 l*
826 4813 853 4866 B
871 4811 993 4882 (Anca),
1017 4831 1075 4865 nom
1099 4831 1128 4865 ec
1146 4811 1287 4866 actionibus
1295 4813 1416 4884 sarmul
1433 4820 1514 4866 octio-

82 4885 118 4941 20
136 4883 244 4942 auleas
256 4885 296 4938 F’
339 4883 374 4939 21
392 4882 484 4940 liberie
497 4883 610 4939 dantum
621 4885 659 4937 F·
703 4883 737 4938 27
750 4883 774 4938 si
825 4903 895 4948 nem,
918 4889 947 4936 ut
970 4885 1057 4956 aliquo
1078 4889 1177 4936 ratium
1194 4889 1341 4937 consisteret
1359 4889 1514 4937 enuntiatam

82 4955 336 5086 illai‘ifaflss
354 4953 773 5096 ⁰²39Di¹la³⁸r=⁸s¹slfilli
825 4951 1278 5096 tistltttlllthlllr
1294 4952 1513 5086 ltlltsel

1241 5110 1303 5168 20}
