4350 5438
290 280 335 328 sn
357 279 598 330 excusarroue
620 277 794 330 humanm
848 305 850 308 -
960 256 1046 340 917
1519 264 1564 331 ,L
1586 264 1724 330 53-11

290 421 371 491 gnlas
388 435 443 476 non
463 420 580 476 minores
599 421 694 476 decem
713 421 816 476 milium
835 419 996 492 modiorum,
1015 421 1103 477 donec
1120 421 1172 477 has
1190 437 1276 478 naues
1295 422 1427 491 nauigant
1445 415 1495 477 ant
1508 422 1578 478 aliae
1590 423 1619 478 in
1631 437 1724 478 aarum

290 511 395 580 locum,
419 510 539 566 muneris
561 509 663 580 publici
686 511 794 566 amatio
816 515 973 580 praestatur
996 509 1032 565 ob
1053 525 1161 572 nauem.
1195 517 1337 566 senatores
1355 506 1446 566 antem
1465 511 1536 566 hauc
1552 512 1724 567 uacationem

291 598 393 654 habere
411 614 465 654 non
484 603 608 670 possunt,
627 599 700 669 quod
720 599 730 670 l
751 613 802 654 nec
819 597 920 654 babere
938 600 991 654 illis
1009 615 1108 655 nauem
1127 615 1162 655 ex
1179 601 1241 670 lege
1259 600 1328 656 Iulia
1345 600 1557 671 repetundarum
1576 601 1647 656 licet.
1742 613 1759 660 f.
1770 608 1823 660 442¹

253 688 273 746 4
345 688 498 743 Nummus
516 686 585 743 libro
603 688 691 758 primo
709 687 938 744 membranarum.
975 689 1096 758 Tempus
1114 690 1282 759 uacationis,
1304 689 1378 760 quod
1397 689 1478 744 datur
1496 690 1536 745 eis
1554 690 1601 759 qui
1618 689 1658 744 rei
1676 705 1725 760 pu·
1743 690 1764 745 S

291 777 380 834 blicae
401 792 485 832 cansa
504 775 644 846 afuerunt,
670 794 724 834 non
743 794 777 834 ex
795 793 829 834 eo
847 777 892 832 die
910 777 1108 833 numerandum
1127 784 1183 848 est,
1207 793 1262 848 quo
1280 779 1342 846 quis
1360 777 1458 834 abesse
1476 779 1570 848 desiit,
1594 777 1644 834 sed
1662 794 1724 834 cum
1743 796 1757 835 s

291 864 411 936 quodam
429 867 586 922 laxamento
604 867 723 922 itineris:
741 882 831 938 neque
850 867 922 922 enim
941 867 1031 922 miuus
1050 867 1148 922 abesse
1167 868 1207 922 rai
1223 867 1349 937 publicae
1364 883 1449 924 causa
1460 867 1660 938 intellegendus
1673 872 1724 937 est,

291 957 339 1026 qui
363 955 397 1012 ad
421 955 464 1010 id¹
484 956 624 1026 negotium
648 958 693 1012 uel
717 956 752 1012 ab
771 971 804 1012 eo
823 957 978 1012 reuertitur.
1011 956 1035 1011 si
1053 956 1115 1026 quis
1132 961 1224 1012 umen
1242 957 1304 1027 plus
1322 957 1395 1012 lusto
1413 958 1545 1028 temporis
1563 963 1611 1012 ant
1629 957 1725 1012 itinera

291 1045 385 1100 autin
404 1045 475 1100 alic²
492 1046 553 1100 loco
576 1051 760 1102 commoratus
778 1045 992 1117 consumpserit,
1014 1046 1055 1100 ita
1072 1060 1106 1100 ea
1123 1046 1329 1116 interpretanda
1347 1047 1424 1116 erit⁸,
1450 1053 1481 1102 ut
1498 1062 1532 1101 ex
1551 1061 1583 1102 cn
1602 1052 1725 1116 tompore

291 1135 444 1190 uacaticrds
463 1134 522 1190 dies
539 1135 653 1204 incipiat
670 1135 695 1190 ei
713 1135 819 1205 cedere,
838 1151 893 1205 quo
911 1135 963 1190 iter
981 1149 1014 1190 ex
1033 1135 1176 1191 commodo
1194 1150 1327 1206 peragere
1345 1137 1489 1206 potuisset.
1744 1151 1757 1192 a

254 1222 274 1281 5
345 1225 452 1279 Manna
472 1222 542 1280 libro
565 1223 686 1278 secundo
705 1222 739 1278 de
758 1221 848 1280 officio
866 1223 1009 1294 praesidis.
1046 1223 1072 1278 A
1090 1223 1283 1295 decurionatn,
1307 1225 1433 1294 quamuis
1451 1224 1495 1280 hic
1513 1239 1622 1295 qnoque
1639 1223 1726 1280 honor
1743 1227 1783 1303 Ss

291 1317 343 1384 ast,
361 1312 396 1368 ad
413 1313 496 1368 alium
514 1312 644 1368 honorem
662 1313 765 1368 nullam
783 1313 955 1370 uacationem
973 1311 1146 1368 tribuendam
1166 1312 1298 1384 Ulpianus
1316 1313 1466 1383 respondit.

254 1401 274 1460 6
344 1402 526 1458 Paemmuus
547 1400 617 1457 libro
640 1402 761 1458 secundo
786 1403 987 1471 quaestionum.
1023 1402 1073 1472 Hi,
1096 1403 1143 1472 qui
1167 1403 1286 1458 muneris
1304 1403 1406 1473 publici
1424 1403 1596 1460 uacationem
1614 1401 1725 1472 habent,
1744 1404 1770 1458 P

293 1491 329 1547 ad
347 1507 389 1561 ca,
407 1493 478 1560 duae
497 1495 575 1546 extra
592 1490 713 1546 ordinem
733 1492 909 1562 imperantur,
928 1492 1053 1562 compelli
1071 1506 1126 1547 non
1144 1493 1242 1548 solent.

256 1578 275 1638 7
346 1581 423 1636 lnreu
445 1579 515 1635 libro
537 1580 698 1650 trigensimo
723 1585 802 1636 sexto
825 1581 1024 1656 quaestionum.
1061 1582 1087 1635 Α
1110 1580 1283 1650 muneribus,
1307 1595 1379 1651 quae
1396 1595 1451 1636 non
1469 1579 1640 1651 patrimoniis
1658 1579 1726 1634 indi·
1744 1585 1771 1639 P

293 1673 401 1737 cuntur,
422 1670 545 1724 ueterani
563 1673 628 1739 post
645 1669 741 1740 optimi
760 1670 845 1725 nostri
865 1668 959 1725 Seueri
978 1670 1099 1739 Augusti
1117 1670 1222 1727 litteras
1240 1676 1374 1740 perpetuo
1392 1675 1567 1726 excusantur.
1746 1689 1773 1728 rs

255 1755 276 1816 8
346 1758 423 1812 loeus
446 1757 514 1814 libro
536 1759 624 1828 primo
647 1773 848 1828 responsorum.
884 1757 916 1812 ln
940 1757 1089 1814 honoribus
1112 1759 1210 1816 delatis
1234 1775 1323 1829 neque
1348 1759 1434 1815 maim
1454 1759 1533 1814 annis
1552 1757 1728 1828 septuaginta
1744 1762 1771 1816 P

293 1861 383 1916 neque
406 1853 485 1917 pater
508 1863 621 1904 numero
645 1849 765 1918 quinque
788 1847 933 1903 liberorum
958 1852 1114 1904 excusatur.
1147 1848 1196 1903 sed
1218 1849 1247 1904 in
1269 1848 1339 1904 Asia
1362 1848 1546 1904 sacerdotium
1569 1846 1727 1918 prouinciae

293 1937 434 2007 suscipere
458 1953 513 1992 ncn
537 1942 672 2007 coguntur
695 1951 809 1992 numero
832 1936 978 1992 liberorum
1001 1937 1121 2006 quinque
1145 1936 1268 1992 subnixi:
1297 1937 1370 2007 quod
1394 1938 1514 2008 optimus
1537 1937 1727 2004 maximusque

292 2028 420 2097 princeps
437 2032 530 2084 noster
548 2025 667 2082 Seuerus
684 2026 829 2096 Augustus
847 2025 970 2082 decreuit
988 2041 1021 2081 ac
1037 2031 1136 2095 postea
1153 2026 1180 2082 in
1199 2027 1297 2082 ceteris
1315 2026 1464 2097 prouinciis
1482 2023 1648 2082 seruandum
1665 2038 1727 2078 esse

229 2167 230 2174 ,
261 2116 444 2172 lconstituit.
481 2117 542 2172 Non
564 2115 632 2172 alios
655 2113 716 2172 fisci
739 2115 915 2184 uectigalium
939 2115 1127 2185 redemptores
1150 2132 1168 2170 a
1191 2115 1348 2170 muneribus
1372 2115 1499 2172 ciuilibus
1519 2131 1553 2170 ac
1569 2114 1662 2170 tutelis
1680 2128 1726 2168 ex·
1746 2129 1774 2170 so

260 2206 384 2260 acnsnri
401 2205 512 2275 placuit,
533 2220 615 2275 quam
633 2219 690 2273 eos,
709 2205 756 2274 qui
774 2209 933 2275 praesentes
951 2204 1091 2274 negotium
1109 2210 1277 2260 exercerent.
1314 2203 1495 2260 Uacationum
1511 2203 1655 2274 priuilegia
1672 2217 1727 2257 non
1752 2215 1753 2218 ’

261 2299 420 2364 aspectant
436 2293 536 2349 liberos
554 2297 755 2350 ueteranorum.
789 2293 841 2360 Qui
859 2293 979 2348 muneris
997 2293 1098 2364 publici
1117 2294 1289 2349 uacationem
1308 2293 1400 2363 habet,
1417 2309 1467 2364 per
1484 2294 1569 2362 magi·
1589 2287 1727 2375 [Qff]

294 2387 398 2438 cuatus
415 2399 450 2440 ex
468 2385 607 2454 inprouiso
626 2383 784 2439 collationes
802 2383 919 2438 indictas
938 2386 1011 2438 recte
1024 2389 1146 2438 recusat:
1165 2397 1212 2438 eas
1226 2397 1300 2453 uero,
1319 2397 1389 2452 quae
1402 2383 1491 2451 alege
1504 2380 1580 2452 liunt,
1599 2395 1727 2436 recusare

260 2480 276 2527 4
294 2487 349 2528 uon
368 2472 459 2528 debet.
490 2472 670 2543 Philosophia,
689 2473 736 2543 qul
754 2487 784 2528 ss
802 2471 960 2542 frequentes
978 2478 1061 2542 atquc
1080 2472 1160 2527 utiles
1177 2486 1227 2542 per
1244 2471 1360 2528 eandem
1379 2470 1532 2526 studiorum
1550 2476 1654 2526 sectam
1675 2466 1727 2553 [fij

294 2561 523 2618 contendentibus
541 2561 688 2632 praebent,
711 2563 826 2633 tutelas,
844 2562 909 2617 item
929 2577 1043 2617 munera
1061 2561 1172 2616 sordida
1190 2562 1341 2631 corporalia
1358 2561 1460 2616 remitti
1477 2561 1593 2631 placuit,
1611 2575 1666 2616 non
1684 2575 1726 2631 aa,
1745 2575 1775 2615 ss

294 2666 366 2722 quac
384 2651 539 2722 sumptibus
556 2651 750 2722 expediuntur:
772 2651 872 2707 etenim
892 2665 957 2706 uere
975 2650 1198 2722 philosophantes
1216 2653 1360 2722 pneumam
1379 2653 1570 2719 contemnunt,
1589 2649 1667 2704 cuius
1685 2665 1726 2705 re·

260 2739 422 2798 utinendae
446 2741 573 2812 cupidine
597 2739 688 2796 ficum
714 2741 950 2797 adseuerationem
974 2740 1116 2810 detegunt.
1152 2741 1204 2808 Qui
1228 2740 1361 2796 maximos
1379 2740 1514 2810 principes
1533 2739 1682 2810 appellauit
1698 2744 1727 2796 et

294 2847 407 2888 cansam
429 2831 567 2902 propriam
588 2835 700 2886 acturus
717 2831 830 2886 Βοωαηι
847 2828 987 2901 profectus
1004 2834 1060 2886 est:
1084 2830 1175 2900 quoad
1194 2829 1313 2900 cognitio
1331 2828 1418 2886 finem
1432 2828 1563 2899 accipiat,
1588 2827 1624 2884 ab
1641 2828 1726 2884 honn-

295 2921 371 2976 ribus
391 2925 420 2976 ct
437 2919 562 2982 ciuilibus
581 2919 739 2975 muneribus
757 2919 831 2990 apud
850 2935 915 2976 suos
933 2922 1089 2975 excusatur.
1348 2954 1350 2960 ·
1745 2932 1774 2974 ss

257 3005 277 3064 9
348 3011 467 3066 Pennus
484 3009 553 3066 libro
571 3009 659 3079 primo
677 3024 879 3079 responsorum.
915 3009 984 3078 Eos,
1008 3009 1055 3077 qui
1072 3008 1176 3064 Romae
1194 3005 1370 3078 profitentur,
1392 3006 1505 3078 proinde
1523 3007 1551 3062 in
1569 3005 1658 3077 patria
1675 3021 1727 3061 sua
1746 3009 1771 3061 P

262 3106 276 3151 1
295 3100 421 3154 excusari
442 3097 600 3154 muneribus
624 3102 763 3168 oportere,
789 3113 822 3153 ac
844 3098 867 3152 si
890 3097 919 3153 in
936 3097 1025 3168 patria
1043 3112 1094 3152 sua
1111 3095 1311 3167 profiterentur.
1341 3097 1442 3152 Paulus
1460 3095 1601 3167 respondit
1618 3095 1726 3167 priuile-

295 3189 371 3259 gium
389 3187 574 3244 frumentariis
591 3185 807 3257 negotiatoribus
825 3201 985 3242 conoessum
1004 3185 1086 3242 etiam
1106 3185 1141 3242 ad
1159 3185 1276 3241 bonores
1293 3186 1466 3242 excusandos
1483 3187 1628 3256 pertinere.

237 3275 278 3334 10
349 3277 426 3332 lanu
450 3277 519 3332 libro
536 3278 624 3347 primo
644 3276 849 3332 sententiarum.
886 3273 931 3330 Ab
949 3275 991 3330 bis
1009 3273 1151 3346 oneribus,
1175 3289 1245 3344 quae
1263 3274 1483 3346 possessionibus
1501 3275 1544 3330 uel
1563 3274 1726 3344 patrimonio
1746 3277 1772 3330 P

262 3376 274 3420 1
295 3366 459 3436 indicuntur,
479 3367 552 3422 nulla
569 3366 713 3436 priuilegia
725 3365 1058 3435 praestantuacationem.
1088 3364 1194 3435 Corpus
1206 3366 1412 3420 mensurarnm⁴
1424 3363 1553 3419 frumenti
1571 3351 1727 3438 &iffi

260 3457 374 3512 uiuxta
396 3471 531 3512 annonam
557 3455 631 3511 urbis
649 3454 730 3510 habet
748 3455 934 3510 uacationem:
958 3453 986 3509 iu
1005 3453 1152 3523 prouinciis
1171 3469 1225 3509 non
1242 3453 1341 3509 idem‘.
1377 3452 1560 3524 angariorum
1579 3469 1656 3523 prae·
1675 3447 1726 3537 ffb)
1746 3470 1774 3510 as

295 3547 379 3602 statio
402 3551 432 3600 et
454 3544 603 3615 recipiendi
627 3544 742 3614 hospitis
765 3543 915 3600 necessitas
939 3546 967 3598 et
991 3543 1069 3598 militi
1092 3547 1120 3598 et
1141 3541 1292 3598 liberalium
1316 3543 1416 3598 artium
1439 3541 1639 3612 professoribus
1657 3543 1727 3598 inter

261 3640 388 3691 scetere
410 3634 524 3690 remissa
548 3640 621 3691 sunt.
657 3633 755 3689 Auctis
778 3637 843 3703 post
866 3631 1075 3703 appellationem
1098 3631 1189 3688 medic
1212 3637 1334 3703 tempore
1357 3631 1534 3687 facultatibus
1556 3632 1727 3702 paupertatis

261 3731 279 3778 4
295 3730 410 3795 optentu
433 3739 489 3780 nou
507 3729 680 3780 excusantur.
716 3720 882 3778 Defensores
900 3721 939 3777 rei
957 3719 1083 3791 publicas
1101 3720 1137 3776 ab
1155 3720 1303 3778 honoribus
1321 3726 1350 3777 et
1367 3721 1525 3778 muneribus
1544 3721 1640 3776 eodem
1658 3727 1726 3776 tem·

295 3829 361 3885 pore
378 3817 488 3868 uacant.
1745 3826 1774 3866 aa

237 3901 276 3959 11
348 3903 607 3958 Heauoenursuus
624 3900 694 3956 libro
711 3901 798 3971 prium
816 3899 883 3956 iuris
900 3901 1089 3970 epitomarum.
1126 3898 1196 3955 Sunt
1215 3913 1341 3971 munera,
1363 3914 1434 3970 quae
1452 3899 1491 3954 rei
1508 3915 1570 3969 pro·
1589 3893 1726 3984 [Q
1745 3910 1771 3962 Ρ

295 3993 354 4064 pris
378 3991 538 4061 cohaerent,
562 3991 596 4046 de
620 3989 720 4061 quibus
743 4003 832 4059 neque
854 3987 931 4044 liberi
954 4004 1042 4060 neque
1065 3994 1142 4046 aetas
1164 4003 1215 4044 nec
1236 3989 1333 4044 metha
1350 3989 1463 4044 militiae
1480 4004 1532 4044 nen
1549 3989 1632 4044 ullum
1652 3989 1727 4043 alind

294 4081 467 4154 priuilegium
491 4081 550 4136 iure
570 4080 665 4137 tribuit
682 4077 901 4135 excusationem:
925 4083 956 4134 ut
974 4079 1027 4134 sit⁶
1043 4078 1215 4149 praediorum
1236 4079 1344 4134 collatio
1366 4079 1428 4134 uiae
1447 4077 1619 4147 sternendae,
1642 4093 1726 4146 anga-

294 4171 432 4226 riorumne
455 4168 602 4240 exhibitio,
625 4169 741 4240 hospitis
763 4168 931 4239 suscipiendi
954 4183 1053 4224 munus
1077 4173 1150 4236 (uam
1174 4182 1225 4224 nec
1247 4167 1329 4223 huius
1352 4167 1497 4237 qumquam
1521 4166 1725 4222 excusationem

294 4265 477 4330 praeterens,
496 4258 596 4330 quibus
613 4259 757 4330 principali
773 4255 908 4315 beneficio
926 4273 1087 4314 eoncessum
1105 4263 1156 4328 est,
1175 4255 1269 4324 habet)
1287 4261 1316 4312 ct
1333 4257 1357 4312 si
1375 4271 1430 4326 qua
1443 4260 1508 4312 snut
1518 4259 1661 4326 praeterea
1672 4257 1726 4312 alia

294 4347 459 4404 huiusmodi.
1291 4351 1292 4354 ’
1743 4361 1773 4403 ss

294 4455 488 4524 muruco)

296 4617 534 4756 :gtiedaittlfw
613 4617 754 4689 ’ahqnoi
833 4619 943 4674 ³erunt
961 4619 1040 4686 (edd.)
1122 4617 1307 4672 ⁴mensorum
1326 4613 1429 4683 (Hatll
1512 4615 1606 4670 ⁵item
1625 4613 1726 4682 (Rulli

296 4799 364 4809 u—-n

297 4849 581 4920 8intarpr'a'standa
607 4850 645 4903 F’
722 4849 939 4905 9commodato
967 4850 992 4902 F
1039 4847 1149 4916 Horat.)
1203 4847 1238 4902 22
1256 4847 1390 4916 spectant]
1409 4843 1530 4912 XYMO,
1551 4851 1662 4918 spetant
1680 4849 1725 4914 F’,

298 4925 333 4980 14
343 4921 511 4990 muneribus]
525 4920 683 4976 muneribus
693 4920 819 4976 ciuilibus
829 4922 863 4974 F’
896 4923 930 4976 16
939 4937 986 4976 an·
1039 4925 1135 4976 uetant
1153 4919 1198 4984 F1,
1216 4925 1324 4988 spectat
1338 4920 1374 4975 0:
1392 4919 1486 4974 leuant
1502 4928 1636 4991 proposuit
1647 4920 1725 4994 Hoff-

297 4995 351 5063 uis]
370 5009 471 5050 annum
490 4993 526 5046 F¹
576 4993 610 5048 18
628 4991 755 5048 subtuihi
774 4994 810 5046 P’
860 4993 894 5048 21
909 5007 986 5062 prae·
1039 5011 1116 5045 monn
1131 4993 1136 5058 1
1152 4990 1362 5048 uacatinn'is'am
1375 4989 1540 5046 babc'n'tll‘
1576 4991 1610 5046 28
1620 4993 1731 5048 romaF

298 5065 400 5134 sentes]
432 5063 464 5120 ef
491 5064 593 5128 ἐαγτῶκ
624 5065 650 5118 Β
680 5067 751 5132 (testa
779 5065 887 5120 Ontonia
917 5065 988 5135 opud
1039 5063 1075 5119 35
1092 5063 1235 5119 habenta
1284 5063 1320 5119 42
1337 5059 1564 5120 sternend'nm'ae
1582 5063 1620 5117 Ρ*
