3584 5454
285 155 295 184 b

95 249 142 296 nu
155 248 323 297 ruossano
338 249 447 298 noma
461 191 661 300 usnrnsosc
769 227 857 308 769
1215 233 1393 302 XXXXVII
1414 234 1434 300 9
1453 239 1534 297 2-4

52 386 74 445 2
149 385 244 442 Gaius
262 386 331 443 libro
349 387 500 450 uicensimo
518 387 606 457 primo
624 387 660 442 ad
678 387 799 443 edietum
816 388 992 458 prouinciale.
1020 392 1049 443 et
1066 389 1135 459 loco,
1375 383 1533 473 [nTff‘ssTs‘s
1552 396 1580 450 Ε

52 475 74 533 3
150 475 301 532 umnam
318 475 387 532 libro
405 477 651 546 quinquagensimo
669 480 749 533 sexto
767 476 803 532 ad
821 477 951 532 edictum.
982 492 1037 548 quo
1055 477 1228 547 naufragium
1247 477 1280 534 fit
1298 479 1341 534 uel
1359 466 1533 548 factum—est,
1552 483 1580 538 Id

95 563 120 618 si
144 565 206 633 quis
230 565 367 634 rapuerit,
390 563 520 621 incidisse
544 565 572 619 iu
586 563 648 620 boc
672 564 792 620 edictum
811 565 947 620 uideatur.
980 567 1028 635 qni
1046 571 1138 622 autem
1156 582 1214 622 rem
1233 567 1358 624 inlitora
1376 563 1534 650 [ἰξοῖιοᾟ

93 651 240 721 iacentem,
258 658 356 722 postea
374 668 455 722 quam
475 651 648 722 naufragium
667 651 770 709 factum
789 659 841 722 est,
860 653 981 724 abstulit,
999 655 1027 709 iu
1046 669 1080 711 ea
1097 655 1258 712 condicione
1276 661 1328 725 est,
1346 662 1377 712 ut
1390 659 1478 726 magis
1490 656 1535 711 fur

94 739 133 794 sit
150 755 232 808 quam
251 740 304 796 hcc
322 741 412 796 edicto
431 745 572 811 teneatur,
594 741 827 811 quemadmodum
845 743 882 811 is,
905 743 952 811 qui
970 743 1045 812 quod
1063 743 1098 798 de
1116 743 1242 799 uehiculo
1260 745 1364 800 excidit
1379 747 1450 802 tulit.
1482 759 1534 799 nec
1552 754 1565 797 ι

59 840 74 885 1
94 829 328 898 rapereuidetur,
347 831 394 899 qni
412 831 440 885 in
458 831 537 886 litore
555 831 689 885 iacentem
708 831 805 886 tollit¹.
833 831 940 887 Deinde
958 832 998 886 ait
1009 837 1120 902 praetor
1132 832 1199 888 ‘rate
1211 833 1276 888 naui
1288 832 1463 903 expuguatu'.
1482 829 1534 915 [(ἰῖ)

94 911 255 988 expugnare
279 919 401 987 uidetur,
425 919 472 987 qui
495 919 522 973 in
545 918 607 987 ipsc
630 919 710 988 quasi
731 920 834 990 proelio
852 926 881 975 et
898 934 992 989 pugna
1009 921 1143 978 aduersus
1162 935 1259 976 nauem
1279 927 1308 976 et
1325 927 1412 977 ratem
1431 911 1533 991 aliquid

59 1017 75 1062 a
94 1007 176 1076 rapit,
188 1007 248 1061 siue
260 1013 402 1076 expugnet
413 1007 473 1062 siue
486 1006 670 1076 praedonibus
682 1008 906 1078 expugnantibus
917 1009 1014 1078 rapiat.
1039 1008 1133 1075 Labeo
1141 1009 1236 1066 scribit
1247 1026 1364 1080 aequum
1377 1005 1534 1093 [ie-soff}

93 1093 194 1160 fuisse,
216 1100 261 1164 ut,
286 1095 346 1150 siue
370 1095 405 1150 de
425 1095 507 1151 dcmc
526 1095 586 1150 siue
603 1095 631 1150 iu
650 1097 716 1150 uilla
734 1098 899 1166 expugnatis
916 1097 1019 1166 aliquid
1037 1098 1173 1168 rapiatur,
1198 1097 1261 1154 huic
1279 1099 1370 1154 edicto
1388 1100 1465 1154 locus
1482 1101 1533 1154 sit:

93 1198 147 1238 nec
166 1183 238 1238 enim
257 1183 347 1238 minus
365 1183 393 1238 in
411 1183 480 1240 suari
498 1197 580 1252 quaur
599 1183 627 1238 iu
645 1184 710 1240 uilla
727 1199 777 1254 per
793 1185 961 1240 latrunculos
979 1185 1163 1254 inquietamur
1180 1187 1224 1241 uel
1241 1184 1364 1242 infestari
1376 1203 1532 1256 possumus.
1552 1197 1580 1238 rc

59 1283 75 1327 e
93 1271 157 1327 Non
175 1276 282 1326 tentum
301 1277 392 1326 autem
411 1272 458 1341 qui
476 1272 575 1341 rapuit,
594 1287 689 1327 uerum
708 1273 733 1327 ie
750 1287 869 1342 quoque,
887 1273 934 1343 qui
952 1274 1057 1343 recepit
1075 1289 1109 1328 ex
1122 1274 1213 1328 causis
1225 1275 1440 1346 suprascriptis,
1456 1277 1533 1331 tene-

92 1364 148 1428 tur,
167 1360 233 1429 quia
250 1364 406 1428 receptores
424 1373 479 1416 uon
498 1360 588 1414 minus
606 1359 768 1430 delinquunt
785 1376 867 1430 quam
887 1361 1073 1431 adgressoree.
1101 1361 1151 1417 sed
1169 1363 1383 1428 enimadditum
1403 1369 1447 1418 eet
1463 1364 1533 1420 ‘dolo

92 1447 184 1518 malo',
201 1449 267 1518 quia
284 1464 338 1503 uon
357 1447 446 1502 omnis
463 1449 511 1517 qui
529 1449 626 1518 recipit
643 1449 737 1504 statim
755 1450 838 1504 etiam
857 1450 1005 1520 delinquit,
1027 1450 1142 1520 sedqui
1160 1450 1223 1506 dolo
1242 1452 1313 1507 malo
1331 1452 1437 1522 recipit.
1466 1451 1534 1522 quid

92 1537 176 1605 enim,
195 1537 218 1592 si
236 1537 349 1604 ignaros
366 1536 484 1606 recipit?
510 1540 559 1592 aut
576 1536 651 1606 quid,
670 1537 695 1592 si
712 1536 748 1592 ad
766 1537 818 1593 boo
836 1538 947 1609 reecpit,
966 1543 997 1594 ut
1014 1537 1166 1595 custodiret
1183 1539 1314 1608 salusque
1333 1537 1436 1594 faceret
1448 1541 1474 1595 ei
1486 1541 1533 1610 qui

57 1639 75 1684 s
93 1625 259 1680 amissenus?
285 1626 381 1694 utique
399 1640 454 1680 non
473 1623 556 1680 debet
573 1626 669 1680 teneri.
701 1625 762 1682 Nou
780 1627 868 1681 solum
888 1632 979 1682 suum
998 1629 1044 1698 qui
1062 1628 1162 1698 rapuit,
1181 1627 1231 1682 ssd
1249 1633 1279 1682 et
1296 1628 1344 1697 qui
1361 1627 1475 1684 abstulit
1488 1629 1533 1684 uel
1551 1637 1580 1678 ιι

58 1714 198 1771 tamouit
215 1713 260 1768 uel
278 1713 407 1768 damnum
426 1713 503 1768 dedit
521 1712 566 1768 uel
583 1714 702 1784 recepit,
725 1713 777 1768 hac
795 1715 903 1770 actione
921 1721 1038 1771 tenetur.
1069 1715 1152 1770 Aliud
1171 1731 1232 1772 esse
1251 1721 1342 1771 autem
1361 1717 1434 1788 rapi,
1458 1717 1533 1772 aliud

92 1802 217 1856 amoueri
234 1803 324 1871 palam
343 1805 394 1870 eet,
412 1802 437 1856 sl
448 1801 559 1870 quidem
572 1803 694 1858 amoueri
706 1803 809 1872 aliquid
828 1805 911 1858 etism
929 1805 988 1859 sine
1007 1804 1035 1858 ni
1053 1805 1154 1873 possit:
1173 1805 1232 1874 rapi
1250 1810 1343 1860 autem
1362 1805 1421 1860 sine
1437 1805 1465 1860 ui
1477 1820 1533 1860 ncu

58 1904 74 1950 ο
91 1895 195 1962 potest.
232 1889 284 1956 eri
302 1891 391 1946 eiecta
408 1905 480 1945 naue
497 1889 564 1958 quid
581 1892 681 1960 rapuit,
699 1891 752 1947 hoc
769 1891 860 1946 edicte
879 1897 995 1948 tenetur.
1023 1891 1127 1947 ‘eiecta'
1144 1892 1197 1948 hoc
1214 1897 1258 1948 est
1275 1893 1350 1962 quod
1362 1893 1461 1949 Graeci
1480 1881 1532 1968 [iffi

58 1993 73 2038 'l
92 1983 172 2036 aiunt
187 1979 336 2051 suspicer«.
373 1978 452 2044 Quod
471 1979 510 2034 nit
526 1985 638 2048 praetor
656 1980 690 2035 de
709 1979 810 2036 damno
828 1979 908 2050 date,
927 1981 966 2036 ita
984 1981 1094 2036 demum
1113 1981 1203 2036 locum
1222 1980 1314 2049 habet,
1333 1982 1357 2036 si
1375 1977 1533 2064 [BQ

91 2069 157 2126 dolo
175 2069 305 2124 damnum
324 2067 419 2122 datum
438 2067 485 2122 sit:
511 2083 573 2122 nam
593 2068 617 2122 si
635 2067 714 2124 dolus
733 2069 822 2124 malus
840 2069 926 2139 absit,
945 2073 1037 2124 cessat
1055 2069 1184 2124 edictum.
1215 2070 1446 2140 quemadmodum
1465 2085 1532 2139 erge
1550 2080 1580 2120 so

90 2158 232 2229 procedit,
250 2156 325 2227 quod
343 2155 436 2212 Labeo
455 2155 559 2226 scribit,
578 2157 602 2211 si
620 2154 785 2212 defendendi
804 2158 857 2212 mei
876 2173 961 2212 causa
979 2157 1062 2212 uicini
1080 2155 1235 2212 aedilicium
1254 2164 1314 2213 orto
1332 2158 1459 2213 incendic
1478 2158 1532 2212 dis-

91 2247 250 2318 sipaucrim,
268 2249 297 2300 et
315 2260 376 2300 meo
394 2246 504 2300 nomine
523 2249 551 2299 et
569 2243 688 2300 familiae
706 2245 836 2302 iudicium
855 2246 883 2300 in
901 2261 945 2300 me
963 2244 1106 2301 dandum?
1132 2261 1194 2300 cum
1211 2246 1284 2300 euim
1297 2245 1532 2302 defendendarum

91 2351 216 2391 mearum
234 2333 344 2389 aedium
362 2347 447 2388 cauea
464 2331 584 2402 fecerim,
603 2334 699 2403 utique
717 2332 780 2389 dclc
796 2349 885 2390 careo.
913 2337 981 2404 puto
993 2334 1077 2403 igitur
1088 2349 1143 2389 non
1155 2349 1217 2389 esse
1229 2351 1334 2404 uerum,
1353 2334 1426 2403 qucd
1438 2333 1532 2390 Labeo

90 2423 196 2480 scribit
227 2439 263 2478 an
280 2427 373 2478 tamen
391 2422 453 2491 lege
473 2421 582 2492 Aquilia
599 2422 645 2491 agi
664 2437 726 2476 curn
745 2421 796 2477 hoc
814 2423 923 2492 possiti
952 2428 981 2478 et
998 2438 1052 2478 nou
1069 2427 1138 2492 puto
1157 2422 1308 2492 agendum:
1332 2438 1384 2477 nec
1401 2423 1473 2478 euim
1492 2424 1532 2478 in-

91 2513 162 2568 iuria
185 2511 237 2568 boc
260 2509 339 2579 fecit,
364 2511 411 2580 qui
435 2525 466 2564 se
488 2510 560 2566 tueri
582 2511 682 2579 uoluit,
706 2526 767 2566 curn
790 2511 858 2566 alias
876 2527 931 2566 uon
949 2517 1052 2580 posset.
1084 2516 1112 2566 et
1130 2512 1169 2566 ila
1187 2510 1283 2566 Celsus
1302 2506 1532 2594 [ἶςἰιιιιᾟ
1551 2525 1580 2566 ιι

59 2601 196 2660 ascribit.
227 2599 346 2656 Senatus
365 2599 519 2654 consultum
532 2598 690 2654 Claudianis
708 2598 878 2669 temporibus
897 2598 1000 2654 factum
1019 2605 1070 2668 est,
1089 2605 1128 2668 ut,
1148 2599 1171 2654 si
1190 2600 1251 2669 quis
1269 2614 1304 2654 ex
1323 2595 1530 2690 naufragiolps)

91 2691 186 2746 clauos
209 2689 254 2744 uel
277 2693 361 2744 unum
380 2703 415 2742 ex
432 2687 475 2743 his
494 2687 650 2757 abstulerit,
674 2689 794 2744 omnium
813 2703 904 2743 rernm
922 2688 1032 2743 nomine
1050 2691 1186 2744 teneatur.
1216 2688 1281 2742 item
1301 2689 1355 2743 alio
1374 2683 1531 2772 [QQ

91 2781 206 2834 senatus
224 2777 349 2833 consulto
368 2781 482 2832 cauetur
500 2791 556 2845 eos,
575 2791 690 2846 quornm
709 2775 805 2832 fraude
823 2782 872 2831 aut
890 2777 1003 2832 consilio
1022 2774 1148 2846 naufragi
1166 2785 1308 2846 suppressi
1324 2792 1374 2846 per
1391 2778 1446 2831 uim
1466 2777 1531 2832 fuis·

91 2867 180 2936 ssul¹,
198 2881 233 2922 ne
251 2866 316 2921 naui
333 2867 379 2922 uel
397 2865 431 2920 ibi
449 2863 667 2935 periclitantibus
686 2865 861 2935 opitulentur,
880 2865 950 2934 legis
968 2865 1119 2934 corneliae,
1137 2879 1209 2934 quae
1227 2865 1262 2920 de
1280 2865 1386 2920 sicariis
1403 2865 1460 2920 lata
1478 2869 1530 2934 eet,

90 2955 187 3026 poenis
212 2953 393 3010 adliciendos:
418 2967 466 3008 ecs
484 2957 591 3021 autem,
614 2953 745 3024 quiquid
764 2969 798 3009 ex
817 2954 910 3009 miser·
930 2949 1319 3036 [re-,eqeeqffloucte
1334 2949 1530 3022 (ιῖῐῖῖιῖιῖηῖῶ
1550 2967 1579 3007 eo

90 3045 161 3100 rima
179 3041 371 3115 naufragorum
390 3039 501 3098 fortuna
518 3043 674 3112 rapuissent
691 3043 824 3098 lucretiue
842 3040 959 3098 fuissent
976 3041 1039 3098 dolo
1058 3041 1139 3112 malo,
1158 3043 1186 3096 in
1202 3048 1335 3112 quantum
1349 3042 1439 3099 edicto
1451 3059 1531 3114 prae·
1611 3051 1615 3059 “

90 3135 158 3189 toris
178 3132 251 3187 cotio
270 3131 389 3200 ἀοιοοιιι,
407 3135 514 3185 tantum
533 3133 562 3184 et
579 3127 647 3186 fisco
665 3130 732 3186 dare
750 3129 860 3186 debere.

54 3225 73 3282 4
143 3221 264 3277 Pennus
281 3218 350 3274 libro
368 3219 614 3288 quinquagensimo
632 3225 730 3288 quarto
748 3220 784 3273 ad
803 3219 933 3275 edictum.
963 3218 1065 3274 Pedius
1082 3219 1259 3288 posseetiam
1273 3218 1373 3274 dicier
1386 3218 1529 3290 naufragio
1548 3217 1576 3272 Ε

60 3325 72 3368 1
91 3325 196 3382 rapere,
214 3310 271 3380 qui,
289 3308 355 3363 dum
373 3305 547 3376 naufragium
565 3305 622 3376 frat,
640 3307 669 3362 in
687 3307 734 3362 illa
751 3307 932 3376 trepidatione
950 3308 1047 3378 rapiat.
1078 3306 1167 3362 Diuus
1184 3305 1341 3362 Antoninus
1359 3306 1395 3362 de
1412 3306 1464 3376 hie,
1482 3308 1530 3377 qui

90 3399 223 3471 praedam
237 3412 272 3452 ex
284 3395 428 3466 nsustagic
440 3395 625 3466 diripuissent,
638 3397 677 3451 ita
690 3395 843 3466 rescripsit:
856 3394 945 3460 ‘Quod
957 3395 992 3450 de
1004 3393 1173 3464 naufragiis⁸
1185 3396 1264 3450 nauis
1276 3400 1305 3450 et
1316 3395 1383 3450 ratis
1395 3396 1529 3466 scripsisti
1548 3403 1577 3446 οῦ

91 3487 174 3557 'mihi
192 3501 226 3544 eo
244 3486 371 3556 pertinet,
390 3489 422 3539 ol
439 3485 572 3554 explores,
591 3500 646 3553 qua
663 3498 753 3554 poena
770 3481 961 3554 adliciendosll
980 3497 1028 3538 ecs
1046 3487 1149 3552 putem,
1167 3483 1215 3552 qui
1233 3483 1378 3552 diripuisse
1391 3485 1482 3553 aliqua
1494 3499 1529 3540 ex
1546 3486 1626 3536 saed

91 3575 144 3632 'illc
161 3573 321 3646 probantur.
349 3578 378 3628 et
394 3571 483 3644 facile,
502 3577 534 3630 ut
551 3573 655 3643 opinor,
674 3572 803 3628 constitui
815 3576 921 3643 potest:
940 3571 1161 3642 cumplurimum
1174 3571 1297 3642 interest,
1315 3573 1437 3642 peritura
1448 3573 1528 3628 colle·

89 3671 284 3742 rainice)

91 3800 100 3834 ¹
119 3811 172 3852 nec
190 3809 287 3866 rapere
358 3795 429 3850 tellit
448 3796 494 3849 det.
566 3794 577 3828 ¹
595 3800 719 3848 sententie
736 3801 877 3864 requiritur
895 3795 955 3846 talto
973 3793 1008 3857 (e.
1022 3795 1063 3860 t.):
1082 3806 1138 3860 ecs,
1158 3805 1273 3860 quorum
1291 3789 1388 3846 fraude
1402 3793 1451 3846 aut
1463 3805 1527 3847 cou-

89 3867 151 3923 silio
169 3865 343 3935 naufragium
362 3881 539 3935 suppressum
558 3870 632 3920 osset
649 3864 733 3933 quiue
751 3879 800 3934 per
817 3863 874 3918 uim
893 3861 1024 3918 fecissent
1093 3863 1105 3898 ⁸
1123 3860 1287 3930 naufragio?

89 3997 259 4053 substulit
277 3998 314 4050 Ρ
377 3997 458 4066 iqui
476 3998 523 4052 *iu
541 3998 579 4050 F’
642 3997 677 4051 10
694 3996 781 4064 posei-
835 3995 926 4049 iacies
950 3993 1072 4064 &capreis
1097 3993 1166 4048 ὧοτε
1191 3992 1305 4048 uisuros
1327 3993 1428 4058 estsere
1453 3993 1526 4062 ιιῨτῷ

89 4084 152 4124 mus
171 4069 207 4122 Ρ
268 4069 302 4122 13
325 4067 373 4136 qui
391 4069 495 4137 recepit
514 4069 563 4122 F²:
586 4067 782 4136 inolsxousscc
835 4066 883 4120 rs'rs
903 4065 1025 4128 rusairuu
1044 4065 1194 4136 ineptias),
1220 4072 1302 4118 lamen
1320 4084 1379 4119 uere
1396 4070 1528 4136 eipnfical

89 4141 138 4194 BS
195 4140 229 4194 14
253 4139 289 4193 ad
311 4137 364 4194 hot
384 4140 481 4208 recipit
500 4139 548 4193 F':
572 4138 714 4199 irretiisse
734 4138 782 4191 BS
835 4156 926 4190 nouem
942 4144 1087 4207 tempestate
1096 4139 1217 4210 fructum
1231 4143 1260 4188 ul
1278 4137 1367 4189 dolorm
1383 4138 1451 4188 mulo
1466 4137 1525 4190 sub·

90 4211 124 4266 18
142 4209 267 4266 ei'u'eela
285 4209 320 4262 F*
341 4211 346 4276 Ι
368 4209 461 4279 quud*
479 4211 517 4263 F²
574 4207 782 4277 20d0101dolo
835 4226 956 4278 merpere,
970 4209 1068 4278 qualem
1079 4209 1291 4330 significationem
1305 4207 1353 4260 boe
1364 4223 1462 4276 quoque
1471 4209 1525 4261 loeo

89 4283 162 4336 maio
181 4283 218 4334 F*
279 4282 314 4335 22
337 4289 417 4335 meo*
435 4281 545 4336 nomine
564 4281 601 4333 Ρ
665 4281 701 4334 28
719 4295 782 4348 sup·
833 4285 953 4350 ⁸‹peesrss'ter
974 4284 1095 4347 comple
1125 4283 1236 4329 elicere
1262 4283 1453 4330 cmmeuloneum
1481 4284 1525 4331 est.

88 4352 191 4421 pressit
208 4353 233 4405 F
234 4369 241 4405 r
265 4355 299 4421 es.
311 4351 349 4405 D.
360 4353 404 4414 48,
420 4352 446 4416 8,
462 4352 487 4415 3,
504 4352 523 4404 4
545 4351 591 4420 qui
610 4349 782 4418 naufragium
836 4349 942 4418 denique
960 4346 1101 4416 suppressi
1119 4345 1236 4400 fuissent
1255 4355 1282 4399 ln
1305 4348 1430 4400 eiusmodi
1448 4366 1525 4400 enses·

87 4423 323 4494 suppresserit...
336 4421 782 4490 exsenatusccusultcpoenalc·
835 4425 900 4472 trote
922 4426 1046 4472 aerisona
1068 4421 1134 4488 repes
1157 4435 1207 4470 non
1227 4417 1365 4470 menstruas
1420 4417 1454 4471 29
1476 4416 1515 4471 ibi

88 4496 131 4564 gis
146 4493 290 4551 Corneliae
301 4493 421 4562 punitur.
439 4496 605 4564 euprepium
623 4500 783 4561 supprimere
837 4487 923 4550 Tune,
941 4487 994 4542 eibi
1014 4489 1057 4552 Γ),
1075 4488 1108 4541 isi
1129 4487 1164 4539 F·
1183 4487 1188 4552 l
1209 4485 1443 4554 periclitantibus
1462 4488 1499 4538 F’

88 4585 244 4637 quamquam
263 4563 388 4635 Byzantii
407 4565 606 4634 aeceperrmt'de
614 4565 693 4633 furio
703 4564 781 4633 secte
834 4562 896 4612 tls*l
904 4559 929 4611 F
930 4559 943 4592 ³
987 4561 1021 4613 31
1034 4556 1238 4625 naufragorum]
1250 4565 1289 4612 sle
1300 4557 1426 4611 Heluam
1440 4557 1524 4612 Grae·

88 4655 117 4690 ea
135 4639 278 4707 mresrepic
290 4640 360 4700 (num
373 4641 397 4688 et
409 4634 496 4696 B.53,
507 4633 532 4697 3,
546 4633 579 4688 25
594 4635 701 4703 iegitur:
720 4651 780 4685 rar·
833 4637 886 4683 cie:
904 4629 959 4682 rora
977 4628 1179 4692 supersederem
1191 4631 1217 4693 (l.
1230 4627 1334 4696 ulcu),
1352 4626 1525 4696 naufragio·

86 4707 170 4775 txesss
202 4704 232 4757 ιὲ
264 4706 303 4772 τῷ
330 4704 360 4759 e'e
385 4704 490 4774 crslpnc
513 4703 551 4756 sal
578 4702 705 4757 ὁιιοὼκ
729 4701 781 4756 ἀπὸ
834 4715 894 4754 rum
908 4698 946 4750 Ρ*
998 4699 1032 4753 34
1051 4699 1115 4754 dum
1135 4697 1308 4768 caufagium
1320 4697 1378 4767 liat]
1393 4699 1443 4762 PU,
1461 4713 1524 4752 cum

88 4777 212 4840 assarios
236 4783 260 4830 el
280 4795 347 4830 ecee.
361 4775 407 4828 IX
424 4775 478 4828 Leo
496 4774 608 4844 Sapiens
629 4794 687 4828 nou.
700 4773 736 4827 64
754 4773 782 4826 td
833 4769 953 4826 nundum
967 4767 1139 4838 naufragium
1152 4768 1201 4824 fiat
1212 4768 1305 4834 X‘M‘,
1324 4768 1444 4824 noudum
1458 4785 1524 4823 uau·

87 4853 198 4902 mutauit
215 4865 265 4899 nou
282 4855 337 4900 sine
355 4864 435 4899 ceusu
446 4853 543 4900 tuntum
557 4850 719 4899 seueritatem
731 4851 780 4896 ml·
833 4839 951 4912 fragium
961 4839 1095 4904 fiatur,
1107 4839 1172 4895 (ium
1185 4839 1357 4908 naufragium
1368 4855 1421 4894 nou
1431 4837 1480 4894 flat
1491 4839 1523 4902 0,

88 4927 176 4972 rotun
200 4914 286 4970 'eseiae
305 4915 335 4968 οὲ
353 4916 409 4970 aian
429 4914 567 4978 tersisse,
591 4915 649 4968 ιιῶο
668 4913 684 4967 ὁ
702 4911 732 4966 τὶ
751 4910 779 4966 ὲκ
834 4920 883 4965 icc.
892 4909 935 4964 M·
978 4912 1013 4966 37
1026 4911 1131 4981 opinor]
1144 4912 1241 4982 punior
1254 4911 1298 4975 Ρ,
1317 4910 1423 4980 opiiuor
1434 4912 1526 4976 <coust

88 4988 219 5044 seinse
246 4987 369 5050 scabinos
392 4984 624 5058 ὶιιοκργιιτὸιιειιοο
650 4984 779 5046 τοοοῨτοιι
833 4983 941 5052 opinor)
959 4983 998 5034 F'
