3608 5460
78 310 124 357 nn
147 309 353 358 nonournus
752 283 837 366 643
1157 287 1373 359 xxxxnlrr
1397 297 1511 354 14-23

24 451 62 507 14
133 449 212 504 Inurr
233 448 302 504 libro
326 449 443 519 septimo
460 447 685 516 disputationum.
722 446 802 504 Serui
819 463 854 502 ex
871 446 978 502 deliotis
996 448 1055 518 qui·
1074 443 1551 531 [beffisitslr'dueutrseheees

80 536 144 592 dem
168 535 329 607 obligantur¹
345 541 388 606 et,
412 536 436 592 si
459 535 698 604 manumittantur,
723 534 837 606 obligati
855 540 1009 591 remanent:
1033 551 1069 592 ex
1086 536 1271 592 eontraetibns
1289 542 1381 592 autern
1398 535 1513 590 oiuiliter

80 625 192 696 quidem
216 641 270 682 non
294 625 463 696 obligantur,
487 625 537 680 sed
559 625 719 680 naturaliter
742 629 770 680 et
787 623 944 694 obligantur
961 629 990 680 et
1007 623 1139 696 obligant.
1172 625 1289 694 deniqne
1307 625 1331 680 si
1349 639 1442 693 seruo,
1466 621 1512 692 qni

80 713 147 770 mihi
165 720 288 770 mutuam
306 715 450 786 peeuniam
468 713 591 783 dederat,
610 715 778 770 manumisso
796 715 910 782 uoluam,
928 713 1036 770 liberor.
1530 726 1544 765 e

24 805 61 864 15
133 803 275 860 tunsurus
292 801 361 860 libro
379 807 477 874 quarto
495 802 673 872 digestorum.
710 801 762 869 Qui
780 817 842 858 enm
861 801 960 859 herede
978 804 1043 874 egit,
1062 819 1107 859 ex·
1127 797 1405 887 [W
1400 813 1438 866 tu,
1449 795 1512 866 1?ss
1529 807 1551 862 S

79 893 206 964 septique
219 898 371 948 summotus
383 898 427 948 est
438 891 503 947 hae:
521 891 552 946 'si
570 906 625 947 non
642 891 670 946 in
688 906 723 946 ea
739 906 824 948 eausa
836 891 947 947 tabulae
959 893 1115 948 testamenti
1128 894 1190 963 sint,
1209 897 1241 948 ut
1253 898 1348 948 eontra
1360 905 1408 946 eas
1420 903 1512 945 eman·

80 981 181 1053 'eipeto
203 981 336 1038 bonorum
359 981 497 1052 possessio
520 981 580 1036 dari
597 979 701 1050 possit'.
734 981 907 1051 emancipato
926 982 1069 1038 omittente
1086 981 1219 1038 bonorum
1236 980 1439 1054 possessionem
1458 992 1512 1033 non

80 1071 173 1142 inique
189 1070 340 1141 postulabit
358 1070 477 1126 oreditor
494 1071 599 1126 restitui
618 1068 670 1126 slbi
689 1071 824 1125 sotionem
843 1069 975 1126 aduersus
993 1071 1122 1142 seriptum
1141 1069 1283 1126 heredem:
1301 1086 1364 1125 narn
1382 1066 1512 1138 quamdin

80 1159 213 1215 bonorum
232 1160 370 1232 posseqsio
388 1165 485 1215 eontra
501 1158 610 1216 tabulas
627 1157 683 1214 dlio
701 1159 760 1214 dari
778 1163 879 1229 potest,
898 1157 976 1215 heroe
994 1159 1195 1230 quodammodo
1213 1158 1320 1215 debitor
1337 1173 1392 1214 non
1410 1161 1462 1212 est.
1531 1170 1544 1210 s

24 1253 59 1310 16
133 1249 211 1304 lusu
232 1247 301 1304 libre
324 1247 405 1303 tertio
423 1247 530 1302 deelmo
549 1247 727 1318 digestorum.
764 1247 816 1314 Qui
835 1265 852 1302 a
869 1261 950 1304 seruo
967 1247 1131 1305 hereditario
1149 1253 1272 1304 mutuam
1291 1263 1338 1319 pe·
1357 1241 1551 1331 &fij-{58

80 1337 188 1392 ennium
213 1337 320 1408 aoeepit
342 1339 372 1392 et
388 1334 503 1391 fundum
522 1337 566 1391 uel
584 1335 720 1393 hominem
739 1337 861 1407 pignoris
879 1351 964 1392 eausa
981 1339 1006 1392 ei
1024 1335 1190 1392 tradiderat¹
1209 1342 1238 1392 et
1254 1337 1377 1406 preeario
1395 1335 1512 1406 rogauit,

80 1426 203 1496 preeerio
220 1425 356 1495 possidet:
374 1440 438 1482 nam
457 1439 553 1480 seruus
571 1425 750 1481 hereditarius
768 1425 848 1480 sieuti
866 1441 915 1496 per
931 1425 1124 1482 traditionem²
1141 1425 1300 1498 accipiendo
1317 1425 1512 1496 proprietatem

79 1514 225 1570 hereditati
243 1513 375 1584 adquirit,
395 1514 436 1569 ita
452 1513 576 1584 proeario
593 1513 685 1569 dando
703 1511 796 1583 effluit,
815 1528 849 1569 ne
867 1529 911 1570 res
928 1516 1043 1586 usnespi
1060 1515 1155 1587 possit.
1187 1530 1250 1570 nam
1269 1519 1298 1569 et
1314 1515 1338 1569 si
1356 1513 1511 1570 eommoda·

80 1605 152 1659 uerit
176 1604 220 1659 uel
240 1603 399 1674 deposuerit
416 1617 473 1658 rem
491 1603 670 1673 peculiarem,
695 1602 862 1658 eommodsti
880 1609 908 1659 et
925 1603 1043 1675 depositi
1061 1605 1196 1660 sotionem
1214 1603 1358 1659 hereditati
1376 1603 1511 1674 adquiret.

79 1692 148 1748 haee
166 1693 213 1762 ita,
231 1693 255 1749 si
272 1691 409 1763 poeuliare
426 1691 567 1762 negotium
585 1695 755 1748 eontraotum
774 1696 831 1748 est:
849 1707 912 1747 nam
931 1707 965 1748 ex
983 1692 1035 1750 hae
1053 1707 1137 1749 eausa
1151 1693 1235 1748 etiem
1247 1691 1402 1763 possessio⁸
1414 1691 1511 1761 adqui·
1532 1703 1559 1744 rs

79 1781 134 1836 sits
150 1781 272 1852 intellegi
290 1779 381 1836 debet.

24 1875 59 1934 [7
133 1870 210 1926 lnsrr
227 1869 297 1926 libro
313 1869 475 1940 trigensimo
492 1868 572 1924 tertio
590 1868 768 1939 digestorum.
805 1869 905 1925 Omnes
923 1869 1074 1941 debitores,
1099 1871 1146 1941 qui
1164 1871 1283 1942 speeiem
1301 1885 1336 1926 ex
1354 1863 1511 1940 [W
1530 1875 1553 1930 S

79 1973 165 2014 eausa
187 1959 322 2014 lueratiua
342 1956 456 2028 debent,
479 1957 641 2028 liberantur,
667 1973 729 2014 oum
748 1973 783 2014 ea
799 1959 906 2028 speeies
923 1973 958 2014 er
975 1975 1061 2014 eausa
1077 1961 1212 2016 lueratiua
1229 1959 1265 2015 ad
1283 1943 1512 2028 creditorem-’er-

79 2047 212 2102 uenisset.
1532 2057 1560 2099 ro

24 2141 60 2201 18
134 2135 212 2190 lnnrr
230 2134 299 2192 libro
317 2135 563 2206 quinquagensimo
580 2141 678 2206 quarto
690 2135 868 2206 digestorum.
895 2134 925 2192 Si
937 2136 969 2204 is,
988 2137 1035 2206 qni
1047 2135 1169 2194 Stichum
1182 2136 1240 2192 dari
1253 2135 1337 2207 stipu·
1356 2129 1513 2220 [Μ
1531 2141 1552 2196 S

79 2225 153 2280 latus
171 2223 269 2294 luerat,
288 2223 368 2280 heres
386 2225 522 2280 exstiterit
540 2225 573 2296 ei,
592 2226 636 2280 eui
650 2240 686 2280 ex
698 2228 863 2282 testamento
874 2224 947 2280 idem
959 2224 1069 2282 Stiehus
1081 2225 1246 2282 debebatur:
1264 2225 1288 2280 si
1300 2240 1335 2280 ex
1346 2229 1512 2281 testamento

79 2312 204 2370 Stiohom
226 2314 349 2384 petierit,
374 2329 428 2370 non
451 2319 595 2369 oonsnmet
613 2315 829 2385 stipulationem,
852 2319 881 2368 et
898 2319 993 2370 eontm
1010 2315 1034 2370 si
1051 2330 1086 2371 ex
1103 2316 1237 2386 stipulatu
1255 2313 1377 2369 Stiohum
1395 2312 1512 2384 petierit,

78 2404 215 2458 amionem
233 2417 269 2458 ex
286 2407 451 2458 testamento
469 2403 574 2458 saluam
592 2402 718 2474 habehit,
742 2404 807 2472 quin
824 2403 901 2459 initio
918 2404 958 2458 ito
974 2403 1145 2460 eonstiterint
1162 2404 1213 2459 hae
1231 2404 1303 2459 duae
1320 2402 1509 2472 obligationes,

79 2497 111 2548 ui
128 2492 216 2548 altera
232 2491 261 2546 in
279 2491 409 2547 indleinm
427 2491 548 2548 deduota
566 2493 652 2548 altera
669 2491 752 2548 nihilo
771 2493 860 2548 minus
878 2492 985 2563 integra
1001 2497 1163 2548 remaneret.
1530 2503 1560 2544 re

29 2583 61 2642 19
133 2581 212 2636 Innsr
229 2579 298 2636 libro
316 2581 539 2652 septuagensimo
557 2581 638 2636 tertio
649 2581 827 2650 digestorum.
854 2582 897 2636 Er
909 2582 1089 2652 promissione
1108 2579 1271 2666 [boetus.
1287 2573 1511 2646 essee-serti
1529 2585 1550 2639 S

79 2669 167 2726 dotis:
185 2683 241 2724 uon
259 2669 368 2725 uidetur
385 2670 519 2725 lueratlus
536 2685 621 2725 eausa
638 2684 708 2740 esse,
727 2669 777 2725 sed
794 2670 995 2740 quodammodo
1013 2660 1143 2726 omniur
1149 2676 1198 2726 aut
1214 2675 1322 2741 emptor
1334 2669 1509 2738 intellegitur,

80 2760 128 2830 qui
150 2758 243 2814 dotem
266 2759 345 2828 petit
378 2773 459 2829 porro
477 2774 539 2814 oum
558 2758 677 2814 eruditor
694 2759 738 2814 nel
756 2763 863 2830 emptor
881 2775 916 2814 ex
933 2759 1068 2814 lueratiua
1085 2775 1170 2816 eausa
1186 2775 1244 2816 rem
1262 2758 1363 2814 hahere
1381 2758 1510 2828 eoeperit,

80 2847 165 2904 nihilo
183 2847 272 2903 minus
289 2848 412 2918 integras
430 2849 551 2904 aetionee
568 2847 699 2917 retinent,
718 2847 790 2903 sieut
807 2863 842 2903 ex
860 2849 995 2904 eenhario
1013 2849 1060 2918 qui
1078 2865 1132 2905 non
1150 2863 1185 2904 ex
1202 2863 1287 2904 eausa
1303 2849 1437 2904 lueratiua
1453 2863 1511 2904 rem

81 2936 182 2993 habere
200 2936 299 3006 eoepit,
317 2937 433 2992 eandem
451 2952 505 2993 non
524 2935 683 3007 prohibetur
700 2951 735 2992 ex
752 2937 887 2993 lueratiua
904 2953 988 2994 eausa
1005 2943 1111 3008 petere.
1531 2946 1559 2988 ee

82 3115 192 3172 domino
210 3114 284 3170 dioto
302 3114 417 3170 audiens
434 3129 496 3170 esse
514 3115 592 3183 solet,
611 3115 692 3170 sieuti
710 3115 734 3170 si
752 3113 878 3172 dominns
896 3115 1032 3171 hominem
1051 3116 1176 3172 oeeidere
1193 3122 1242 3170 ant
1259 3113 1360 3170 lurtum
1379 3115 1459 3170 alloni
1472 3113 1511 3169 la·

83 3220 143 3262 uere
162 3219 271 3260 sernum
290 3204 424 3260 iussisset
455 3217 540 3274 qnare
557 3203 684 3272 quemuis
702 3203 805 3259 domiui
822 3205 899 3260 iussu
917 3220 1014 3260 seruus
1031 3205 1173 3275 piratieam
1192 3201 1315 3274 lenisset,
1336 3203 1466 3260 indieium
1483 3204 1512 3258 in

83 3309 144 3350 eum
163 3299 227 3365 post
243 3293 397 3350 libertatern
417 3292 495 3347 reddi
513 3295 629 3362 oportet.
657 3295 686 3346 et
702 3291 894 3363 quodeumqne
912 3294 940 3348 ui
960 3289 970 3360 l
989 3291 1107 3363 iecisset,
1126 3307 1197 3363 qune
1216 3293 1258 3348 uis
1276 3308 1293 3347 a
1311 3290 1443 3347 malefleio
1457 3306 1512 3347 non
1528 3297 1601 3346 iero

84 3382 201 3452 abesset,
219 3383 258 3438 ita
275 3385 386 3452 oportet
402 3396 505 3452 poenae
524 3395 586 3436 eum
604 3379 733 3450 pendere.
762 3381 812 3436 sed
830 3383 854 3438 si
872 3381 963 3453 aliqua
980 3383 1041 3437 rixa
1058 3397 1093 3438 ex
1109 3381 1204 3437 litibus
1222 3387 1251 3436 et
1262 3381 1435 3438 eontentione
1447 3385 1513 3436 nata

84 3477 156 3528 esset
173 3475 223 3526 aut
239 3471 331 3542 aliqua
349 3471 392 3526 uis
409 3471 476 3526 iuris
494 3469 628 3526 retinendi
646 3484 731 3526 muso
748 3468 822 3526 laeta
839 3473 913 3526 esset
930 3475 959 3526 et
976 3469 1012 3526 ab
1029 3469 1073 3526 his
1090 3469 1172 3525 rebus
1189 3468 1297 3526 laoinus
1315 3468 1433 3539 abesset,
1452 3474 1512 3524 tum
1531 3479 1560 3522 se

85 3575 135 3616 non
159 3560 288 3617 eonuenit
309 3564 477 3630 praetorem,
501 3558 575 3630 quod
598 3573 695 3614 seruus
719 3559 796 3614 iussn
819 3559 922 3615 domini
946 3557 1070 3629 iecisset,
1093 3559 1128 3614 de
1152 3573 1186 3614 ea
1207 3573 1237 3614 re
1260 3560 1288 3614 in
1311 3557 1425 3614 liberum
1443 3557 1513 3614 iudi·

85 3649 153 3704 eium
173 3648 247 3704 dare.

26 3739 60 3794 1
134 3727 277 3794 intrusus
294 3735 363 3792 libro
380 3737 461 3792 tertio
480 3752 514 3792 ex
531 3737 649 3793 hlinieio.
686 3731 861 3792 contraxisse
879 3736 1066 3806 unnsquisque
1083 3735 1111 3791 in
1130 3751 1163 3792 eo
1181 3737 1242 3792 loeo
1258 3736 1336 3791 intel·
1354 3729 1549 3818 [Qui

86 3823 189 3896 legitur,
207 3825 236 3881 in
254 3839 309 3896 qno
326 3830 359 3880 ut
375 3825 495 3880 solueret
512 3841 542 3882 se
560 3823 701 3896 obligauit.
1529 3833 1559 3876 ss

24 3910 59 3969 2
134 3915 307 3971 moruus
328 3913 397 3970 libro
418 3915 499 3970 tertio
517 3915 716 3985 quaestionum.
754 3913 822 3970 Onm
841 3914 902 3984 quis
919 3914 947 3969 ln
966 3913 1038 3969 diem
1056 3927 1173 3970 meroem
1192 3911 1338 3982 stipulatus
1356 3907 1550 3997 [ΜΒ

84 4001 271 4060 fideiussorem
290 4004 405 4074 aoeepit,
424 4004 483 4060 eius
500 4004 632 4074 temporie
649 4003 804 4059 aestimatio
822 4003 973 4074 speetanda
991 4007 1041 4074 eet,
1060 4015 1115 4072 quo
1133 4001 1200 4057 satis
1218 4002 1363 4072 aooeperit.

24 4083 58 4143 3
133 4094 212 4148 lnnrs
230 4092 299 4148 libro
316 4093 434 4163 septimo
451 4094 651 4163 quaestionum.
687 4091 866 4149 Traieetleiae
883 4093 1017 4162 peeuniae
1035 4091 1152 4161 nomine,
1171 4091 1194 4145 si
1212 4091 1247 4145 ed
1265 4089 1336 4145 diem
1369 4095 1552 4172 stifft-28

84 4183 173 4238 solnta
190 4197 245 4238 non
263 4187 346 4249 esset,
369 4195 460 4252 poena
477 4182 528 4248 (uti
545 4181 662 4248 adsolet)
680 4179 717 4236 oh
735 4195 833 4252 operas
850 4183 910 4238 eius
927 4183 974 4252 qui
991 4197 1051 4237 eam
1069 4180 1212 4251 pecuniam
1232 4183 1338 4250 peteret
1354 4167 1512 4248 in-stipula

83 4271 183 4328 tionem
207 4276 267 4326 eret
288 4269 421 4326 deduets:
445 4271 469 4326 ie
492 4271 539 4341 qui
562 4285 622 4326 eam
645 4271 790 4340 peonnium
808 4271 920 4342 petebat
937 4274 1015 4341 parte
1033 4274 1131 4326 exaotn
1147 4274 1241 4339 petere
1259 4267 1390 4336 desierat,
1413 4267 1513 4323 deinde

83 4359 244 4430 interposito
260 4363 384 4431 tempore
401 4360 573 4430 interpellare
590 4360 754 4416 instituerat.
781 4360 921 4415 oonsultus
939 4358 1080 4429 rospondit
1097 4359 1156 4413 elus
1174 4371 1282 4428 quoque
1299 4356 1439 4428 temporis,
1457 4371 1512 4427 quo
1530 4367 1560 4410 es

82 4457 276 4527 rmrnroo)

83 4586 91 4618 ¹
109 4581 234 4653 pignoris
257 4597 342 4636 eausa
365 4582 391 4638 ei
412 4581 571 4653 tradiderat]
594 4580 711 4637 lidueiae
729 4597 814 4636 eausa
836 4581 861 4636 oi
882 4580 1087 4650 mancipuuerat
1104 4587 1128 4634 et
1144 4599 1202 4633 mor
1225 4579 1390 4650 ¹maneipio
1408 4587 1512 4651 scripsit

81 4653 329 4798 gwsffisdle
346 4653 469 4724 Beitrdpe
486 4656 509 4719 1,
526 4653 593 4708 208:
611 4653 731 4708 Huschke
743 4653 868 4708 Zeitaoirr.
876 4655 904 4730 s.
919 4651 1231 4724 peeeh.Reehlssoies.14,
1248 4650 1310 4719 263)
1381 4651 1393 4686 ⁸
1410 4648 1513 4706 fiducia

82 4854 277 4926 nobligati'o'
297 4861 440 4912 remanent
466 4855 502 4909 F‘
562 4854 666 4926 thau]
691 4863 729 4911 rie
752 4857 779 4910 F
826 4855 916 4911 sienti
928 4855 966 4908 1³¹
1016 4855 1052 4908 33
1067 4851 1186 4922 iecisset]
1200 4851 1315 4908 leeissee
1328 4855 1364 4907 F·
1409 4854 1443 4908 41
1457 4868 1512 4924 quo

81 4927 302 5000 iipostnlanitl'
340 4929 372 4982 11
386 4925 591 5000 pn'a'eearioF2
633 4927 668 4982 12
679 4925 773 4995 pr'a'e·
826 4925 894 4981 satis
916 4923 1061 4995 aooeperitl
1085 4923 1140 4980 καθ’
1163 4923 1194 4979 hu
1217 4923 1332 4994 (serpis)
1356 4922 1512 4988 birsrerirc

81 4999 205 5056 oerioF²
243 4997 487 5068 13pr'a’eearioF’
518 4996 773 5054 iithae'e'duael'²
825 4997 993 5068 rpoceurlqee
1013 4997 1040 5051 B
1058 4996 1165 5064 (Am)
1217 4997 1253 5051 42
1270 4994 1455 5051 trahieotielee
1474 4995 1500 5048 F

81 5070 353 5129 tlmmannreuffl
393 5068 610 5140 30alphenusl'
647 5070 682 5126 31
695 5069 774 5125 solet
858 5129 860 5136 Α

1247 5154 1309 5215 hl*

24 5381 98 5421 '5¹‘ss
106 5418 110 5421 ,
118 5393 139 5421 ⁴5..
