3584 5454
91 279 215 328 suanus
770 253 858 334 757
1172 260 1350 329 dxxxvii
1371 264 1392 328 2
1415 271 1529 326 re-ee

91 417 201 474 cuniam
219 415 349 488 subripit,
373 415 438 472 furti
456 415 539 472 etiam
557 416 631 472 sacci
650 417 761 472 nomine
779 419 903 487 tenetur,
927 417 1054 486 quamuis
1076 433 1131 474 nou
1149 419 1186 474 sit
1204 419 1230 476 ei
1248 419 1355 475 animus
1371 421 1448 476 sacci
1465 419 1529 476 sub-

90 505 217 577 ripiendi.

16 593 75 674 (ts)
145 595 327 650 Psrmrsrrus
349 592 418 649 iibro
442 597 542 648 octauo
564 593 766 663 quaestionum.
801 593 870 648 item
894 592 1090 663 inspiciendam
1114 595 1176 664 quis
1201 594 1291 652 dedit:
1314 597 1338 652 si
1356 593 1530 680 [ῐοοῖιζῖὲ
1548 605 1575 658 Ρ
1613 626 1617 635 ·

91 683 244 753 periculum
261 685 369 752 spectet
386 695 449 736 eum
468 682 516 750 qui
534 683 649 753 accepit,
668 681 728 752 ipse
746 678 811 735 furti
829 695 912 750 agere
929 685 1030 751 potest.
1370 673 1528 680 “““’“
1548 698 1563 738 ι

17 771 75 850 (ib)
145 773 224 828 ῑοοιι
247 769 316 826 libro
335 783 407 825 nouo
425 769 625 839 quaestionum.
662 767 693 824 Si
710 766 817 824 debitor
839 769 940 840 pignus
958 768 1102 840 subripuit,
1122 767 1187 854 [σιμ.
1198 785 1234 840 1e,
1246 785 1268 840 ι,
1277 785 1308 830 aa
1317 797 1352 844 pr.
1371 768 1528 841 ue‘o'stu'a'e
1548 779 1575 833 P

93 859 168 932 qnod
186 860 294 916 actione
312 856 378 914 furti
396 857 479 914 soluit
496 857 570 913 nullo
589 857 670 914 modo
688 857 794 927 recipit.
1155 847 1258 854 *—

17 947 76 1026 (80)
146 947 225 1004 inum
242 945 311 1002 libro
328 945 493 1002 duodecimo
510 947 711 1016 quaestionum.
744 943 774 1000 Si
791 943 942 1002 uendidero
959 959 1049 1016 neque
1066 945 1206 1003 tradidero
1223 961 1335 1004 seruum
1353 944 1529 1032 [ποιῇ
1548 957 1575 1010 Ρ

93 1041 122 1093 et
138 1037 164 1092 is
182 1036 242 1092 siue
260 1035 342 1104 eulpa
360 1048 422 1090 mea
439 1031 614 1106 subripiatur,
634 1033 726 1103 magis
741 1039 797 1102 est,
816 1038 848 1088 ut
865 1031 931 1088 mihi
949 1030 1015 1088 iurti
1032 1039 1172 1104 competat
1189 1037 1275 1093 actio:
1294 1041 1323 1093 et
1341 1025 1531 1096 mffiuiit‘u‘r

65 1131 75 1177 1
92 1127 236 1194 iuteresse,
253 1123 319 1194 quia
336 1123 487 1178 dominium
506 1122 580 1193 apud
598 1137 642 1178 me
661 1121 713 1178 fuit
729 1121 774 1177 uel
792 1121 920 1190 quoniam
938 1120 975 1175 ad
992 1122 1173 1190 praestandas
1191 1125 1313 1182 actiones
1325 1129 1430 1182 teneor.
1460 1126 1529 1183 Cum

93 1217 188 1270 autem
206 1213 265 1268 iure
282 1209 396 1267 dominii
413 1209 535 1268 deiertur
552 1209 618 1266 furti
636 1211 723 1280 aedo,
745 1209 873 1279 quamuis
892 1223 947 1264 uon
965 1209 1041 1280 alias,
1060 1211 1112 1266 uisi
1131 1215 1225 1268 nostra
1242 1214 1364 1284 intersit,
1382 1220 1529 1286 competat,
1549 1227 1578 1267 ιο

93 1307 187 1358 tamen
211 1299 247 1356 sd
272 1300 501 1364 aestimationem
515 1300 650 1370 corporis,
678 1296 789 1354 siuibil
812 1297 929 1368 amplius
952 1297 1073 1368 intersit,
1102 1300 1205 1356 utilitas
1229 1316 1291 1358 mea
1313 1301 1456 1358 reserenda
1478 1309 1530 1374 est,

93 1391 178 1462 idque
201 1395 230 1446 at
247 1389 276 1444 iu
294 1387 462 1444 statuliberis
487 1393 515 1444 et
538 1389 566 1444 in
589 1388 681 1457 legato
705 1385 757 1442 sub
780 1385 941 1442 condicione
962 1387 1056 1443 relicto
1078 1387 1224 1458 probatur:
1247 1390 1367 1460 alioquin
1391 1391 1530 1446 diuersum

93 1477 274 1552 probautibus
292 1477 377 1532 statui
394 1474 475 1532 iaoiie
493 1477 633 1546 quantitas
650 1490 705 1530 non
723 1480 823 1546 potest
850 1475 916 1545 quia
932 1475 1026 1544 itaque
1043 1481 1111 1532 tuno
1126 1477 1185 1532 soie
1196 1478 1300 1534 utilitas
1311 1479 1531 1534 aestimationem

94 1567 250 1638 faciteam
270 1569 397 1622 cessame
414 1565 536 1621 dominio
553 1563 619 1620 iusti
637 1564 710 1620 actio
728 1563 864 1632 nascitur,
883 1563 911 1617 iu
929 1563 990 1618 istis
1008 1564 1100 1620 musis
1118 1565 1154 1620 ad
1172 1566 1390 1622 aestimationem
1409 1568 1531 1638 corporis

62 1662 76 1708 ι
94 1655 161 1712 iurti
179 1655 250 1712 actio
268 1651 363 1710 referri
381 1668 435 1710 nou
453 1656 570 1722 potest1.
607 1651 637 1707 Si
655 1651 691 1707 ad
709 1649 892 1707 exhibendum
911 1651 1030 1720 egissem
1048 1657 1193 1723 optaturus
1205 1669 1314 1710 seruum
1327 1654 1393 1710 mibi
1410 1656 1531 1726 legatum
1551 1667 1579 1708 ιο

94 1751 125 1800 et
141 1759 213 1800 uuus
231 1758 266 1798 ex
283 1741 387 1798 iamiiia
405 1756 503 1798 seruus
526 1739 700 1810 subreptus¹,
724 1739 803 1795 beree
827 1737 894 1794 iurti
917 1737 1030 1795 babebit
1048 1742 1197 1797 actionem:
1220 1743 1298 1798 ⁸eius
1315 1743 1442 1799 interest:
1465 1743 1532 1799 uibii
1580 1789 1581 1792 .

61 1833 168 1888 teuim
186 1829 284 1901 seiont,
308 1847 357 1886 cur
380 1831 514 1900 praestari
538 1829 665 1885 custodia
688 1827 797 1884 debeat.
834 1826 903 1882 Cum
926 1832 1021 1897 raptor
1043 1829 1199 1886 omnimodo
1218 1829 1319 1886 furtum
1343 1831 1422 1901 iacit,
1446 1832 1532 1886 muni·

60 1927 76 1973 t
95 1919 184 1976 iestus
201 1917 246 1974 iur
263 1918 463 1975 existimandus
481 1921 538 1974 est:
562 1918 590 1974 Is
614 1921 721 1985 autem,
744 1916 822 1972 cuiue
842 1915 906 1971 dolo
924 1913 1007 1971 inerit
1024 1922 1146 1987 raptum,
1170 1916 1236 1974 furti
1253 1919 1363 1989 quidem
1382 1933 1438 1976 uon
1455 1923 1531 1975 tane-

60 2017 76 2063 t
94 2009 178 2079 bitur,
196 2007 246 2064 sed
264 2008 292 2063 ui
310 2007 444 2064 bonorum
463 2012 612 2077 raptorum.
649 2004 679 2060 Si
697 2005 800 2074 Titius,
819 2004 897 2059 cuius
915 2005 1024 2061 nomine
1041 2007 1186 2076 pecuniam
1204 2021 1347 2078 perperam
1366 2007 1451 2064 iabus
1468 2023 1530 2077 pro·

94 2101 206 2154 curator
224 2097 339 2166 accepit,
358 2101 447 2151 ratum
465 2093 575 2164 babeat,
594 2094 653 2163 ipse
671 2093 782 2163 quidem
801 2093 891 2148 Titius
909 2094 1081 2162 negotiorum
1100 2099 1242 2164 gestorum
1259 2104 1327 2166 agat,
1346 2097 1372 2151 ei
1391 2111 1465 2166 uero,
1483 2096 1531 2166 qui
1550 2109 1579 2150 ao

94 2185 239 2258 pecuniam
257 2182 407 2240 indebitam
426 2183 516 2252 dedit,
540 2181 673 2238 aduersus
691 2182 794 2236 Titium
813 2181 865 2235 erit
882 2179 997 2236 indebiti
1021 2183 1171 2252 condictio,
1197 2183 1331 2239 aduersm
1353 2182 1452 2239 salsum
1469 2199 1531 2254 pro-

95 2279 251 2332 curatorem
269 2270 372 2328 furtiua
389 2269 513 2328 durabit:
537 2271 625 2326 eiecto
642 2270 716 2326 Titio
734 2284 789 2326 nou
807 2270 899 2339 inique
919 2267 929 2338 Ι)
947 2285 997 2340 per
1014 2270 1069 2327 doli
1088 2271 1291 2342 exceptionem,
1315 2273 1357 2327 uti
1378 2277 1532 2342 praestetur
1551 2291 1573 2338 q.
1585 2278 1614 2325 89
1635 2276 1651 2324 t.
1664 2277 1709 2324 stt

95 2364 121 2418 si
140 2361 243 2418 furtiua
260 2360 410 2430 mndictio,
429 2358 638 2416 desiderabitur.
665 2358 740 2428 quod
757 2359 782 2414 si
799 2359 917 2429 pecunia
934 2356 988 2414 init
1004 2357 1112 2428 debita,
1130 2364 1220 2414 ratum
1238 2357 1357 2416 habente
1374 2359 1449 2416 Titio
1466 2357 1532 2416 furti

60 2461 76 2508 t
95 2451 170 2508 actio
187 2449 336 2518 euanescit,
355 2449 421 2520 quia
438 2447 546 2504 debitor
562 2445 701 2502 liberatur.
737 2447 835 2502 Falsus
853 2451 945 2502 autem
963 2452 1124 2517 procurator
1144 2447 1184 2503 ita
1201 2447 1311 2503 demum
1329 2445 1431 2503 iurtnm
1449 2461 1531 2518 pecu·

95 2541 159 2598 uiae
176 2537 268 2608 faciet,
285 2539 310 2594 si
327 2537 437 2595 nomine
455 2549 565 2608 quoque
583 2534 642 2590 ueri
659 2535 852 2605 procuratoris,
871 2549 952 2605 quem
966 2534 1085 2592 creditor
1097 2533 1201 2606 habuit,
1220 2535 1367 2606 adsumpto
1379 2535 1531 2592 debitorem
1550 2545 1580 2588 ιο

96 2631 215 2686 alienum
235 2626 452 2684 obcumuenerit.
478 2623 554 2694 quod
571 2637 659 2693 aeque
677 2622 808 2694 probatur
827 2627 856 2678 et
874 2623 900 2678 in
918 2637 960 2694 eo,
978 2624 1026 2694 qui
1043 2623 1097 2680 sibi
1114 2623 1208 2680 deberi
1224 2625 1370 2695 pecuniam
1389 2627 1421 2680 ut
1437 2623 1532 2680 heredi

62 2717 251 2788 rSemprouii
274 2715 417 2772 creditoris
441 2713 631 2778 adseuerauit,
654 2727 716 2768 curn
740 2715 815 2767 esset
839 2711 917 2768 alius.
954 2711 1007 2778 Qui
1032 2727 1088 2769 rem
1112 2713 1177 2769 Titii
1202 2713 1315 2784 agebat,
1339 2712 1399 2768 eius
1422 2712 1532 2768 nomine

96 2805 166 2862 falso
185 2804 355 2877 procuratori
372 2801 515 2859 creditoris
533 2802 616 2857 soluit
634 2804 663 2856 et
674 2801 763 2855 Titius
782 2805 872 2855 ratum
891 2799 1001 2856 babuit:
1019 2815 1074 2857 non
1092 2803 1214 2858 nascitur
1231 2803 1257 2858 ei
1275 2800 1341 2858 iurti
1359 2801 1440 2872 actio,
1460 2817 1531 2871 quae

96 2895 206 2964 statim,
230 2909 294 2950 cum
311 2891 429 2968 pecnnia
446 2890 537 2946 soluta
555 2895 610 2959 est,
635 2889 660 2945 ei
683 2889 730 2958 qui
753 2886 830 2944 dedit
854 2893 920 2946 uota
942 2893 999 2959 cst,
1023 2904 1085 2944 curn
1104 2891 1170 2948 Titii
1190 2905 1363 2960 nummorum
1381 2890 1544 2968 dominium,
1609 2899 1612 2906 ·

96 2999 153 3040 ιιοιι
174 2981 257 3038 inerit
279 2995 369 3051 neque
390 2979 538 3050 possessio.
568 2976 619 3032 aed
641 2975 842 3032 condictionem
864 2976 979 3032 indebiti
1002 2977 1114 3048 quidem
1138 2979 1228 3034 Titius
1252 2977 1378 3050 habebit,
1402 2977 1531 3036 iustiuam
1550 2988 1579 3030 ιο

89 3075 190 3128 ¹autem
208 3071 256 3141 qui
274 3069 418 3140 pecuniam
436 3067 526 3123 dedit:
544 3079 624 3136 quae,
643 3065 667 3120 si
685 3066 857 3136 negotiorum
875 3071 1015 3134 gestorum
1028 3066 1136 3122 actione
1147 3067 1238 3123 Titius
1250 3068 1390 3124 conueniri
1401 3070 1530 3140 eoeperit,

97 3159 210 3216 arbitrio
228 3158 327 3214 iudicis
344 3157 370 3214 ei
387 3154 579 3228 praestabitur.
1594 3191 1597 3196 ·

0 3247 7 3280 ·'·
26 3243 80 3326 (81)
150 3249 229 3304 inum
251 3245 321 3302 libro
343 3246 432 3316 primo
455 3257 657 3314 responsorum.
695 3239 737 3298 Ob
754 3241 899 3312 pecuniam
917 3242 1024 3298 ciuitati
1041 3240 1209 3299 subtractam
1233 3244 1340 3300 actione
1358 3239 1531 3328 Q
1550 3247 1577 3300 P

97 3334 172 3408 iurti,
190 3351 245 3392 uon
262 3335 376 3392 erimine
392 3333 537 3404 peculatus
553 3334 670 3387 tenetur.
1551 3340 1580 3382 er
1624 3327 1633 3344 ²

0 3420 5 3461 ²
26 3419 81 3502 (82)
151 3425 272 3480 Prosus
289 3422 358 3480 libro
376 3421 499 3478 secondo
517 3418 722 3476 sententiarum.
759 3417 837 3474 Folio
855 3423 885 3474 et
902 3418 1065 3489 sarcinator,
1086 3419 1132 3490 qui
1150 3417 1278 3490 potienda
1295 3421 1340 3476 uei
1371 3431 1490 3488 esula,
1501 3434 1531 3480 su
1550 3423 1578 3478 P

98 3512 243 3570 sarcienda
260 3512 426 3568 uestimenta
443 3509 563 3580 accepit,
586 3508 611 3564 si
628 3505 699 3564 iorte
717 3505 760 3562 his
778 3512 884 3577 utatur,
908 3521 943 3563 ex
961 3508 1176 3564 conuectatione
1199 3522 1294 3564 eorum
1312 3507 1414 3565 furtum
1433 3495 1531 3564 i—

68 3613 79 3659 1
98 3601 219 3672 uidetur,
242 3601 380 3671 quianon
397 3599 505 3654 ineam
524 3611 635 3654 causam
654 3595 690 3651 ab
708 3610 741 3652 eo
760 3595 888 3652 uidentur
906 3601 1029 3666 accepte.
1064 3595 1202 3666 Frugibus
1226 3611 1261 3652 ex
1283 3595 1376 3667 fundo
1393 3597 1532 3668 subreptis

98 3696 156 3746 tam
180 3691 294 3746 colonus
315 3704 398 3760 quam
421 3687 548 3743 dominus
570 3684 636 3742 iurti
658 3699 741 3755 agere
765 3689 894 3755 possunt,
921 3685 986 3755 quia
1007 3686 1150 3755 utriusque
1173 3685 1288 3741 interest
1313 3701 1370 3742 ram
1394 3687 1532 3757 persequi.

21 3787 22 3792 '
98 3795 300 3866 ι’(ιιῑιιιοο).
319 3795 411 3850 ιοοιι
422 3794 448 3858 3,
460 3793 540 3846 22:
554 3795 569 3846 ι.
581 3792 616 3846 οι
626 3811 667 3864 pr.
680 3788 958 3863 (squamosus)

100 3950 109 3984 ¹
127 3947 222 4016 itaque
240 3949 305 4000 tunc
323 3944 383 4000 sola
399 3943 504 3998 utilitas
521 3939 739 3996 aestimationem
758 3939 839 4010 iacit,
863 3955 926 3996 enm
944 3945 1072 3997 cessante
1089 3940 1210 3998 dominio
1228 3939 1293 3997 furti
1312 3941 1384 3998 actio
1402 3941 1532 4012 nascitur,

99 4018 165 4088 quia
181 4017 210 4072 iu
228 4017 288 4071 istis
364 4013 475 4084 potasti
546 4011 558 4046 ²
576 4015 650 4068 esset
668 4020 715 4066 tm.
733 4011 836 4078 (Hatit
906 4011 918 4047 ⁸
936 4013 1001 4081 quia
1019 4021 1066 4067 tus.

101 4163 291 4220 lsit'tt'eiF‘
344 4161 529 4219 6m0*do⁴F²
583 4159 789 4230 iduodeoitnol
846 4163 884 4216 rai
904 4162 941 4217 εἷο
959 4161 988 4216 ὲκ
1006 4163 1054 4218 ric
1073 4163 1194 4226 Φοιιιιίοο
1212 4162 1315 4218 οῑκὲτιιο
1332 4161 1465 4233 hortans]
1487 4162 1533 4216 ΒΕ

99 4235 178 4292 FMO
188 4236 267 4300 Patr,
286 4235 348 4290 nX
351 4234 378 4289 Y
389 4237 394 4301 1
409 4231 563 4290 uendidero
578 4245 668 4303 neque
686 4231 790 4298 (uendi-
845 4233 936 4298 (Dor.)
957 4234 962 4302 Ι
981 4234 1041 4289 eius
1054 4233 1111 4289 'est'
1123 4235 1238 4290 interest
1255 4231 1305 4288 F‘:
1329 4233 1345 4288 ὁ
1369 4232 1534 4305 respendune

98 4305 171 4362 derit
183 4321 254 4376 eque
266 4309 313 4374 P)
325 4305 464 4362 tradidero
476 4318 587 4360 seruum
604 4309 633 4358 et
644 4303 678 4372 is]
697 4302 790 4358 uendi·
844 4304 894 4374 ἔχει
913 4304 962 4358 uria
980 4305 1033 4368 oni
1049 4324 1072 4358 τι
1091 4303 1202 4371 druria,
1222 4303 1294 4372 ᾧτιιιι
1314 4306 1352 4359 eui
1371 4305 1486 4376 Διαφέρει
1507 4305 1534 4359 Β

98 4377 167 4436 dero
184 4375 660 4447 aliquidnequetradideroetPetr.
704 4377 790 4430 droa·
845 4377 879 4432 18
897 4375 922 4430 is
940 4394 988 4429 om.
1111 4377 1144 4431 19
1162 4375 1285 4431 sed'b'ui
1304 4375 1340 4428 P
1406 4376 1441 4430 20
1460 4375 1532 4444 aget]

98 4449 143 4519 gis
166 4454 264 4504 estut
287 4447 353 4504 mibi
376 4445 441 4503 iurti
464 4445 541 4514 (mihi
563 4443 630 4501 iurti
648 4444 701 4510 FO,
725 4443 791 4500 furti
845 4447 982 4516 agetetF
1020 4449 1055 4503 21
1068 4445 1197 4503 iaisusF¹
1243 4445 1533 4502 cocarescemiorum

98 4519 300 4586 mibiXYMU)
312 4518 545 4590 competetentis]
563 4515 629 4572 iurti
641 4515 706 4576 mibi
719 4516 791 4572 actio
844 4517 1053 4602 disctithotio
1067 4521 1102 4572 P
1142 4517 1348 4586 26ineo]ideo
1362 4519 1387 4571 F
1425 4519 1460 4574 28
1472 4531 1534 4588 pro·

98 4591 233 4661 competit
259 4591 328 4645 Petr.
395 4589 520 4658 aquia⁴
549 4589 585 4642 Ρ*
604 4593 610 4656 t
631 4587 790 4658 dominium]
844 4589 961 4646 narratori
971 4589 991 4645 s'
1003 4589 1076 4646 cred.
1086 4589 1125 4644 F'
1139 4590 1144 4654 1
1160 4594 1288 4644 nascetur
1300 4589 1338 4642 F’
1385 4589 1420 4643 33
1438 4587 1474 4644 ob
1487 4603 1534 4659 pe·

98 4661 230 4718 &sunum
250 4661 319 4716 Patr.
382 4662 417 4716 10
434 4660 560 4729 quamuis
580 4675 635 4715 nou
653 4658 721 4714 alias
739 4659 792 4714 nisi
844 4661 952 4717 cuniam
1033 4661 1068 4716 34
1091 4660 1209 4729 tenetur]
1234 4661 1257 4715 oi
1280 4658 1395 4714 rotunde
1419 4660 1535 4730 χριὶιιιτο

99 4740 195 4790 nostru
206 4732 315 4788 intersit
325 4731 473 4802 competat]
493 4739 567 4802 quusi
585 4737 648 4786 esaei
665 4731 791 4798 quamuis
845 4733 1002 4788 atterentes
1025 4731 1056 4802 τι)
1081 4731 1172 4804 οοὴιτι
1193 4731 1354 4801 κοτὲχοιιτοι,
1379 4729 1434 4800 uixi
1453 4731 1484 4800 τι)
1504 4730 1534 4785 οὲ

99 4805 183 4860 etiam
202 4803 226 4859 si
244 4808 339 4860 nostra
356 4818 410 4860 uon
428 4802 537 4857 intersit
550 4803 697 4872 competat,
715 4809 793 4858 uertit
845 4801 1022 4868 πεκογλᾶτογο
1035 4804 1094 4871 (aar.
1107 4803 1280 4869 πεκογλίιτογ)
1295 4801 1342 4857 BS
1354 4802 1445 4869 (Dor.)
1461 4809 1534 4856 aimi-

101 4876 265 4930 Doroilteue:
289 4875 311 4929 ei
335 4875 373 4928 rai
392 4873 424 4927 nd
442 4873 549 4928 adurere
567 4874 606 4927 sai
625 4872 686 4926 urire
706 4873 792 4926 essue
845 4875 1105 4946 iiierqueB(Auon.)
1147 4875 1182 4930 35
1195 4874 1255 4928 t83
1265 4875 1333 4928 redit
1345 4874 1416 4944 apud
1425 4873 1535 4926 Paulum

101 4947 162 5002 ιἰιιῖιι
179 4945 295 5018 &padusa
314 4946 336 5000 ei
355 4947 389 4999 uir
409 4944 523 5010 Διοψέρει
543 4943 602 4998 iuis
618 4943 664 4998 BS
720 4945 752 4999 16
765 4947 794 4998 et
845 4953 907 5000 seni.
915 4945 942 5011 2,
950 4945 993 5010 31,
1003 4945 1125 5010 29-32,
1143 4953 1171 5000 ut
1186 4951 1268 5016 petito
1287 4963 1317 4998 aa
1333 4945 1439 5014 dipendio
1448 4949 1535 5014 potina

100 5019 146 5084 (ex
165 5019 213 5086 P)
237 5031 308 5073 uuus
332 5031 367 5074 ex
390 5015 494 5072 iamilia
516 5029 613 5072 seruus
636 5013 792 5086 subreptus]
845 5014 1179 5088 praeascendentem
1219 5012 1536 5086 38possuntlpossitF·
