3644 5460
142 281 183 329 ιιι
204 281 483 330 rmnroosrnusers
835 251 891 335 75
1322 259 1443 328 XXXII
1463 267 1581 324 ‘il-tt

141 421 190 475 iius
212 419 286 474 hauc
306 435 443 475 summam
461 433 545 491 posse
562 419 747 489 compensari,
773 433 835 473 oum
854 413 962 472 debitor
980 419 1016 473 sit
1033 415 1302 474 fideicommissariua
1320 433 1355 474 ax
1373 433 1459 474 musa
1475 417 1580 474 heredi·

139 509 203 563 tatia
222 507 286 563 Gaii
304 508 369 579 Seii,
388 524 441 564 nec
459 509 527 564 uelit
544 509 588 564 iile
607 507 788 562 hereditatem
807 506 882 562 adire
901 505 963 562 Gaii
975 505 1039 577 Seii,
1059 507 1108 562 sed
1126 511 1205 578 petat
1221 505 1477 563 fideicommissum:
1495 508 1580 578 impe·

139 603 215 652 rator
231 603 327 653 noster
344 603 441 653 contra
458 599 628 654 uoiuntetem
647 611 709 650 eum
721 595 850 650 testantis
862 599 956 665 petere
968 592 1209 651 fideicommissum
1221 596 1370 666 rescripsit,
1388 611 1451 651 curn
1463 597 1492 652 in
1503 595 1581 651 fidei·

27 693 113 738 20
138 687 293 741 commissis
311 689 458 758 praecipue
476 685 628 758 spectanda
646 681 836 753 seruandaque
855 684 892 738 sit
908 683 1048 740 testatoris
1067 685 1203 740 uoluntas.
1230 683 1394 755 Plerumque
1408 685 1501 740 euenit
1512 685 1580 740 mul·

138 781 229 830 torum
254 776 387 830 interesse
406 775 434 830 id
453 775 526 845 quod
544 774 719 844 relinquitur,
743 787 840 828 uerum
858 776 1019 828 testatorem
1037 774 1085 828 uni
1102 773 1224 828 uoluisse
1242 773 1371 830 honorem
1389 773 1527 844 habitum,
1552 775 1581 829 et
1599 785 1613 826 ι

31 872 106 917 21
138 871 181 919 est
197 863 269 920 haee
288 865 426 932 senmntia
443 863 563 919 Marcelli
580 863 733 918 uedssime.
761 860 807 916 Sio
822 861 924 931 euenit,
942 865 974 916 ut
985 862 1137 917 ἰιιιιιιιιιι
1151 863 1175 917 si
1186 861 1311 932 pluribus
1321 866 1439 918 testator
1449 862 1580 918 honorem

137 952 241 1008 habere
265 953 353 1007 notuit
370 951 452 1008 etde
469 951 592 1023 pluribus
611 951 711 1021 sensit,
735 949 863 1020 quamuis
879 963 965 1006 unum
983 952 1104 1020 legatum
1122 951 1172 1020 sit,
1197 955 1290 1007 tamen
1307 951 1344 1006 ad
1361 953 1580 1023 persecutionem

137 1042 197 1097 eins
214 1041 310 1112 piures
328 1041 515 1096 sdmittantur.
542 1045 574 1096 ut
592 1046 661 1111 puta
677 1039 702 1094 si
720 1037 816 1094 decem
834 1037 945 1094 fuerunt
962 1038 1086 1096 eiusdem
1104 1041 1145 1095 rei
1157 1039 1305 1110 stipulandi
1316 1045 1346 1096 et
1357 1040 1436 1096 heres
1447 1041 1492 1096 uei
1503 1038 1580 1096 tidei·

137 1130 346 1185 commissarius
363 1135 477 1199 rogetus
494 1133 546 1200 est,
565 1135 596 1184 ut
614 1131 654 1184 eis
672 1128 804 1184 solueretr
822 1127 868 1182 hio
885 1127 958 1182 euim
973 1127 996 1182 ai
1008 1129 1130 1183 omnium
1142 1129 1257 1184 interest
1269 1135 1298 1184 et
1310 1130 1344 1184 de
1357 1129 1483 1185 omnibns
1494 1130 1581 1184 sensit

136 1223 265 1287 testator,
284 1217 526 1274 fideicommissum
545 1219 669 1274 relictum
688 1231 783 1273 omnes
801 1221 895 1287 petere
912 1217 1087 1286 potueruut’.
1115 1217 1164 1272 aed
1183 1221 1274 1272 utrum
1289 1217 1318 1273 iu
1329 1225 1436 1288 partem
1449 1223 1533 1288 agent
1544 1233 1580 1273 an
1599 1231 1627 1271 ιι

136 1308 165 1362 iu
183 1307 319 1377 solidum,
342 1307 499 1363 uideamus:
518 1311 547 1362 et
564 1307 661 1376 credo,
677 1309 762 1376 prout
781 1306 791 1377 ΙΙ
811 1305 944 1375 cuiusque
962 1305 1091 1374 interest,
1109 1310 1325 1376 consequentur:
1343 1321 1415 1363 uuus
1432 1308 1516 1378 igitur
1533 1307 1580 1378 qui
1596 1315 1613 1362 t.
1625 1315 1652 1362 ιι

136 1401 259 1466 occupat
276 1396 385 1466 agendo
403 1399 491 1451 totum
510 1397 687 1466 consequitur
703 1396 751 1464 ita,
770 1400 802 1450 ut
819 1398 919 1450 cauest
936 1391 1051 1449 deseusu
1069 1394 1102 1450 iri
1120 1394 1253 1450 aduersus
1271 1401 1377 1451 cetoros
1388 1395 1579 1452 fideicommis-

49 1495 117 1540 π
137 1486 226 1540 samos
245 1499 310 1540 eum
328 1485 375 1556 qui
393 1485 484 1554 soluit,
503 1485 562 1540 siue
580 1484 648 1539 socii
665 1489 731 1540 sunt
748 1484 807 1539 siue
825 1499 888 1538 non.
916 1481 1056 1537 Interdum
1071 1483 1187 1538 :titurius
1205 1497 1305 1540 nomen
1317 1483 1446 1540 scribitur
1457 1485 1485 1540 iu
1496 1489 1581 1541 teste·

137 1580 247 1643 mento,
270 1573 350 1628 alteri
367 1587 434 1628 uero
452 1571 656 1628 fideicommissi
673 1574 771 1644 petitio
787 1572 833 1628 uel
850 1571 935 1642 legati
953 1570 1098 1641 competit,
1122 1577 1239 1642 utputa
1256 1573 1280 1628 si
1297 1570 1362 1630 fidei
1380 1573 1489 1629 heredis
1507 1589 1580 1630 com-

138 1663 273 1732 mittatur,
295 1666 327 1716 ut
344 1663 404 1732 ipse
421 1661 560 1731 pubiicum
579 1676 629 1732 pro
647 1661 721 1716 Titio
738 1664 870 1732 prosstet,
888 1658 1130 1716 fideicommissum
1147 1659 1200 1716 hae
1218 1662 1402 1732 collegatum
1420 1677 1475 1720 non
1492 1662 1580 1733 pubii-
1599 1673 1628 1716 ιι

137 1767 225 1806 canna
243 1752 328 1820 petit,
347 1749 411 1806 iicet
428 1751 454 1804 ei
472 1750 509 1805 sit
526 1749 702 1820 ademptum,
722 1750 772 1806 sed
790 1751 849 1820 ipse
867 1755 961 1819 petere
978 1749 1088 1819 poterit,
1106 1763 1157 1819 pro
1173 1763 1229 1820 quo
1246 1749 1368 1820 tegetum
1386 1753 1511 1807 relictum
1528 1757 1580 1808 est

138 1841 257 1895 muttum
282 1843 375 1894 autem
399 1840 532 1894 iuteresse
556 1838 685 1908 arbitror,
709 1840 754 1894 oui
771 1839 859 1894 noluit
876 1842 1050 1908 prospectum
1069 1838 1202 1907 cuiusque
1220 1841 1449 1910 contemplatione
1465 1843 1597 1897 testator·

137 1927 237 1984 fecerit
243 1929 264 1983 ⁸.
294 1930 456 1998 plerumque
474 1932 566 1983 antam
585 1925 800 1998 intellegendum
818 1933 861 1982 est
878 1927 982 1997 pensu,
997 1940 1082 1981 cause
1099 1925 1151 1982 hoo
1167 1924 1275 1998 iecisse,
1292 1929 1358 1984 licet
1368 1930 1580 1986 emolumentum

40 2027 116 2072 23
138 2018 289 2088 pubtioano
308 2021 464 2087 quaeratur.
496 2015 525 2072 Si
543 2018 571 2072 in
589 2031 672 2088 opere
690 2017 811 2072 ciuitatis
828 2015 955 2071 iaciendo
973 2015 1075 2084 ntiquid
1091 2015 1216 2070 relictum
1234 2016 1279 2086 ait,
1296 2031 1519 2088 unumquemque
1534 2018 1580 2074 he·

139 2108 232 2162 redem
256 2108 286 2161 in
309 2106 427 2161 solidum
452 2106 539 2161 teneri
562 2107 643 2162 diuus
661 2107 769 2161 tdareua
793 2110 822 2161 et
840 2105 943 2160 Lucius
960 2101 1068 2160 Uerue⁴
1085 2105 1217 2160 Proculus
1239 2107 1449 2176 rescripserunt:
1462 2113 1580 2177 'tempus
1599 2118 1628 2158 ro

138 2201 231 2250 tamen
250 2195 379 2250 coheredi
396 2195 619 2265 praestituerunt,
637 2196 710 2250 intra
727 2193 802 2264 quod
819 2195 912 2249 mittet
929 2193 966 2248 sd
983 2207 1053 2264 opus
1071 2191 1235 2264 iaciendum,
1253 2199 1318 2264 post
1331 2195 1405 2265 quod
1417 2197 1503 2251 solam
1515 2196 1580 2252 Pro·

30 2291 115 2340 24
138 2285 227 2338 cutam
247 2285 394 2339 uoluerunt
411 2283 503 2339 iacere
521 2285 717 2354 imputaturum
735 2283 863 2339 coheredi
881 2288 1020 2352 sumptum
1039 2297 1088 2353 pro
1106 2288 1185 2353 perte
1203 2283 1271 2338 eiua.
1303 2284 1378 2354 Ergo
1395 2289 1425 2339 et
1442 2285 1470 2340 iu
1488 2291 1581 2341 ιιιιιι

27 2379 112 2426 25
139 2379 168 2428 et
184 2375 212 2428 in
231 2373 366 2428 seruitute
385 2374 546 2443 ceterisque,
565 2387 637 2443 qaae
655 2373 818 2428 diuisionem
836 2387 891 2427 non
908 2371 1053 2442 recipiunt,
1072 2372 1144 2427 idern
1164 2369 1364 2428 diuusttarcua
1375 2373 1523 2444 remnpsit.
1550 2372 1580 2430 Si

139 2463 200 2532 quia
218 2477 291 2533 opus
309 2461 400 2518 fecere
418 2463 511 2517 iussus
529 2467 642 2532 paratus
659 2463 697 2518 sit
713 2461 858 2532 pecuniam
877 2460 943 2515 dare
960 2459 1145 2531 reipublicae,
1163 2458 1369 2532 utipssiaciet,
1389 2477 1451 2518 oum
1463 2467 1581 2519 testator

140 2554 296 2623 peripsum
314 2551 343 2606 id
362 2549 421 2608 heri
439 2551 565 2620 uoluerit,
584 2565 639 2607 uon
657 2551 799 2606 audietur:
812 2555 848 2604 'et
865 2550 904 2605 ita
922 2549 1003 2604 diuus
1021 2549 1130 2605 itaroua
1147 2549 1295 2620 rescdpsit.
1598 2563 1627 2604 ιι

13 2631 112 2694 12
192 2641 315 2696 Usnuue
333 2639 402 2696 libro
419 2641 524 2711 primo*
542 2637 824 2695 fideicommissorum.
854 2637 971 2694 'Stichus
988 2637 1057 2694 tiber
1074 2644 1149 2694 esto:
1167 2644 1198 2694 et
1207 2643 1240 2693 ιι
1250 2653 1313 2694 eum
1326 2638 1406 2696 heres
1423 2635 1580 2724 QTOE
1599 2646 1636 2700 Ρ*

52 2725 66 2730 “
142 2730 294 2786 'mtificium
313 2729 420 2800 doceat,
437 2729 512 2786 uude
529 2745 560 2786 se
571 2729 643 2784 tueri
655 2729 751 2799 possit,
770 2726 852 2798 peto'.
879 2727 1110 2797 Pegasuaiuutile
1121 2726 1363 2784 fideicommissum
1375 2743 1439 2784 osae
1450 2717 1581 2800 ιίιῖιῐίῐ

143 2836 228 2890 genus
246 2819 355 2875 artificii
374 2819 512 2874 adiectum
531 2833 585 2873 non
603 2821 692 2874 esset:
711 2817 761 2872 sed
778 2820 890 2887 praetor
907 2821 956 2871 sut
975 2815 1076 2872 arbiter
1094 2829 1129 2872 ex
1146 2815 1288 2882 uotuntete
1305 2816 1428 2874 defuncti
1446 2823 1475 2874 et
1489 2824 1580 2874 aetate

142 2913 169 2964 et
185 2909 348 2965 condicione
366 2912 395 2962 et
411 2913 510 2962 ustura
526 2907 692 2976 ingenioque
711 2907 784 2976 eius,
808 2906 853 2960 cui
870 2906 994 2984 relietum
1013 2905 1076 2976 erit,
1101 2909 1217 2975 statuet,
1236 2905 1310 2976 quod
1326 2907 1497 2978 potissimum
1515 2908 1579 2963 srti·

142 2997 231 3054 ficium
251 2997 332 3052 heres
349 2995 449 3052 docere
466 3011 530 3051 eum
548 2995 704 3066 sumptibus
723 2997 781 3050 ania
799 2994 908 3050 debeat.
1599 3005 1628 3046 ao

6 3069 116 3133 13
191 3087 369 3143 museus
396 3085 464 3140 libro
489 3085 610 3141 secundo
632 3083 915 3140 fideicommissorum.
952 3081 982 3138 St
1004 3081 1046 3138 aio
1067 3083 1175 3138 locutus
1197 3083 1249 3138 erit
1270 3088 1401 3140 testatorr
1424 3079 1579 3168 [W
1598 3090 1625 3144 Ρ

141 3175 225 3232 ‘heres
244 3189 324 3230 meus
341 3175 380 3228 itii
397 3171 512 3229 fundum
530 3171 610 3228 dato:
629 3171 693 3228 Seio
711 3173 764 3228 hec
782 3173 898 3241 amptius
916 3169 1029 3242 decem',
1053 3185 1108 3226 non
1123 3173 1179 3227 erit
1196 3170 1391 3244 dubitandum,
1415 3160 1580 3244 quint-eius

144 3271 169 3320 et
184 3264 264 3320 tundi
282 3267 389 3334 partem
407 3269 437 3318 et
454 3263 550 3318 decem
568 3273 603 3317 ex
621 3265 788 3318 testamento
806 3262 947 3332 percipere
965 3259 1075 3316 debeat.
1518 3273 1520 3278 ’

7 3331 29 3384 ῑ
43 3343 120 3402 4
192 3353 289 3410 Garbe
307 3352 376 3408 iihro
393 3353 482 3422 primo
499 3349 780 3406 fideicommissorum.
802 3345 870 3405 'Non
881 3349 996 3404 dubium
1009 3353 1060 3419 est,
1078 3349 1153 3419 quin,
1172 3349 1196 3403 si
1208 3349 1286 3405 uxori
1298 3351 1420 3420 legatum
1433 3351 1470 3405 ait
1481 3349 1512 3406 'si
1524 3365 1580 3407 uon
1599 3357 1626 3410 P

67 3441 115 3487 1
145 3441 279 3513 'nupserit'
291 3441 375 3512 idque
388 3442 434 3496 aiii
445 3442 590 3496 restituere
602 3445 701 3510 rogata
712 3441 756 3510 sit,
769 3439 895 3510 cogendo
903 3443 954 3508 est,
967 3439 1132 3508 sinopserit,
1146 3437 1298 3494 restituere.
1322 3439 1409 3496 Heres
1435 3453 1462 3499 u.
1471 3453 1509 3507 44,
1518 3454 1540 3508 a,
1552 3454 1580 3500 ιι
1599 3451 1628 3492 ³⁶

65 3529 126 3579 ἱ
145 3547 258 3602 quoque,
276 3532 322 3586 eui
340 3529 515 3585 iurisiurandi
533 3529 659 3586 condicio
675 3529 838 3598 remittitur,
850 3525 973 3598 tegetum
991 3532 1020 3582 et
1036 3525 1278 3583 toeieomntssnn
1297 3527 1387 3584 debet
1419 3517 1580 3586 Sed‘a'i‘oui

144 3621 262 3690 legatum
280 3621 406 3675 relictum
424 3625 481 3690 ert,
505 3623 536 3673 ut
554 3619 670 3674 alienam
681 3607 746 3673 'rem
765 3619 883 3673 redimet
899 3618 944 3672 uei
962 3619 1097 3686 praestet,
1121 3617 1145 3671 ai
1162 3616 1296 3672 redimere
1314 3631 1368 3673 non
1386 3620 1486 3689 possit,
1504 3619 1580 3690 quod

145 3709 269 3766 domiuus
289 3725 344 3764 ιιι
362 3708 466 3764 ueudat
483 3709 528 3763 uel
546 3707 691 3763 immodico
709 3707 798 3776 pretio
816 3707 927 3775 uendst,
946 3707 1046 3761 iustum
1066 3705 1283 3762 aestimationem
1301 3703 1426 3762 rutente.

22 3765 56 3827 ¹
67 3783 130 3846 ὅ
193 3798 371 3854 demortuus
387 3797 457 3853 libro
475 3796 596 3852 secundo
613 3795 895 3851 fideicommiseomm.
924 3795 984 3850 Hae
1000 3809 1045 3850 res
1060 3795 1202 3851 testatoris
1214 3795 1322 3864 legatae
1334 3809 1406 3865 quse
1423 3791 1580 3882 Q
1598 3799 1626 3854 P

144 3885 324 3957 inprotundo
342 3901 404 3942 esse
422 3885 559 3956 dicuntur,
577 3884 743 3955 quandoque
761 3885 946 3955 apparuerint,
964 3887 1147 3954 praestantur.
1599 3897 1628 3937 ιι

30 3947 68 4008 1
80 3967 129 4028 8
192 3977 368 4032 Ponuntur
383 3973 453 4032 libro
471 3976 559 4046 primo
577 3973 857 4030 fideicommissorum.
883 3972 975 4044 Saepo
992 3975 1114 4042 legatum
1129 3973 1237 4043 plenius
1248 3973 1406 4030 restituatur
1424 3970 1580 4060 Q
1598 3978 1626 4033 P

142 4081 385 4152 munerun)
1530 4073 1533 4082 “

143 4237 152 4272 ¹
168 4236 209 4291 sie
227 4233 323 4290 euenit
340 4239 372 4289 ut
388 4232 535 4302 interdum]
555 4233 627 4288 sicut
645 4231 790 4302 interdurn,
808 4233 862 4287 nti
928 4231 940 4268 ¹
957 4236 1087 4302 poterunt
1104 4231 1203 4300 (edati
1270 4229 1404 4302 ⁸iecerit]
1423 4230 1489 4290 fidei
1506 4246 1579 4290 oom-

142 4325 246 4380 miserit
262 4310 445 4406 (εἷιιςιίιι)
492 4321 580 4378 ⁴diui
593 4324 641 4390 (ιιι
655 4319 706 4388 W)
718 4321 826 4376 Marcus
838 4325 867 4378 et
878 4320 988 4377 Uerus?
1035 4319 1180 4377 ‘secundo
1193 4321 1236 4394 (cf
1249 4321 1409 4390 t.10tt.)i
1456 4320 1580 4378 ‘inserti

140 4475 157 4529 4
173 4473 344 4544 praecipue
362 4469 541 4542 spectanda's'
555 4469 779 4542 seruaudequ'a'e
797 4473 834 4526 Fi
888 4477 982 4527 rerunt
994 4473 1020 4525 F
1049 4471 1084 4527 21
1096 4470 1231 4527 coherede
1243 4471 1341 4536 mwt
1356 4473 1580 4545 praestituerunt]

141 4548 157 4601 6
174 4545 315 4600 niriasima
326 4545 351 4597 F
353 4553 365 4576 ¹
413 4545 431 4598 9
449 4548 481 4598 nt
495 4544 535 4599 eis
548 4544 676 4614 solueret]
688 4544 786 4607 ruiis,
804 4548 836 4599 ut
888 4545 958 4608 ΡΟ,
970 4543 1370 4614 praestiteruntfflWDEHst,
1382 4547 1581 4616 praestituruut

141 4617 262 4673 solueret
280 4615 321 4670 eia
335 4615 365 4679 0,
382 4620 415 4670 ut
426 4614 530 4670 eisdem
543 4617 662 4672 solueret
673 4617 711 4680 D,
729 4615 834 4670 eisdem
887 4616 926 4670 K‘·
979 4616 1014 4669 29
1036 4615 1208 4684 optiaeimum
1233 4611 1292 4669 FB·
1348 4615 1383 4672 tt
1406 4617 1520 4672 duuium
1544 4617 1579 4670 ΡΙ

141 4685 297 4753 sciuereW,
307 4687 415 4742 soluere
423 4686 527 4742 eisdem
536 4687 570 4753 Q:
582 4687 735 4742 κιτιιιιεῑι
746 4686 835 4748 aiteio
887 4687 922 4742 39
941 4686 1094 4742 marcianus
1109 4685 1145 4740 ΙΝ
1162 4689 1166 4754 Ι
1182 4685 1313 4756 seeundo]
1333 4689 1420 4756 primo
1440 4691 1474 4742 P·
1490 4691 1495 4755 Ι
1511 4688 1580 4743 ιιι

141 4759 257 4831 Bth'p.)
303 4759 339 4813 10
387 4757 507 4828 tuerent]
521 4757 776 4828 PKK,potuetum
789 4757 834 4824 F¹,
888 4759 939 4812 5²:
962 4757 994 4810 τι
1012 4756 1041 4810 ta
1064 4758 1104 4824 τῷ
1123 4759 1196 4827 Βγιῷ
1214 4759 1408 4822 ιιιιιτεγὸιιεκι
1426 4761 1451 4814 Β
1468 4761 1580 4832 (tipus.)

141 4833 257 4900 posmnt
270 4827 336 4884 WD
382 4829 406 4884 0
440 4829 475 4884 14
483 4827 621 4885 here‘s'dia
632 4827 667 4883 Ρ
704 4828 834 4899 lbpuhli-
886 4829 920 4884 41
944 4828 1118 4898 pomponius]
1142 4829 1306 4900 papinianus
1329 4829 1365 4884 Ρ
1386 4832 1391 4896 1
1412 4831 1578 4900 restituetur]

142 4902 251 4972 oumJF,
264 4899 412 4972 publicano
422 4899 551 4957 DEIGK
589 4903 623 4956 16
635 4900 704 4972 ipse]
717 4901 745 4956 iu
757 4900 833 4955 seF¹
892 4899 964 4966 WQ,
988 4899 1132 4956 restitutur
1149 4903 1182 4966 F,
1204 4900 1357 4956 restituitur
1374 4902 1479 4968 litto,
1502 4902 1579 4958 resti·

143 4971 398 5040 liuoiuit1uolet
419 4973 456 5026 p·
518 4973 551 5027 18
574 4971 778 5044 plerumque'nr’
797 4970 834 5026 F*
886 4975 980 5027 tuetur
998 4971 1083 5026 MK
1344 5007 1347 5016 ·

145 5043 175 5098 lt
192 5043 313 5100 faciendi
332 5044 370 5096 ι’
385 5045 390 5111 Ι
405 5041 527 5100 beredim
545 5043 582 5097 F·
635 5045 670 5099 20
688 5043 833 5114 rescripte
1006 5063 1007 5068 ¹
