3614 5460
72 287 122 334 sn
138 283 389 336 nna-conranc
404 285 524 336 siem
538 288 661 336 nunna
747 264 835 345 819
1176 270 1372 338 'llllllllvlll
1394 271 1513 335 81-3

73 427 150 479 aaut
167 423 313 494 publicone
331 424 432 480 iudicio
449 429 603 496 praeesset,
625 441 737 496 operam
755 425 893 496 dedisset,
911 441 966 497 quo
985 427 1047 498 quis
1064 425 1163 482 ialsnm
1182 425 1311 482 indicium
1330 426 1513 498 profiteretur,

41 517 106 567 tut
127 511 191 582 qnis
213 513 345 569 innocens
368 514 576 570 conueniretnr¹
596 515 832 570 condemnaretur.
869 515 1015 570 Praeterea
1038 520 1160 585 tenetur,
1185 517 1232 586 qui
1255 515 1372 570 hominis
1396 515 1513 571 necandi

73 614 161 656 causa
180 616 316 656 uenenum
335 600 484 657 coniecerit
501 601 621 657 dederit:
645 605 728 672 quiue
746 602 845 659 falsum
863 605 1051 660 testimonium
1070 603 1133 660 dolo
1153 605 1224 670 malo
1243 603 1354 672 dixerit,
1378 619 1433 673 qno
1452 605 1514 673 quis

72 689 185 759 publico
203 690 304 746 indicio
320 691 361 745 rei
379 685 504 760 capitalis
516 690 704 747 damnaretur:
723 693 805 762 quiue
818 693 996 762 magistratus
1008 693 1126 747 iudexuc
1139 692 1308 762 quaestionis
1321 692 1355 748 ob
1368 693 1512 762 capitalem

40 785 55 830 s
73 792 187 832 canam
205 780 350 849 pecuniam
369 780 507 849 acceperit
523 783 555 834 ut
571 780 682 850 publica
699 782 761 850 lege
779 795 842 836 rens
854 779 942 837 lieret.
969 782 1023 836 Et²
1035 782 1082 850 qui
1095 781 1231 836 hominem
1244 781 1384 850 occiderit,
1402 780 1514 851 punitur
1532 793 1546 833 s

1322 867 1401 874 ..η-ψ..
1409 868 1413 871 .
1433 866 1513 872 -..μ-..-

41 874 55 920 t
74 881 130 922 non
142 866 237 922 hahita
249 867 411 936 differentia,
423 867 501 922 cuins
514 869 682 924 condicionis
694 868 831 924 hominem
842 871 990 926 interemit.
1014 870 1103 924 Diuus
1116 867 1349 952 [benneshusun
1358 869 1513 953 ιιι-ΠΨ

1131 949 1162 953 ,-
1177 947 1342 954 -.-,...-..-....

73 955 231 1010 Hadrianus
249 957 390 1025 rescripsit
408 971 485 1026 enm,
509 955 556 1025 qui
574 954 712 1014 hominem
730 957 845 1028 oceidit,
867 959 890 1013 si
909 973 964 1013 non
983 957 1126 1013 occidendi
1144 960 1235 1013 animo
1253 958 1305 1014 hoc
1323 948 1447 1028 admisit]
1466 960 1513 1015 ab·

73 1043 147 1098 solui
164 1057 254 1113 posse,
273 1050 302 1100 et
319 1046 366 1114 qni
384 1045 521 1099 hominem
541 1060 595 1100 uon
613 1045 723 1117 occidit,
741 1046 791 1101 sed
809 1047 973 1116 uulnerauit,
992 1052 1023 1101 nt
1037 1046 1153 1116 occidat,
1172 1062 1221 1117 pro
1233 1045 1370 1101 homicida
1383 1047 1513 1102 damnan-

73 1130 156 1185 dnm:
175 1134 205 1186 ει
221 1146 256 1186 ex
274 1147 304 1186 re
321 1133 544 1188 constituendum
562 1132 629 1188 hoe:
648 1151 711 1188 nam
730 1136 753 1190 si
771 1135 894 1204 gladium
913 1135 1052 1190 strinxerit
1070 1140 1098 1190 et
1111 1135 1138 1189 in
1151 1137 1202 1190 eo’
1214 1135 1388 1206 percusserit,
1407 1135 1513 1190 indubi-

73 1223 133 1274 tate
151 1219 293 1274 occidendi
312 1221 403 1290 animo
422 1221 450 1276 id
467 1237 530 1276 enm
550 1221 709 1278 admisisse:
727 1223 776 1278 sed
790 1224 813 1278 si
825 1224 896 1278 clani
908 1223 1045 1293 percussit
1057 1227 1105 1278 ant
1117 1238 1250 1278 ouccnma
1261 1224 1289 1277 in
1301 1224 1368 1293 rixa,
1388 1225 1514 1293 quamuis
1533 1233 1561 1273 ro
1628 1269 1635 1284 ,

73 1305 148 1362 ierro
166 1309 341 1377 percusserit,
360 1312 453 1364 tamen
471 1325 527 1366 uon
545 1310 687 1366 occidendi
706 1312 822 1367 animo⁴.
849 1311 1021 1366 ⁵leniendam
1044 1326 1161 1381 poenam
1182 1311 1249 1379 eius,
1268 1312 1315 1380 qui
1334 1313 1361 1366 in
1375 1313 1435 1366 rixa
1447 1327 1513 1367 casn

39 1397 165 1465 smagis
182 1412 264 1466 quam
284 1398 426 1453 uoluntate
443 1397 618 1453 homicidium
637 1399 756 1456 admisit.
785 1401 853 1454 ltem
873 1399 954 1455 dinus
972 1399 1128 1454 Hadrianus
1146 1401 1286 1470 rescripsit
1304 1415 1375 1470 eum,
1394 1401 1441 1470 qni
1457 1405 1513 1455 stu-

40 1497 154 1554 sprnm
173 1485 226 1540 sibi
244 1487 289 1540 nel
308 1487 366 1540 suis
383 1501 433 1556 per
451 1487 506 1542 uim
526 1485 686 1542 inserentem
705 1487 820 1557 occidit,
838 1487 1040 1543 dimittendum.
1077 1487 1133 1542 Sed
1151 1493 1180 1542 et
1197 1489 1225 1542 in
1244 1503 1315 1556 eum,
1334 1489 1381 1556 qui
1400 1504 1512 1543 uxorem

1302 1572 1513 1580 -----—-.--—u

73 1571 274 1642 deprehensam
293 1575 320 1630 in
339 1575 473 1630 adulterio
490 1575 604 1643 occidit,
623 1575 704 1630 diuns
722 1575 788 1629 Pina
805 1575 936 1631 leniorem
954 1591 1071 1646 poenam
1090 1575 1266 1646 irrogandam
1285 1573 1513 1644 lci.1).48,5,89‚8

1285 1633 1297 1658 l.
1308 1654 1310 1656 .

74 1675 138 1716 esse
155 1662 274 1732 scripsit,
292 1669 321 1718 et
338 1662 481 1718 humiliore
498 1663 559 1719 loco
577 1663 697 1734 positum
716 1664 743 1718 in
757 1664 867 1719 exilium
879 1671 1042 1735 perpetuum
1055 1664 1114 1719 dari
1127 1665 1215 1734 iussit,
1233 1664 1261 1719 in
1274 1653 1512 1735 aliqffdigffitate
1532 1673 1560 1713 1⁵

73 1749 195 1818 positum
215 1747 226 1817 i
245 1751 280 1805 ad
299 1757 408 1821 tempus
426 1752 551 1820 relegari.
872 1753 873 1756 ’
1530 1757 1546 1803 i.
1557 1758 1603 1804 401

35 1842 55 1900 2
128 1836 281 1894 Ucrrsuns
301 1839 371 1895 libro
394 1841 481 1910 primo
504 1839 539 1895 de
563 1837 702 1895 adulteris.
726 1839 896 1896 ‘lnauditum
920 1838 1006 1895 filium
1028 1845 1108 1911 pater
1130 1839 1256 1895 occidere
1280 1857 1335 1896 non
1353 1837 1512 1925 [ᾗῇ-ᾗ
1532 1844 1567 1897 S*

73 1929 176 1995 potest,
195 1927 244 1981 sed
263 1943 393 1982 accusare
412 1943 474 1983 enm
494 1928 567 1998 apud
585 1927 754 1996 praelectum
773 1929 964 1998 praesidemus
983 1929 1140 1997 prouinciae
1158 1927 1249 1983 debet.
1300 1933 1302 1940 ’

37 2018 56 2076 3
126 2014 303 2070 llaacrsnus
326 2015 395 2070 libro
416 2021 514 2086 quomo
533 2016 640 2072 decimo
657 2017 867 2072 institutionum.
904 2015 1034 2071 Eiusdem
1054 2016 1123 2085 legis
1142 2015 1283 2071 Corneliae
1302 2017 1337 2072 de
1356 2013 1553 2101 ῇιΤ-ιιῐῖιῇδ

72 2102 180 2157 sicania
198 2109 227 2157 st
244 2103 374 2160 ueneficis
393 2105 483 2174 capite
501 2105 606 2174 quinto,
625 2104 673 2174 qui
687 2119 823 2160 uenenum
837 2105 952 2159 necandi
968 2104 1084 2159 hominis
1097 2119 1181 2159 eausa
1193 2103 1290 2158 iecerit
1301 2107 1345 2159 uel
1359 2094 1514 2163 trandiderit
1532 2115 1561 2157 ro

44 2204 53 2247 1
73 2191 119 2245 nel
137 2190 272 2260 hahuerit,
290 2193 427 2262 plectitur.
456 2192 586 2247 Eiusdem
604 2193 674 2262 legis
691 2208 781 2262 poena
799 2191 933 2260 adiicitur,
953 2193 999 2262 qni
1018 2193 1046 2247 in
1063 2192 1203 2261 publicum
1222 2193 1296 2247 mala
1313 2194 1514 2250 medicamenta

43 2277 231 2336 tuendiderit
248 2281 292 2335 uei
310 2281 428 2336 hominis
446 2281 563 2336 necandi
580 2295 666 2336 cansa
683 2280 817 2336 habuerit.
854 2281 980 2335 Adiectio
998 2285 1090 2335 autem
1108 2281 1163 2334 ista
1181 2280 1283 2335 ‘rieneni
1302 2281 1373 2336 maii‘
1391 2283 1514 2338 ostendit

73 2381 136 2422 esse
161 2368 297 2437 quaedam
322 2374 351 2424 et
368 2386 422 2425 non
441 2371 514 2424 mala
530 2385 646 2425 nenena.
679 2385 745 2439 ergo
764 2384 863 2424 nomen
881 2369 1001 2424 medinm
1020 2374 1064 2424 est
1081 2371 1110 2423 et
1127 2374 1184 2423 ιαιιι
1203 2369 1244 2437 id,
1268 2369 1342 2438 qnod
1361 2370 1397 2424 ad
1415 2386 1513 2426 sanan.

73 2455 149 2524 dum,
169 2471 252 2525 quam
270 2457 307 2526 id,
325 2458 399 2527 quod
418 2457 454 2512 ad
472 2458 651 2513 occidendum
670 2464 796 2528 paratum
815 2463 867 2527 est,
885 2459 1014 2526 continet,
1033 2457 1084 2512 sed
1102 2461 1131 2511 ct
1147 2456 1176 2510 id
1194 2455 1268 2526 qnod
1287 2459 1449 2513 amatorium
1466 2475 1513 2528 ap·

73 2545 205 2614 pellatur:
230 2543 281 2599 sed
303 2545 355 2601 hoc
373 2547 460 2602 solnm
479 2551 590 2602 notatur
607 2547 635 2601 in
654 2563 688 2602 ea
705 2547 781 2617 lege,
804 2545 878 2616 quod
897 2546 1014 2601 hominis
1033 2545 1149 2600 necandi
1166 2561 1251 2600 causa
1268 2545 1378 2601 habet⁸.
1410 2547 1459 2601 scd
1478 2561 1513 2602 ex
1532 2557 1561 2598 rs

74 2639 189 2688 mustus
212 2635 337 2689 consulto
358 2635 475 2704 relegari
492 2636 568 2690 tussa
586 2639 630 2690 est
647 2649 695 2704 ca,
718 2651 789 2705 quae
807 2650 862 2690 non
879 2633 991 2704 quidem
1011 2634 1081 2689 malo
1100 2634 1204 2704 animo,
1228 2635 1277 2689 sed
1296 2635 1368 2689 malo
1388 2635 1513 2705 exemplo

47 2721 305 2777 smedicamentnm
324 2723 360 2777 ad
378 2724 584 2793 conceptionem
603 2723 687 2792 dedit,
706 2739 740 2779 ex
759 2739 813 2794 qno
832 2738 954 2793 eaquae
973 2728 1117 2793 acceperat
1134 2723 1291 2778 decesserit.
1319 2723 1381 2779 Alio
1400 2729 1513 2779 senatus

74 2811 203 2866 consulto
221 2811 348 2865 effectum
368 2815 419 2882 est,
436 2817 470 2866 ιιι
487 2812 671 2882 pigmentarii,
689 2821 714 2867 st
732 2813 776 2867 cui
793 2818 897 2868 temere
915 2813 1033 2867 cicutmn
1052 2811 1251 2866 salamandram
1271 2813 1409 2866 aconitum
1424 2813 1513 2882 pituo·

74 2915 189 2969 campas
212 2901 276 2954 anti
300 2898 470 2955 hubrostiml
494 2901 703 2970 mandragoram
727 2905 756 2956 et
778 2901 821 2972 id,
848 2900 922 2971 qnod
941 2901 1113 2956 lustramenti
1137 2915 1222 2954 causa
1245 2899 1352 2956 dederit
1378 2901 1512 2956 canthari·

43 2995 56 3042 ι
73 2987 151 3057 das’,
170 3001 259 3056 poena
274 2993 420 3043 manantur
436 2988 517 3043 huius
534 2989 613 3058 legis.
641 2989 709 3044 ltem
722 2989 754 3060 is,
773 2990 852 3044 cuius
864 2987 967 3044 familia
979 2989 1083 3044 sciente
1096 3003 1129 3044 eo
1142 2989 1306 3059 apiscendae
1318 2989 1513 3060 reciperandae
1533 2999 1561 3040 so

71 3075 260 3146 possessionis
282 3089 368 3131 cansa
390 3092 467 3131 arma
489 3077 650 3147 sumpserit:
673 3079 739 3133 item
763 3079 811 3147 qui
834 3083 931 3133 auctor
951 3078 1093 3133 seditionis
1110 3075 1206 3132 fuerit:
1229 3081 1258 3132 ει
1275 3077 1322 3148 qui
1339 3077 1512 3148 naufragium

71 3165 274 3235 suppresserit:
293 3169 322 3219 et
338 3165 385 3234 qni
405 3163 475 3220 laisa
490 3165 593 3221 indicia
609 3164 752 3222 sociemus
769 3164 853 3222 inerit
870 3163 1062 3222 confitendaue
1077 3166 1222 3236 enrauerit,
1241 3182 1296 3236 quo
1308 3159 1369 3236 qnis'
1381 3167 1513 3222 innocens

72 3259 271 3331 mxrnoo)

69 3407 81 3442 ¹
110 3405 180 3458 idem
201 3403 297 3458 Graeci
320 3403 494 3470 (anteponatis
522 3403 592 3468 BS):
616 3404 858 3460 circumueniretur
880 3403 1029 3469 (Oscincium
1053 3407 1087 3476 cs.
1106 3403 1153 3458 te
1171 3403 1217 3472 §4
1232 3404 1286 3457 int
1306 3410 1330 3458 et
1349 3403 1441 3458 Cicero
1464 3423 1513 3472 pro

70 3475 231 3538 amiso,
246 3475 310 3528 151:
333 3473 404 3529 hanc
427 3475 435 3528 i
456 3473 638 3544 sam'legcm,
662 3491 696 3530 ne
719 3476 781 3544 quis
805 3475 907 3530 iudicio
930 3474 1187 3542 circumueniretur,
1211 3474 1242 3528 C.
1260 3473 1401 3528 Gracchus
1420 3474 1513 3538 tuliti'i

66 3546 137 3601 'et
154 3547 202 3600 dei.
281 3545 340 3599 'ct
357 3545 385 3599 in
404 3491 516 3614 cesant
533 3545 588 3600 telo
607 3547 764 3612 (a.nct.4)?
846 3547 906 3629 ‘ss
928 3545 1032 3630 Ulpiani
1049 3547 1080 3598 de
1097 3549 1185 3668 ιὲίῄσιο
1202 3548 1362 3628 proconsulis
1379 3545 1445 3598 libro
1459 3543 1517 3634 llll

64 3615 766 3755 iuti„instituiturstultitius
783 3615 1032 3756 ,lisitltitiit
1045 3630 1104 3741 iti
1118 3613 1514 3754 iiiiiiitifftiiiu:
1575 3719 1579 3727 .

65 3759 141 3815 eida
159 3755 314 3812 damnatur.
342 3771 357 3810 e
376 3761 416 3820 (ει
432 3759 503 3820 iibri)
521 3772 551 3810 re
569 3757 663 3826 itaque
682 3757 903 3813 constituendum
922 3761 965 3812 est
983 3772 1018 3812 ex
1036 3755 1122 3824 ferro,
1142 3773 1197 3824 qno
1216 3760 1261 3821 (ex
1280 3770 1335 3824 qno
1353 3754 1425 3810 ierro
1443 3756 1515 3822 istri)

65 3829 215 3900 percussit
233 3827 436 3898 Epaphroditns
460 3825 647 3896 (ipsafroditus
671 3831 820 3884 :tristiumue
843 3829 922 3892 iibri).
949 3843 1012 3882 nam
1037 3829 1061 3882 si
1085 3827 1205 3896 gladium
1230 3827 1368 3880 instrinxit
1391 3831 1439 3880 aut
1459 3826 1515 3882 telo

65 3899 223 3970 percussit,
242 3899 307 3968 quid
326 3898 438 3954 dubium
459 3905 509 3966 ast,
528 3899 593 3967 quin
612 3899 670 3968 (qni
689 3915 743 3954 non
761 3899 831 3964 istri)
850 3898 993 3954 occidendi
1011 3900 1102 3953 animo
1120 3897 1278 3968 percussit?
1296 3898 1319 3951 si
1332 3898 1403 3951 clani
1422 3902 1514 3950 autem

66 3973 127 4036 (sic
146 3969 267 4038 lapidem
285 3969 355 4035 istri)
373 3970 509 4038 percussit
527 3975 575 4024 aut
586 3985 711 4038 cucuma,
730 3971 790 4036 (aut
802 3978 848 4024 ins.
861 3969 931 4034 iibri)
944 3985 1006 4024 cum
1025 3968 1094 4024 iortc
1107 3969 1260 4023 rixarentur
1272 3969 1416 4032 (nxaretur
1428 3969 1514 4031 litati:

67 4041 150 4099 ierro
169 4041 314 4110 percussit,
332 4039 382 4094 sed
401 4056 455 4095 non
473 4039 616 4096 occidendi
635 4047 734 4096 mente.
762 4055 828 4108 ergo
847 4039 899 4094 hoc
918 4041 1052 4109 exquirite
1067 4044 1104 4109 et,
1123 4041 1146 4094 si
1160 4040 1287 4096 uoluntas
1299 4039 1441 4094 occidendi
1454 4036 1514 4106 init,

69 4119 105 4169 nt
125 4111 294 4166 homicidam
312 4125 421 4166 sernum
441 4112 575 4181 supplicio
598 4127 661 4166 enm
684 4113 742 4165 inre
765 4109 858 4165 iubete
882 4109 954 4165 affici
1042 4113 1053 4148 ⁶
1077 4111 1150 4165 unde
1168 4111 1304 4178 colligitur
1320 4114 1448 4163 similinus
1467 4117 1513 4162 iar.

70 4182 245 4240 ‘habeturi
316 4183 452 4236 'nutriet
524 4183 620 4236 ⁸idem
635 4183 730 4237 Graeci
743 4184 777 4245 (u.
791 4185 832 4246 ti:
851 4181 1002 4251 buprestim
1021 4185 1064 4252 (cs.
1078 4183 1178 4235 Plinius
1190 4182 1214 4233 Ιι.
1226 4201 1251 4232 n.
1264 4181 1306 4242 28,
1319 4183 1345 4244 9,
1358 4180 1424 4234 128.-
1442 4179 1515 4249 potis

71 4255 270 4326 pityocampes
282 4251 420 4321 buprestis
433 4251 621 4307 cantharidum
635 4257 684 4306 aut
695 4252 884 4307 salamandrae
895 4253 1008 4308 uenenis
1021 4251 1085 4319 all?
1140 4253 1152 4286 ⁹
1165 4251 1383 4320 mandragoram,
1395 4253 1515 4320 praetcr-

74 4341 161 4396 qnam
181 4325 353 4378 lustramenti
372 4339 465 4394 causa,
484 4323 658 4379 cantharidas
676 4322 823 4378 dederint?

78 4455 263 4518 idsdiaset*
288 4457 324 4509 F*
395 4453 771 4526 21ιοιιιίιιίε]ιιιιιιιίιιίειῡ·ι
824 4453 889 4509 riis
901 4455 939 4508 Ρ
954 4454 959 4521 Ι
976 4451 1105 4508 beneficis
1119 4453 1153 4506 F*
1194 4454 1228 4507 21
1242 4467 1347 4522 poenae
1361 4452 1386 4504 F
1420 4453 1456 4507 22
1469 4467 1515 4506 ns·

78 4531 93 4583 4
120 4527 168 4596 obl
199 4526 236 4581 ub
262 4528 289 4579 F
353 4527 370 4581 6
396 4526 543 4596 ιιοιιιὶιιειιι]
571 4528 707 4581 nominem
737 4525 771 4578 F¹
824 4525 897 4593 neni]
916 4524 1032 4590 uellniF
1073 4525 1108 4578 28
1126 4524 1150 4578 si
1169 4523 1271 4589 (sinF)
1290 4524 1333 4577 eui
1351 4529 1455 4577 temere

79 4599 94 4654 9
112 4599 238 4654 strixerit
256 4599 300 4665 F}
320 4603 351 4652 et
373 4599 401 4652 ln
424 4613 458 4652 eo
481 4597 656 4668 percusserit]
682 4599 720 4651 rai
744 4595 771 4650 tt
825 4598 859 4652 29
877 4596 984 4650 dederit
1002 4594 1184 4664 cantharidas}
1204 4595 1343 4664 nponardrc
1355 4594 1446 4654 sisois
1467 4613 1514 4646 nm

79 4668 162 4732 siro?
179 4667 405 4722 nhutscrrsiBS
459 4671 493 4723 10
505 4669 644 4736 cuccuma]
660 4667 771 4730 κογκοῨ·
826 4669 938 4721 adustos
957 4665 1058 4728 (κόιιιοιι
1077 4665 1153 4736 Sym,
1178 4665 1315 4734 ciprianus
1336 4665 1371 4730 B)
1398 4663 1412 4716 si
1438 4675 1515 4718 caha-

80 4759 138 4796 rnoa
162 4739 221 4803 RS,
240 4739 418 4810 Ospaoodprors
437 4739 770 4808 anteposuerim.
825 4739 943 4808 sinopae
962 4737 977 4789 ir
997 4735 1120 4790 Ᾰκόκιτοιι
1140 4735 1346 4799 ιἰιιιτγοκᾶιιιιιιιι
1367 4733 1515 4804 ιἰΒοῩιιρω-

81 4813 111 4866 il
131 4810 289 4866 leniendum
303 4812 339 4863 F¹
355 4813 360 4878 1
376 4810 451 4878 casu]
470 4811 603 4864 oausaF¹
658 4809 691 4863 13
710 4809 772 4878 sibi]
826 4827 880 4863 ctis
900 4809 915 4860 r'r
934 4807 1114 4878 uanhptsopsu
1139 4806 1154 4859 ir
1180 4807 1335 4876 secespitae
1354 4807 1380 4858 Β
1399 4806 1517 4870 (Aaou).

79 4881 132 4937 sitii
142 4883 169 4934 F
178 4884 183 4946 Ι
199 4881 321 4950 potuim]
334 4895 422 4935 rerum
435 4882 470 4934 ΡΙ
507 4879 726 4935 lbeteumiliore
737 4879 771 4932 F¹
824 4881 1014 4950 mandragorae
1033 4897 1105 4931 naum
1124 4879 1262 4948 legitimam
1281 4885 1307 4930 in
1324 4875 1517 4930 lustrationibus

81 4953 114 5008 li
131 4951 297 5020 inauditum]
322 4961 397 5023 quusi
415 4959 479 5006 meet
495 4950 570 5005 dicto
587 4967 642 5006 non
660 4951 772 5004 audien·
825 4951 927 5004 aliunde
943 4948 1055 5020 probare
1072 4967 1123 5001 non
1139 4967 1243 5020 possum

79 5027 152 5092 biti,
175 5030 278 5077 certum
294 5023 336 5077 B:
359 5022 406 5076 τὸιι
432 5019 590 5083 intitulare
648 5021 684 5075 20
703 5021 772 5075 sica·

14 5259 51 5304 :U

14 5291 118 5415 hu

60 5363 116 5402 .·:i

1245 5101 1306 5159 52*
