3584 5454
75 259 126 306 nr
140 258 386 308 concussione.
410 261 456 310 uu
471 260 605 310 serenus
751 238 837 320 787
1085 245 1264 314 XXXXVll
1287 247 1328 312 12
1347 254 1364 308 6
1384 281 1416 292 -
1437 248 1514 312 141

32 396 58 454 6
132 397 274 454 lurrarrue
297 397 366 454 libro
390 398 498 456 decimo
521 397 700 470 digestorum.
737 398 879 469 Sepulchri
897 401 992 456 uiolati
1010 401 1082 456 actio
1100 402 1129 458 in
1147 403 1241 472 primis
1259 401 1340 458 datur
1359 397 1555 486 [πε

77 484 113 554 ei,
131 485 168 540 ad
186 501 267 556 quem
286 502 330 542 res
348 487 474 556 pertinet
505 502 560 557 qao
579 493 705 544 cessante
723 489 747 544 ei
766 489 835 544 elius
853 490 948 560 egerit,
967 490 1093 558 quamuis
1112 490 1296 560 reipublicae
1314 507 1398 546 causa
1416 480 1516 548 afuerrt

77 573 219 644 domiuus,
243 589 297 632 nou
319 575 431 630 debebit
454 591 489 630 ex
512 577 618 646 integro
639 577 772 634 aduersus
791 594 867 648 eum,
891 579 939 648 qui
956 579 1011 634 litis
1030 579 1249 634 aestimationem
1268 581 1422 649 sustulerit,
1446 579 1514 636 dari.

77 678 130 718 nec
147 668 241 733 potest
258 663 345 718 uideri
364 664 483 720 deterior
500 662 559 720 ficri
577 665 702 722 condicio
720 667 788 736 eius,
810 667 857 736 qui
875 666 1058 737 reipublicae
1076 683 1162 724 causa
1179 665 1256 737 afuit,
1275 683 1338 724 cum
1356 667 1424 724 haec
1442 671 1515 726 actio

77 767 134 808 uon
155 751 191 806 ad
209 767 267 808 rem
286 751 446 808 familiarem
466 753 597 824 eiusdem,
617 756 723 824 ²nagis
742 755 778 810 ad
795 757 925 812 ultionem
944 755 1088 825 pertineat.
1533 771 1546 811 e

35 837 58 896 7
130 840 306 898 Macerinus
323 841 392 898 libro
410 842 491 898 tertio
510 842 721 898 institutionum.
749 843 891 914 Sepulchri
903 843 1067 900 deteriorem
1080 843 1267 900 condicionem
1280 842 1339 899 fieri
1357 841 1514 927 [ἷιιῖιζῐ
1532 852 1554 908 s

77 928 243 998 prohibitum
253 933 309 986 est:
322 929 372 986 sed
385 935 542 999 corruptum
555 936 584 985 et
595 931 702 1000 lapsum
715 939 921 988 monumentum
933 932 1092 1002 corporibus
1105 948 1160 988 non
1172 933 1306 988 contectis
1317 933 1382 988 lieet
1393 933 1513 990 reficere.

34 1015 58 1074 8
130 1018 237 1074 heora
254 1017 323 1074 libro
341 1019 429 1088 primo
447 1018 626 1088 publicorum.
654 1019 796 1090 Sepulchri
808 1022 903 1078 uiolati
915 1022 1017 1078 crimen
1029 1026 1122 1091 potest
1135 1021 1188 1076 dici
1202 1021 1237 1076 sd
1249 1021 1338 1091 legem
1357 1017 1515 1107 [UH-er}
1532 1029 1554 1084 S

76 1105 174 1162 Iuliam
198 1106 233 1162 de
255 1107 284 1162 ni
307 1107 418 1177 publica
440 1108 576 1178 pertinere
599 1109 702 1166 exilia
725 1115 817 1180 parte,
840 1125 896 1180 qua
919 1109 954 1166 de
972 1126 1005 1166 eo
1024 1113 1151 1179 cauetur,
1177 1111 1224 1180 qui
1242 1108 1338 1166 fecerit
1355 1111 1436 1182 quid,
1459 1129 1514 1182 quo

77 1193 168 1249 minus
186 1194 284 1264 ahquis
301 1194 443 1254 iuueretur
461 1198 659 1266 sepeliaturue:
677 1197 743 1268 quia
759 1199 852 1268 etqui
870 1199 1043 1269 sepulchrum
1062 1199 1160 1268 uiolet,
1178 1197 1253 1270 facit,
1272 1215 1326 1268 quo
1344 1201 1406 1270 quis
1424 1201 1515 1257 minus
1534 1211 1562 1252 ro

76 1282 202 1352 sepultus
219 1284 264 1338 sit.

37 1371 57 1429 9
130 1370 209 1426 lnmr
226 1371 294 1428 libro
312 1372 434 1430 secunde
450 1372 621 1443 publicorum
640 1373 811 1430 iudiciorum.
838 1375 881 1430 De
899 1374 1044 1445 sepulchro
1061 1374 1164 1432 uiolato
1183 1376 1255 1431 acho
1271 1391 1337 1446 quo·
1356 1371 1515 1462 [Q
1532 1381 1572 1458 Sf

76 1473 131 1528 que
148 1461 308 1530 pecuniaria
325 1461 415 1518 datur.

18 1547 60 1606 10
129 1548 311 1604 Parnasus
329 1549 397 1606 libro
416 1556 515 1606 octauo
533 1551 733 1621 quaestionum.
770 1551 929 1618 Quaesitum
948 1556 999 1622 est,
1018 1568 1054 1608 an
1072 1551 1108 1608 ad
1125 1550 1253 1606 heredem
1271 1567 1318 1607 ne·
1337 1548 1424 1635 [hen
1436 1567 1514 1622 aare
1531 1559 1559 1614 P

76 1637 235 1707 cessarium,
254 1653 316 1694 cum
334 1653 364 1694 se
383 1638 462 1696 bonis
480 1655 535 1695 non
554 1640 717 1710 miscuisset,
736 1641 808 1696 actio
826 1640 962 1710 sepulchri
981 1641 1076 1696 uiolati
1093 1641 1251 1710 pertineret.
1282 1640 1339 1696 dixi
1357 1645 1431 1698 recte
1450 1658 1513 1698 curn
1533 1655 1561 1694 re
1655 1681 1665 1694 .

76 1739 111 1780 ea
128 1727 236 1782 actione
254 1727 381 1797 experiri,
401 1743 472 1798 quse
490 1729 517 1784 in
536 1727 638 1784 bonum
656 1733 685 1784 et
702 1743 820 1798 aequm
839 1735 973 1800 concepta
991 1733 1047 1784 est:
1066 1744 1117 1784 nec
1135 1735 1227 1785 tamen
1240 1729 1281 1784 si’
1293 1730 1388 1806 egerit,
1407 1729 1513 1788 heredi·

77 1815 162 1870 tarios
180 1814 330 1872 creditores
347 1816 467 1887 timebit,
492 1833 554 1872 cnm
573 1819 625 1873 etsi
643 1833 692 1888 por
710 1818 889 1874 hereditatem
908 1820 1008 1889 optigit
1026 1817 1094 1873 haec
1112 1818 1198 1886 actio,
1217 1817 1283 1872 nihil
1301 1821 1395 1892 tamen
1413 1833 1448 1874 ex
1467 1819 1515 1875 de·

76 1900 165 1958 iuncti
182 1905 306 1973 capietur
323 1906 474 1976 uoluntate,
492 1921 581 1976 neque
599 1906 628 1962 id
647 1907 779 1978 capiatur,
797 1907 871 1978 quod
889 1908 918 1964 in
935 1908 975 1963 rei
992 1907 1192 1980 persecutione,
1210 1905 1260 1962 sed
1278 1906 1307 1962 in
1320 1907 1379 1962 sola
1391 1907 1515 1964 uindicta

75 1992 114 2048 sit
132 1994 321 2048 coustitutum.
1534 2007 1563 2048 ιι

21 2083 55 2140 ll
130 2080 249 2138 Paucos
266 2080 335 2138 libro
353 2082 448 2152 quinto
467 2083 673 2140 sententiarum.
699 2083 749 2138 Rei
762 2083 965 2154 sepulchrorum
978 2079 1151 2152 uiolatorum,
1170 2083 1194 2138 si
1206 2097 1321 2151 corpora
1339 2077 1514 2167 [etQ
1534 2091 1561 2144 P

74 2169 138 2238 ipsa
154 2171 322 2226 extraxerint
340 2172 384 2226 uel
402 2186 467 2226 ossa
484 2171 613 2241 eruerint,
630 2171 781 2226 humilioris
799 2171 910 2241 quidem
928 2170 1053 2228 ionunae
1072 2186 1179 2226 summo
1194 2170 1329 2240 supplicio
1342 2169 1514 2242 adficiuntur,

75 2255 248 2314 honestiores
265 2259 294 2314 in
311 2259 429 2314 insulam
448 2259 636 2329 deportantur.
663 2261 731 2317 alias
749 2267 842 2318 autem
859 2261 1017 2331 relegantur
1034 2266 1082 2316 aut
1099 2260 1128 2314 in
1146 2260 1285 2315 metallum
1303 2257 1479 2314 damnantur.

509 2547 547 2625 ht
586 2548 650 2624 DE
683 2415 1004 2628 OOglKglllleIONE
1045 2548 1083 2625 lt
1533 2575 1563 2616 u

40 2707 56 2762 1
130 2701 282 2759 Uarianos
308 2701 377 2758 libro
404 2703 501 2772 quinto
524 2705 691 2774 opinionum.
728 2703 758 2760 Si
781 2705 908 2760 simulato
930 2704 1065 2775 praesidis
1087 2703 1165 2759 iussu
1188 2702 1333 2758 concussio
1357 2695 1580 2786 [Εἷς-18.

75 2791 233 2861 interuenit,
252 2790 373 2847 ablatum
392 2792 526 2848 eiusmodi
545 2799 648 2849 terrore
667 2793 773 2848 restitui
792 2808 901 2862 praeses
919 2793 1076 2863 prouinciae
1094 2791 1171 2848 iubet
1189 2796 1218 2846 ct
1236 2791 1365 2846 delictum
1384 2799 1495 2846 coercet.

39 2883 58 2942 2
130 2879 237 2935 hisoen
253 2879 323 2936 libro
341 2881 428 2950 primo
446 2880 617 2950 publicorum
635 2881 806 2937 iudiciorum.
838 2881 1032 2937 concussionis
1049 2881 1180 2936 iudicium
1198 2880 1337 2950 publicum
1357 2875 1554 2964 [ΜΒ

76 2983 133 3023 non
150 2975 206 3024 est:
225 2967 275 3024 sed
293 2969 317 3024 si
335 2968 398 3024 ideo
415 2971 559 3040 pecuniam
576 2971 638 3039 quis
650 2971 766 3040 accepit,
784 2969 858 3040 quod
870 2971 973 3026 crimen
985 2970 1104 3025 minatus
1116 2970 1161 3039 sit,
1179 2975 1272 3040 potest
1283 2969 1413 3024 indicium
1426 2969 1514 3040 publi·

76 3070 139 3112 eum
159 3071 221 3112 esse
239 3073 274 3112 sx
291 3063 404 3114 senatus
422 3059 567 3130 consultis,
585 3058 685 3129 quibus
702 3073 793 3128 poena
809 3059 879 3129 legis
898 3059 1039 3115 Corneliae
1057 3059 1145 3114 teneri
1162 3058 1303 3128 iubentur,
1321 3059 1415 3127 quiin
1433 3073 1513 3138 acen·

75 3145 212 3200 sationem
235 3147 420 3202 innocentium
444 3147 559 3202 coierint
579 3149 661 3218 quiue
680 3147 716 3203 ob
734 3147 918 3204 accusandum
936 3147 981 3202 uel
999 3162 1055 3203 non
1072 3147 1272 3217 accusandum,
1296 3145 1512 3202 denuntiandum
1532 3156 1562 3197 so

75 3233 121 3289 uel
139 3249 195 3290 non
213 3233 429 3291 denuntiandum
447 3237 634 3292 testimonium
653 3237 797 3306 pecuniam
816 3237 962 3307 acceperit.

579 3391 1011 3628 saliban
1531 3537 1580 3593 ..

31 3687 54 3743 1
129 3677 281 3734 llnemnue
297 3677 366 3734 libro
379 3682 478 3734 octauo
490 3677 525 3734 de
537 3677 627 3735 oidcio
639 3681 835 3750 pmconsulis⁸.
864 3681 906 3736 De
918 3679 1024 3749 abigeis
1036 3677 1181 3749 puniendis
1193 3678 1232 3732 ita
1244 3676 1325 3732 diune
1337 3673 1510 3760 [Q
1529 3678 1550 3733 S

74 3767 234 3823 Hadrianus
246 3768 358 3824 oonsilio
369 3769 500 3824 Baeticae
511 3769 682 3840 rescripsit⁴:
696 3767 794 3839 'abigei
806 3784 868 3824 cnm
881 3767 1026 3824 durissime
1037 3768 1195 3838 puniuntur,
1208 3765 1244 3822 ad
1256 3764 1378 3836 gladium
1388 3763 1512 3818 damnari
1530 3773 1560 3815 ee

73 3883 270 3954 marimo)

73 4023 156 4150 hee?i
176 4026 322 4150 ιιιᾶᾰᾶιι.)
392 4025 553 4080 'tametsi‘l
623 4025 705 4081 'sub
723 4027 803 4082 titulo
821 4026 857 4082 de
875 4025 981 4096 abigeis
1000 4027 1060 4080 cdd.
1078 4025 1140 4080 Gall.
1211 4022 1381 4092 ⁴resoripsit
1397 4021 1513 4077 concillo

99 4111 133 4150 ae
158 4110 207 4150 cae
250 4115 290 4149 o.

73 4242 139 4283 cere
158 4228 234 4282 uesci
251 4227 356 4296 epulari
375 4229 415 4282 its
432 4229 521 4298 liceat,
545 4248 569 4282 n.
581 4228 665 4283 4373:
683 4234 715 4283 ot
822 4229 878 4284 itus
901 4233 979 4284 actus
1003 4228 1095 4283 aditus
1116 4225 1235 4282 ambitus
1262 4226 1327 4281 item
1355 4241 1443 4296 aquas

73 4300 144 4354 itum
170 4299 275 4354 aditum
299 4299 432 4354 ambitum
456 4297 626 4368 sacrificique
648 4299 770 4355 faciundi
822 4301 888 4370 ligni
907 4299 1048 4356 sacrificiis
1072 4297 1207 4353 faciundis
1229 4303 1257 4352 et
1279 4302 1372 4353 cetera
1394 4298 1513 4366 quaein

73 4386 162 4426 musa
184 4371 316 4438 proximis
342 4371 401 4425 eius
425 4375 500 4425 recte
524 4371 618 4438 liceat,
642 4390 668 4424 a.
684 4372 769 4426 4085:
821 4372 884 4440 lege
895 4371 1200 4440 publioacontinentur.
1219 4369 1274 4423 itus
1293 4378 1320 4423 ra
1337 4370 1385 4423 leuc
1394 4371 1513 4442 formula

73 4442 137 4510 lege
150 4441 261 4510 publica
273 4442 313 4496 uti
324 4442 407 4496 liceat
416 4442 483 4496 itum
497 4441 601 4500 editum
614 4441 769 4508 ambitum)
822 4447 949 4497 eollsmrrls
973 4451 1011 4498 est
1030 4461 1109 4512 neque
1129 4459 1248 4512 umquem
1267 4447 1321 4494 eins
1338 4442 1393 4494 loco
1410 4446 1514 4510 repperi

72 4511 206 4568 haustum
231 4528 319 4581 aquae
342 4513 418 4581 ligna
440 4528 561 4581 sumere,
585 4533 609 4566 rr.
627 4513 713 4566 4511.-
739 4519 771 4568 ut
822 4514 874 4568 iter
885 4533 914 4567 re
944 4533 1024 4585 noque
1037 4513 1165 4566 diuersum
1237 4509 1519 4566 lmunumentumF

72 4584 158 4639 liceat
172 4585 198 4638 ei
212 4584 280 4638 itum
296 4583 400 4640 aditum
419 4583 551 4638 ambitum
565 4582 769 4640 humandumtre
823 4587 857 4640 12
875 4533 1045 4653 probrorum
1068 4582 1230 4638 iudiciorum
1255 4590 1282 4634 ιιι
1303 4585 1395 4636 lucana
1414 4599 1462 4634 om.
1476 4579 1513 4632 F¹

73 4653 286 4710 sacrificandum
303 4658 362 4720 (rto)
386 4669 485 4709 caussa
509 4653 622 4722 habere,
646 4653 767 4708 n.4382.·
824 4657 857 4710 16
875 4655 1010 4723 erperiF
1065 4655 1097 4707 l‘l
1118 4664 1245 4708 operere
1262 4655 1321 4718 (atr)
1339 4654 1364 4705 F
1417 4653 1513 4706 1811-

74 4727 156 4782 etin
180 4741 214 4782 eo
235 4729 435 4790 momumento)
459 4725 551 4790 itutm)
574 4728 689 4790 sctum)
712 4741 790 4780 am-·
822 4724 975 4796 p't'i‘o'atur
994 4722 1030 4778 F⁸
1084 4725 1117 4778 21
1136 4723 1294 4778 humiliores
1309 4724 1334 4775 F
1382 4723 1417 4777 26
1435 4736 1513 4791 prae·

73 4795 185 4864 blitum)
210 4797 409 4862 inlattionemil
433 4800 591 4862 mortuum)
610 4799 768 4860 mortluarn)
822 4798 936 4862 seneFl
953 4795 1085 4851 diluetum
1097 4796 1133 4848 F¹
1150 4797 1155 4862 Ι
1171 4795 1346 4849 coerceretF
1386 4793 1421 4848 ³0
1434 4807 1513 4847 accu-

73 4867 176 4924 inierre
200 4873 353 4935 torculare)
381 4866 557 4932 sacrillieare)
582 4865 769 4932 sacriilicium)
822 4866 972 4923 sand'o’nm
992 4868 1028 4920 F*
1093 4866 1128 4920 33
1152 4865 1258 4934 suigeis
1278 4866 1328 4918 rad.
1342 4865 1367 4917 F
1424 4865 1459 4917 34
1477 4862 1513 4918 de

73 4937 189 5004 indere)
213 4939 238 4994 ei
256 4939 313 5003 ald)
337 4943 441 5009 q(uem)
465 4941 520 5004 ela)
544 4941 611 5003 ntes)
629 4937 769 5006 ptertinet)
822 4958 872 4993 om.
886 4939 949 4994 σου.
961 4939 1047 5006 (Ber.)
1100 4937 1135 4992 35
1153 4935 1288 5004 baeticae]
1306 4935 1396 4989 uetiee
1413 4935 1438 4988 F

73 5008 246 5082 ptertinebit)
256 5014 352 5078 rleete)
360 5011 472 5079 iliceto),
485 5029 509 5062 a.
520 5009 600 5064 4379:
613 5009 769 5077 excipitlur)

1241 5091 1302 5149 50*

16 5352 111 5429 ἢ.
