3518 5452
76 281 323 334 mutarerunt
772 259 857 340 333
1193 263 1356 332 XXXVIII
1376 267 1396 330 2
1417 270 1535 328 20-24

28 423 60 484 ιο
140 420 292 476 Ismenus
309 417 382 474 libre
400 419 549 476 uiuensimo
566 419 664 489 quInto
681 419 859 490 digestorum.
887 419 1016 476 Libertus
1033 418 1086 476 sub
1104 419 1264 476 eondieiene
1281 421 1360 476 iuris·
1378 414 1535 502 [Q
1553 429 1575 484 s

68 507 218 576 inruet,
236 523 319 577 qusm
338 514 450 578 praetor
467 493 605 564 remittere
622 509 706 579 solet,
725 513 871 578 patronum
889 509 1009 564 instituit
1025 508 1168 565 heredem:
1186 524 1241 565 nen
1258 513 1326 578 pute
1344 507 1535 575 dnhimndnm,

42 598 167 669 lquin
184 595 351 652 abonorum
369 597 544 667 possessione
562 597 773 654 submeusstur:
790 613 888 654 uenum
906 603 950 654 est
967 597 1039 654 enim
1058 613 1122 654 eum
1139 596 1268 652 heredem
1280 595 1392 652 suetum.
1420 596 1450 652 Si
1462 597 1536 652 Titio

67 690 219 756 legatum
236 683 336 741 inisset
353 686 467 755 eiusque
484 684 549 741 idei
567 686 753 756 commissum,
772 691 804 742 ut
820 690 937 756 petrono
949 687 1115 756 restitueret,
1134 685 1287 756 denegetur
1298 686 1450 756 legatorum
1463 684 1535 740 aetio

42 775 187 844 thifio,
204 775 226 830 si
243 779 360 844 petrone
377 788 428 844 pro
445 772 539 830 debIta
556 779 635 843 parte
653 789 671 829 a
689 776 792 846 seripto
810 775 910 832 herede
928 774 1011 832 fuerit
1028 773 1209 831 satisinetum.
1245 773 1372 830 Libertus
1389 777 1534 844 patronum
1553 787 1567 828 ι

69 869 91 920 ut
131 869 308 918 extersum
331 863 498 920 eoniunetIm
517 877 552 918 ex
570 869 649 933 perte
667 863 781 920 dimidiu
798 863 927 920 heredem
946 863 1070 935 scripsit:
1094 863 1245 934 quadrsus,
1267 877 1303 918 ex
1320 877 1375 932 qno
1393 862 1535 918 Institutua

70 955 154 1008 est
177 957 314 1022 patrenus,
331 956 408 1008 totus
425 952 479 1022 ipsi
496 952 625 1022 tmpumrt
643 951 763 1024 debebit,
781 954 922 1010 residuum
941 967 976 1010 ex
990 951 1084 1008 debite
1096 951 1148 1008 sibi
1160 956 1239 1022 perte
1251 951 1377 1007 omnihus
1388 950 1535 1007 heredibus

49 1053 131 1112 tpro
164 1041 288 1110 portione
305 1041 439 1110 uniusque
457 1039 555 1096 sutert.
592 1040 669 1096 Idem
687 1043 791 1098 seruari
810 1042 956 1100 conueniet
973 1042 1001 1096 iu
1019 1042 1125 1112 legato,
1143 1039 1217 1111 quod
1234 1045 1351 1110 petrono
1369 1039 1534 1096 eoniunetim

74 1134 96 1184 et
121 1129 216 1185 'lhtio
233 1128 329 1184 dutum
347 1127 443 1200 fuerit,
467 1135 500 1186 nt
516 1145 581 1200 pars
599 1130 683 1198 legati
700 1130 729 1186 in
746 1131 900 1200 portionem
919 1129 1041 1186 debitum
1059 1135 1175 1200 petrono
1193 1130 1357 1199 imputetur,
1378 1143 1413 1184 en
1430 1129 1536 1197 relique

52 1220 177 1287 sparta
193 1219 299 1272 tuntum
317 1219 392 1274 Titio
410 1217 578 1288 detruhstur,
597 1225 730 1289 quantum
749 1219 785 1274 ab
802 1219 913 1291 herede,
931 1235 982 1291 pre
1000 1225 1061 1276 rata
1078 1219 1211 1290 portione.
1241 1216 1272 1274 Si
1288 1217 1431 1274 libertinus
1448 1215 1535 1272 hlium
1555 1229 1583 1270 ι)

78 1307 296 1376 emaneipatum
315 1306 368 1362 sub
385 1307 547 1364 eondieiene
565 1308 693 1364 heredem
712 1308 861 1364 instituerit
878 1314 907 1364 et
922 1307 1066 1366 defitiente
1078 1307 1238 1364 eondieiene
1250 1305 1417 1364 substitutus
1428 1305 1535 1376 sdierit,

80 1407 208 1465 eutero,
224 1398 316 1451 utrum
335 1399 451 1466 petrono
470 1395 605 1454 sduersns
623 1396 802 1454 substitutum
820 1397 848 1452 in
867 1403 972 1466 purtem
991 1397 1112 1454 debitum
1124 1401 1235 1466 praetor
1246 1409 1282 1451 sn
1293 1395 1467 1466 emsueipste
1478 1393 1534 1450 titio

82 1483 103 1536 in
127 1488 228 1540 tumn
245 1483 425 1540 hereditatem
443 1499 603 1541 sueeurrere
621 1485 731 1542 debent
761 1485 899 1556 respondi,
918 1501 980 1542 eum
999 1489 1078 1557 pster
1095 1484 1179 1542 fllium
1198 1482 1251 1540 sub
1269 1483 1429 1540 eondieiene
1445 1483 1535 1554 prime

83 1571 187 1639 undu
208 1572 336 1628 heredem
360 1573 493 1643 Instituit,
517 1575 542 1630 si
564 1573 709 1630 definiente
731 1573 905 1644 eondieiene,
928 1573 980 1630 sub
998 1589 1054 1645 qua
1071 1573 1143 1629 iilius
1160 1572 1240 1630 heres
1258 1572 1400 1628 institutus
1418 1577 1474 1643 est,
1498 1569 1535 1628 ad

85 1661 246 1717 scandum
268 1661 385 1732 grudum
408 1661 548 1718 heredites
571 1664 691 1733 perh'net
708 1663 753 1718 uel
771 1661 862 1718 sdhue
878 1663 1016 1732 pendente
1033 1662 1193 1719 eondieiene
1211 1659 1283 1718 tilius
1301 1660 1463 1731 deessserit,
1486 1675 1534 1730 ps·
1554 1671 1582 1714 ιι

85 1749 178 1806 bomo
194 1751 278 1820 partis
296 1749 407 1806 debitas
424 1749 558 1807 bonerum
576 1751 779 1822 possessionem
798 1749 932 1806 aduersus
950 1749 1128 1806 substitutum
1147 1755 1314 1821 competere.
1346 1750 1473 1820 idemque
1491 1753 1535 1804 est

86 1837 108 1888 et
133 1839 171 1893 si
186 1837 255 1894 hlius
272 1839 318 1894 uel
335 1853 391 1894 non
408 1839 519 1909 petierit
536 1839 669 1896 benorum
689 1841 700 1910 11
719 1840 921 1910 possessionem
939 1843 1061 1910 ternpore
1079 1840 1208 1896 exolusus
1225 1839 1270 1895 uel
1287 1839 1482 1910 repudisuerit
1510 1837 1533 1892 si
1550 1846 1631 1895 tlte!

87 1936 165 1982 uero
183 1925 323 1983 definiente
341 1926 502 1984 eondieiene
519 1927 660 1984 heredites
677 1927 713 1984 ad
730 1926 816 1984 tilium
834 1929 978 1998 pertinest,
998 1929 1199 1998 emancipatum
1218 1928 1310 1998 potins
1322 1927 1444 1984 tuebitur
1455 1917 1533 1998 prse-

86 2013 131 2064 Μ·
156 2016 288 2072 addemus
306 2015 512 2071 substitutum¹.
545 2018 673 2073 existimo
691 2020 799 2087 sutem,
817 2017 946 2086 quotiens
963 2017 1016 2072 sub
1033 2017 1193 2074 eondieiene
1211 2017 1291 2073 heres
1307 2015 1380 2072 filins
1397 2015 1533 2084 seribitur‚

87 2097 168 2158 sliu
184 2105 364 2161 nemerim
382 2120 444 2162 esse
463 2103 703 2162 exheredationem
722 2121 740 2160 n
756 2104 928 2176 substitutis,
950 2106 1018 2162 elius
1036 2121 1250 2176 superuseusm:
1274 2121 1337 2161 nam
1356 2105 1381 2160 ai
1397 2104 1427 2160 id
1444 2117 1533 2174 genus
1552 2117 1581 2159 se

88 2192 263 2252 warbotonis
279 2193 376 2264 suerit,
394 2207 466 2263 quse
484 2194 513 2250 in
529 2197 668 2264 potestate
686 2193 736 2250 filii
753 2200 843 2266 esset,
862 2195 948 2251 ueluti
966 2195 1036 2250 'eum
1055 2201 1251 2252 testamentum
1269 2185 1533 2278 Q

88 2269 214 2352 'Ieeefit'‚
230 2288 297 2355 puto
315 2283 399 2338 etiam
417 2283 521 2338 emissa
538 2283 699 2339 eondieiene
716 2281 801 2340 filium
819 2285 910 2340 loeum
928 2282 1085 2340 substitutis
1103 2281 1206 2340 iseere:
1225 2284 1249 2338 si
1262 2297 1329 2338 uero
1341 2282 1465 2337 eondieio
1477 2295 1533 2336 non

88 2357 182 2426 inerit
200 2372 228 2428 in
243 2376 384 2441 potesmte
401 2369 462 2441 dlii,
487 2371 573 2427 ueluti
592 2371 623 2427 'si
641 2371 732 2427 Titius
750 2372 846 2428 eonaui
863 2371 954 2428 ieetus
971 2370 1069 2443 fuerit',
1093 2377 1160 2428 tune
1178 2371 1344 2428 substitutus
1361 2385 1418 2426 non
1435 2368 1533 2425 sdmit·

64 2447 174 2530 ibtur,
189 2461 239 2516 risi
255 2459 327 2516 fliius
345 2459 382 2515 sb
400 2473 434 2516 ee
451 2460 611 2516 nominsdm
629 2460 813 2518 exheredatus
831 2459 922 2517 fuerit.
958 2459 988 2517 Si
1005 2460 1120 2517 libertus
1137 2459 1224 2517 filium
1242 2460 1444 2531 emsunipstum
1463 2455 1532 2542 [fiij-J

86 2532 224 2604 heredem
244 2549 394 2606 instituerIt
417 2548 531 2618 eiusque
548 2547 613 2604 fidei
631 2549 811 2621 commiserit,
834 2555 866 2605 ut
883 2555 971 2605 totam
990 2547 1169 2606 hereditatem
1187 2547 1349 2620 Sempronio
1366 2549 1531 2619 restitueret,
1551 2561 1580 2603 re

87 2627 112 2677 ⁸
133 2630 219 2708 filius,
237 2653 299 2694 uum
318 2641 476 2708 suspectum
494 2635 547 2692 sibi
565 2637 748 2694 hereditatem
766 2638 878 2708 diherst,
896 2639 975 2695 iussn
992 2639 1126 2710 praeteris
1144 2638 1244 2694 adierit
1256 2653 1318 2694 eam
1331 2643 1360 2694 et
1371 2635 1532 2708 Sempronio

85 2724 254 2782 1tistituerit:
272 2741 328 2782 non
345 2727 438 2796 inique
455 2731 573 2798 petrono
590 2726 736 2784 benorum·
741 2728 881 2797 possessio
899 2727 986 2798 partis
1004 2725 1115 2783 debitae
1132 2727 1251 2798 dabitur,
1269 2727 1383 2798 pertnde
1395 2741 1429 2782 se
1441 2726 1465 2781 si
1476 2741 1533 2782 non

60 2797 177 2884 tilius,
192 2815 241 2870 seu
258 2816 282 2870 n
300 2815 346 2870 eur
363 2813 502 2870 heroum
519 2815 648 2871 metus
663 2819 707 2874 aar
718 2815 817 2872 uberto
829 2815 909 2872 uersa
921 2816 1081 2872 annones.
1109 2817 1178 2872 rtem
1191 2833 1254 2873 oum
1265 2815 1339 2872 suus
1351 2815 1532 2872 susurratam

84 2886 186 2958 iberti
201 2903 286 2974 putris
303 2903 427 2960 emiserit
444 2907 474 2958 et
491 2903 605 2959 eoheres
623 2904 683 2960 eius
701 2904 786 2960 tetius
805 2903 965 2960 hereditatis
983 2919 1053 2960 onus
1069 2907 1229 2976 suseeperit,
1247 2904 1340 2961 meda
1351 2905 1405 2961 erit
1414 2909 1532 2975 patrono

85 2974 227 3048 bOnerum
244 2993 393 3062 possessio.
421 2995 538 3062 utreque
557 2992 629 3048 enim
648 3008 715 3048 essu
733 3008 788 3050 non
806 2991 870 3063 fllio,
888 2993 940 3048 sed
958 2998 1089 3050 extranee
1106 3009 1172 3064 pars
1190 2995 1311 3064 eripitur.
1550 3003 1579 3045 so

41 3056 70 3116 ²¹
146 3077 224 3136 loru
246 3081 315 3136 libre
338 3081 489 3138 uidensimu
512 3086 593 3136 serto
615 3080 794 3151 digestorum.
830 3081 874 3137 Ex
897 3081 985 3138 trihus
1007 3083 1131 3152 patronis
1155 3097 1211 3138 une
1229 3085 1355 3138 eeassnte
1374 3075 1531 3166 Q
1549 3085 1571 3142 S

84 3151 228 3224 bonoram
244 3169 448 3240 possemienem
466 3174 560 3240 petere
579 3169 635 3226 duo
653 3185 756 3241 nequas
773 3173 867 3241 pentes
884 3169 1034 3228 habebunt

40 3233 71 3294 ²²
146 3255 321 3315 mmmm
342 3257 414 3314 libro
435 3259 524 3328 prime
547 3258 759 3315 institutionum.
796 3258 826 3314 Si
849 3257 921 3316 tilius
939 3257 1056 3315 ismilias
1074 3261 1153 3316 mdes
1170 3259 1354 3330 manumittet,
1373 3251 1531 3342 [3-4ὖῖιῖιῖ
1550 3263 1585 3318 S*

85 3345 244 3402 Mundum
268 3346 367 3402 Iuliani
390 3347 502 3416 quidem
525 3348 703 3418 sententium,
727 3363 809 3418 quum
833 3347 902 3404 libre
925 3348 1078 3404 uieensime
1101 3349 1218 3418 septimo
1236 3334 1530 3418 digestorun'prm—at,

85 3432 184 3490 Iuris
198 3435 323 3492 libertum
341 3434 437 3491 ἠοῖαι
455 3435 506 3492 sed
523 3436 663 3506 quemdiu,
681 3436 778 3507 inquit,
797 3437 875 3506 uiuit,
893 3435 1048 3506 praefertur
1063 3435 1136 3492 filins
1154 3437 1182 3492 in
1199 3436 1273 3493 bons
1290 3437 1350 3495 eius
1367 3437 1449 3507 patri.
1481 3435 1531 3491 sed
1550 3445 1579 3488 se

86 3507 180 3578 ‘linus
195 3523 349 3580 IIsddsnus
365 3523 461 3580 Pinnio
479 3523 555 3593 Apro
573 3524 714 3594 rescripsit
732 3539 811 3580 suum
830 3515 958 3581 libertum
977 3539 1040 3580 eum
1057 3523 1157 3596 iuuere,
1176 3539 1231 3581 non
1248 3525 1343 3596 patris.

43 3589 73 3649 ²3
151 3609 287 3670 qursuus
303 3611 374 3668 libre
391 3612 542 3668 uieeusimo
560 3613 678 3684 septimo
696 3613 875 3684 digestorum.
904 3612 934 3669 Si
951 3611 1066 3668 libertus
1078 3613 1227 3682 praeterite
1238 3618 1354 3684 petrono
1387 3625 1414 3671 Β.
1421 3625 1460 3680 te,
1469 3625 1491 3678 4.
1501 3625 1531 3672 le
1549 3618 1571 3674 S

86 3695 253 3756 0¹trruerrm
271 3701 421 3756 instituerit
437 3699 565 3756 heredem
583 3707 613 3756 et
629 3705 770 3772 patrenus,
788 3707 937 3773 numquam
955 3706 1052 3758 eontra
1062 3701 1171 3758 tubulus
1183 3702 1315 3758 honorum
1328 3689 1530 3772 posthume]

87 3783 211 3858 merit,
228 3789 256 3844 in
273 3789 450 3860 adoptionem
469 3803 500 3844 se
518 3788 633 3860 dederIt,
651 3789 751 3846 deinde
769 3791 889 3860 seriptus
907 3790 1030 3846 omiserit
1046 3789 1240 3846 hereditatem:
1260 3795 1393 3861 petronus
1411 3795 1531 3848 totorum

62 3857 226 3932 Quorum
247 3877 338 3934 hberti
361 3877 564 3947 possessionem
587 3884 619 3934 ut
642 3879 781 3949 legitimus
805 3882 900 3949 petere
918 3883 1019 3949 petest
1055 3877 1085 3935 Si
1102 3878 1216 3935 libertus
1233 3880 1364 3936 intestato
1382 3879 1533 3936 deessserit
1548 3889 1579 3931 uo

87 3954 198 4020 relieth
213 3965 320 4036 patroni
337 3963 393 4021 filie
412 3971 441 4020 et
458 3980 493 4020 ex
511 3967 598 4022 attero
615 3965 671 4022 idio
689 3967 798 4024 duobus
816 3967 970 4038 nepotibus,
989 3973 1104 4038 nepotes
1122 3983 1177 4024 non
1195 3967 1382 4038 admittentur,
1400 3967 1531 4038 quamdiu

64 4033 175 4104 ²fllim
192 4057 273 4124 esset,
297 4054 364 4124 quia
387 4054 541 4123 pruriunm
564 4071 701 4127 quemque
723 4057 760 4112 ad
783 4057 964 4113 hereditatem
986 4055 1078 4112 liherti
1101 4057 1194 4113 uuesri
1217 4055 1392 4113 manifestum
1412 4061 1465 4113 est.
1501 4055 1532 4112 Si

88 4137 192 4195 *utun
208 4157 241 4198 ex
258 4141 368 4200 duobus
385 4143 509 4212 pstronIs
527 4145 597 4202 ulter
614 4153 700 4202 uuum
717 4144 816 4217 filium,
841 4147 910 4202 slter
927 4145 998 4204 duos
1015 4146 1185 4217 reliquisset,
1209 4146 1266 4202 diui
1283 4146 1376 4202 ubiles
1393 4147 1465 4202 Inter
1481 4159 1531 4202 eos
1555 4177 1560 4184 -

88 4225 192 4282 itus·
204 4227 269 4288 fieri
552 4279 555 4284 .
1024 4267 1026 4270 -
1548 4243 1579 4285 ss

49 4285 225 4465 ”ragom
244 4319 314 4376 lubre
331 4320 525 4391 muriano
542 4320 639 4392 quinto
657 4322 836 4394 dIgestorunn.
873 4323 1019 4381 Communi
1035 4323 1134 4380 liberte
1151 4323 1176 4379 si
1193 4337 1228 4379 ex
1246 4321 1355 4380 duobus
1372 4318 1530 4411 Q
1548 4325 1570 4382 Β

174 4413 293 4483 herou)

93 4515 100 4548 ¹
122 4531 454 4597 mompsuestenum
472 4543 520 4597 ur.
537 4543 582 4613 (ff
597 4563 622 4598 u
635 4543 680 4610 12)

94 4601 520 4642 &m

1 4663 2 4734 J
96 4639 334 4774 {hebiuqu'r'eff
378 4673 513 4743 ldpdme
578 4673 784 4731 lieendieione
838 4675 962 4746 (Ausum
979 4680 1013 4750 os.
1026 4679 1088 4732 t47
1101 4677 1207 4748 §she
1249 4677 1425 4750 thiepemate
1438 4678 1529 4734 dutin-

167 4735 194 4788 F'
242 4745 274 4799 18
292 4744 526 4814 emancipatu's'm
540 4744 578 4798 F‘
631 4747 667 4800 20
682 4745 783 4801 'u'slius
836 4755 927 4804 termut
949 4749 1027 4803 editio
1048 4749 1255 4821 Gelbesrediuua
1273 4749 1380 4802 a.1781
1404 4757 1428 4803 et
1449 4768 1531 4820 nuper

100 4793 292 4912 &mmmmm
320 4817 357 4870 1²⁸
426 4817 460 4871 27
487 4815 610 4885 perinde]
638 4815 719 4872 sindo
745 4817 783 4869 8¹
838 4817 892 4872 Ad
906 4819 1024 4873 Schmidt
1034 4821 1049 4872 1.
1062 4839 1083 4872 e.
1096 4839 1122 4890 p.
1134 4819 1177 4884 40,
1197 4837 1273 4891 quum
1291 4821 1476 4874 diettnetionrm
1488 4839 1529 4874 ee·

162 4883 267 4940 miserti
284 4887 322 4940 F’
372 4887 410 4942 35
427 4885 498 4942 Istis
516 4887 566 4941 sed
583 4887 608 4940 F
619 4889 625 4953 Ι
640 4887 669 4942 in
685 4887 784 4942 om.F⁰
837 4895 1036 4958 ymerus-esrem
1047 4889 1348 4960 Graeciudstpocroi
1361 4889 1530 4961 tpxbcaaroc

21 5005 24 5014 .
105 4921 143 5016 κ.)
167 4956 191 5004 it
208 4953 343 5026 legitimus
366 4962 462 5028 petere
483 4957 585 5028 potest]
609 4956 658 5012 rius
682 4956 712 5011 ἐκ
736 4957 784 5020 roi
836 4957 884 5013 rhu
903 4957 1080 5030 ineheitspes
1093 4959 1128 5014 ari
1148 4961 1220 5026 stau
1238 4961 1252 5014 ir
1272 4961 1530 5032 uporeherrricsaroc

26 5037 31 5054 ’·
110 5011 187 5084 Νι
206 5029 323 5084 bedeese
347 5029 363 5084 ι’)
383 5029 492 5102 nirpms
519 5029 598 5084 sireis
626 5028 732 5092 uiseret
757 5029 784 5084 B
837 5027 970 5100 airoirrb
988 5029 1060 5100 ἄλλῳ
1075 5033 1237 5103 npocriosrsr
1250 5031 1365 5103 nirpmsr
1380 5031 1529 5100 Biduum)
