4350 5438
255 283 302 334 ns
324 283 524 336 nuummus
546 285 591 334 sn
613 247 811 335 nouorusus
915 261 1009 382 Ι911

939 489 1011 574 llll.

522 623 560 702 it
597 621 661 702 DE
689 623 958 704 MUNERIBUS
976 621 1048 721 vET
1076 623 1345 703 HONORIBUS
1386 625 1423 704 u
1719 649 1796 705 sur>
1903 709 1907 722 ,
1962 673 1966 680 ·

218 781 234 838 1
308 781 567 838 nnnuccnsmnus
590 779 660 836 libro
679 781 768 852 primo
786 781 976 852 epitomurum.
1013 783 1155 837 liunerum
1174 782 1296 837 ciuilium
1315 781 1450 852 quaedam
1468 788 1533 838 sunt
1551 778 1688 866 [W
1707 791 1748 845 *P

221 883 234 926 1
255 869 423 940 patrimonii,
451 869 505 925 slis
526 883 713 941 personarum.
750 871 909 926 Patrimonii
932 875 1004 930 sunt
1019 886 1133 926 munera
1155 872 1194 926 rei
1217 871 1394 942 uehiculuris,
1418 871 1484 926 item
1509 871 1687 928 nsuioulrrir:

220 959 498 1029 roscenpnnstns:
516 958 552 1014 sb
569 959 631 1014 istis
648 960 721 1014 enim
739 961 861 1030 periculo
878 959 999 1030 ipsorum
1018 961 1176 1015 exactiones
1194 961 1365 1016 sollemnium
1385 960 1565 1016 celebrantur.
1592 963 1687 1018 Perso-
1707 973 1720 1015 s

254 1049 328 1104 nulls
343 1049 437 1104 ciuilis
454 1052 519 1103 sunt
536 1063 650 1104 munere
667 1047 792 1104 defensio
810 1049 944 1118 ciuitatis,
962 1049 990 1103 id
1009 1054 1101 1104 estut
1119 1049 1251 1120 syndicus
1268 1048 1330 1104 fiat:
1351 1050 1453 1118 legatio
1471 1050 1507 1104 cd
1526 1065 1625 1106 census
1643 1065 1688 1106 no-

254 1137 410 1208 oipiendum
421 1139 467 1193 uel
478 1137 685 1208 pstrimonium:
698 1137 846 1193 scributus:
862 1139 1015 1192 resolutis:
1028 1153 1152 1195 unnonee
1164 1155 1197 1194 uc
1210 1140 1336 1195 similium
1349 1155 1429 1194 curs:
1442 1139 1686 1210 praediorumqne¹

252 1227 438 1298 publicorum:
456 1225 585 1282 frumenti
597 1226 788 1297 comparendi:
807 1227 1020 1296 aquaeductus:
1039 1241 1170 1297 equorum
1183 1229 1363 1284 circensium²
1375 1229 1544 1298 spectaculo:
1562 1228 1687 1296 publicae

253 1318 317 1372 ulss
336 1317 531 1373 munitionem:
549 1329 630 1372 stoue
648 1314 856 1372 frumentarius:
874 1314 1086 1371 satisfactiones*
1097 1316 1277 1374 thermarum:
1296 1332 1422 1372 sunonae
1434 1317 1551 1372 diuisio⁵
1564 1323 1593 1372 et
1605 1333 1687 1388 quse-

253 1419 372 1475 cursque
390 1407 460 1460 nlise
477 1421 560 1461 curse
577 1405 638 1460 istis
656 1409 722 1461 sunt
739 1406 850 1461 similes.
877 1419 912 1460 ox
930 1404 1065 1475 hisenim,
1084 1421 1155 1475 quse
1168 1408 1331 1476 rettulimus,
1349 1411 1443 1461 cetere
1455 1407 1537 1460 etium
1551 1422 1600 1476 per
1612 1408 1688 1476 leges
1707 1419 1735 1460 no

219 1503 234 1548 s
251 1495 387 1565 cuiusque
404 1495 525 1550 ciuitatis
543 1509 577 1550 ex
596 1495 793 1552 consuetudine
811 1495 894 1564 longe
911 1493 1033 1563 intellegi
1050 1499 1224 1564 potueruntt
1259 1495 1328 1551 Illud
1347 1495 1495 1550 tenendum
1514 1502 1557 1550 est
1574 1511 1687 1565 generu-

249 1583 315 1640 llter
335 1585 479 1654 pessume
498 1583 611 1654 quidem
635 1597 734 1639 munus
756 1597 841 1654 esse,
857 1582 932 1653 quod
954 1583 1115 1652 corporibus
1139 1584 1232 1642 labore
1260 1600 1322 1640 cum
1343 1585 1525 1640 sollicitudine
1548 1585 1631 1640 enimi
1654 1601 1687 1640 uc

217 1673 397 1744 sstgmsnm
412 1674 581 1730 sollemniter
597 1673 713 1742 extititi,
732 1673 888 1742 patrimonii
905 1687 981 1740 uero,
999 1673 1028 1726 in
1046 1687 1101 1742 quo
1119 1679 1244 1744 sumptus
1264 1675 1381 1729 maxime
1399 1675 1562 1743 postuletur.
1589 1673 1686 1743 Aeque

250 1763 395 1833 somnus
410 1777 511 1818 munus
523 1768 567 1818 est
577 1763 674 1832 totels,
693 1775 760 1816 curu
772 1761 859 1816 adulti
870 1759 1011 1830 furiosius,
1024 1761 1089 1816 itum
1103 1763 1219 1832 prodigi,
1231 1765 1309 1833 muli,
1322 1764 1405 1818 etium
1424 1759 1686 1846 [QOEQ
1737 1779 1739 1784 ’

251 1851 365 1920 uentris,
383 1852 465 1907 etium
484 1851 521 1906 sd
538 1850 722 1906 exhibendum
741 1849 832 1905 cibum
850 1855 946 1920 potum
964 1854 1068 1904 tectum
1087 1857 1116 1905 et
1133 1851 1240 1906 similia.
1268 1853 1318 1906 sed
1336 1858 1365 1907 et
1381 1853 1410 1906 in
1429 1851 1534 1920 bonisl,
1553 1853 1631 1907 cuius
1647 1850 1686 1907 oi·
1706 1865 1734 1906 ss

250 1937 314 1996 ficio
332 1941 519 2011 umcupioner
534 1933 740 2009 interpellentur
758 1953 799 2010 uc,
816 1953 852 1994 ne
870 1937 1009 1994 debitores
1021 1939 1177 2010 liberentur,
1195 1941 1370 2010 prouidetur:
1388 1942 1502 1996 itemex
1514 1941 1686 1997 Carboniano

251 2029 343 2086 edicto
366 2029 499 2086 bonorum
522 2029 697 2100 possessione
720 2029 819 2099 petits,
844 2029 868 2082 si
891 2029 958 2083 sutis
982 2044 1037 2084 non
1055 2028 1149 2097 detur,
1174 2029 1362 2084 custodiendis
1380 2028 1459 2084 bonis
1477 2034 1586 2084 curator
1604 2029 1686 2084 dutus

251 2119 389 2189 personuli
405 2117 530 2188 iungitur
547 2131 668 2174 munere.
696 2116 738 2172 hie
754 2117 857 2172 similes
875 2123 941 2172 sunt
958 2116 1037 2173 bouis
1055 2117 1113 2172 dsti
1131 2124 1280 2189 curatores,
1298 2133 1370 2188 quae
1382 2115 1493 2173 luerunt
1505 2119 1572 2187 eius,
1591 2119 1638 2188 qui
1651 2117 1686 2173 sb

251 2207 378 2264 toruum
394 2213 495 2279 ceptus
512 2211 556 2262 est
573 2213 602 2262 et
619 2207 721 2262 reumti
738 2212 878 2276 speretur:
897 2207 962 2262 item
981 2206 1168 2262 custodiendis
1187 2207 1222 2264 ab
1241 2223 1274 2264 eo
1292 2209 1402 2278 relictis,
1420 2208 1465 2262 cui
1484 2207 1599 2262 necdum
1612 2207 1686 2276 qnis-

252 2313 335 2368 quum
354 2298 428 2352 ciuili
445 2295 490 2352 uel
507 2295 652 2354 honorario
670 2295 729 2350 iure
747 2295 889 2366 successit,
908 2301 1048 2350 curatores
1067 2297 1228 2365 coustituit*
1705 2309 1734 2352 su

215 2387 234 2444 2
305 2385 456 2442 Uumsrsus
478 2385 548 2442 libro
569 2385 721 2442 uicensimo
739 2385 828 2454 primo
846 2383 882 2439 ad
900 2383 1041 2440 Sabinum.
1078 2384 1157 2450 Quod
1175 2387 1212 2441 sd
1229 2385 1346 2442 honores
1364 2386 1495 2456 pertinet,
1520 2384 1639 2440 cruditur
1657 2384 1685 2439 in
1718 2384 1740 2438 S

251 2479 391 2548 potestate
409 2473 494 2530 lilium
512 2474 613 2530 hebere
631 2475 714 2529 etium
733 2475 765 2544 is,
784 2475 832 2543 qui
850 2473 877 2528 in
895 2475 982 2544 petris
1000 2479 1138 2544 polostutc
1156 2479 1207 2529 est.

215 2565 234 2624 3
305 2565 383 2620 lonnr
405 2563 474 2619 libro
498 2563 620 2620 secundo
641 2563 810 2634 opinionum.
847 2563 883 2617 un
904 2563 953 2633 qui
977 2563 1109 2632 originem
1128 2562 1164 2617 ab
1182 2563 1249 2618 urbe
1268 2565 1356 2618 Mnus
1373 2561 1486 2631 hebent,
1510 2563 1534 2616 si
1552 2562 1605 2616 ulio
1624 2563 1684 2617 loco
1718 2562 1739 2617 S

221 2665 233 2710 1
252 2653 418 2710 domicilium
436 2654 646 2722 constituerunt,
664 2667 779 2708 munem
796 2653 856 2707 eius
874 2652 1010 2707 sustinere
1028 2651 1139 2706 debent.
1167 2652 1226 2722 His,
1244 2652 1292 2722 qui
1304 2652 1402 2707 rustris
1417 2666 1528 2722 operum
1547 2645 1685 2735 [Q

252 2757 301 2814 per
318 2741 443 2797 militium
460 2741 536 2809 dunt,
554 2741 674 2798 nullum⁹
692 2741 856 2810 municipale
874 2755 974 2796 munus
986 2741 1090 2810 iniungi
1102 2745 1203 2810 potest.
1230 2741 1316 2796 ceteri
1328 2747 1420 2796 tutem
1431 2741 1541 2810 priuati,
1559 2743 1685 2810 quemuis
1703 2751 1733 2793 sc

220 2831 368 2886 umilitum
386 2831 497 2900 oognuti
514 2835 593 2900 sunt,
617 2827 728 2899 legibus
742 2830 846 2900 pstrise
864 2845 932 2886 susc
950 2835 979 2884 et
995 2829 1154 2900 prouinciae
1172 2828 1302 2886 oboedire
1320 2829 1430 2886 debent.
1466 2829 1495 2884 Si
1513 2830 1541 2884 in
1559 2845 1615 2885 me·
1633 2827 1684 2913 [(Ῑ)

251 2920 346 2976 tullum
365 2919 446 2975 dutus
464 2919 493 2974 in
510 2919 647 2988 integrum
665 2919 809 2974 restitutus
827 2919 872 2988 sit,
889 2917 1003 2989 perinde
1021 2933 1055 2972 nc
1072 2918 1096 2973 si
1114 2933 1166 2972 nec
1183 2917 1329 2974 damnatus
1343 2917 1449 2988 fuisset,
1468 2917 1504 2973 ud
1516 2908 1685 2975 munersuel

250 3008 370 3065 bonores
387 3012 516 3064 uocetur:
540 3023 592 3063 noc
609 3012 730 3078 opponet
746 3005 883 3063 fortunam
903 3012 931 3062 et
948 3021 1030 3062 casus
1047 3007 1182 3062 tristiores
1200 3023 1266 3063 suos
1284 3007 1319 3062 ud
1338 3006 1390 3063 hoo
1407 3008 1509 3077 solum,
1528 3023 1563 3063 ue
1580 3009 1685 3078 putride

189 3099 368 3154 utidonsus
392 3097 462 3152 ciuis
484 3111 546 3152 esse
569 3097 705 3152 uidentur.
742 3096 901 3166 Corporaliu
918 3111 1032 3150 munero
1049 3094 1157 3150 leminis
1174 3097 1234 3166 ipse
1253 3113 1336 3152 sexus
1353 3096 1481 3166 deneget.
1518 3096 1577 3163 Quo
1596 3098 1686 3152 ninus

251 3185 370 3242 tonores
388 3192 437 3242 sut
454 3201 569 3242 munere
586 3186 763 3256 iniungantur
779 3184 845 3255 filio,
864 3185 888 3240 si
905 3185 1006 3241 nullum
1025 3183 1109 3240 habet
1126 3186 1341 3254 excusationem,
1359 3185 1528 3241 intercedere
1546 3183 1619 3270 [lto
1636 3184 1650 3242 ’.

220 3279 345 3347 upoter,
366 3275 395 3330 ln
417 3276 496 3330 ouius
518 3279 657 3346 potestate
681 3280 737 3344 est,
763 3275 805 3330 ius
829 3289 885 3330 uon
909 3273 1000 3329 hebet.
1037 3273 1115 3339 Quod
1133 3280 1213 3344 puter
1229 3291 1284 3330 non
1303 3276 1442 3330 consensit
1459 3263 1608 3331 honorll'r'u‘s
1627 3265 1685 3332 slus

250 3362 411 3420 muneribus
433 3361 495 3432 lilii,
518 3379 553 3418 ne
573 3364 645 3419 illius
663 3363 857 3434 patrimonium
876 3363 952 3417 oneri
970 3361 1134 3434 subicietur,
1157 3369 1281 3434 pruestut
1298 3362 1499 3433 defensionem,
1523 3379 1577 3420 non
1595 3365 1684 3421 ciuem

1330 3449 1597 3456 ..—-.--‚--———.—-.
1645 3451 1683 3458 .—

218 3453 358 3524 tputrise
381 3451 544 3508 utilitatibus
567 3459 703 3523 quatenus
719 3457 813 3523 potest
830 3451 927 3507 uuiert.
965 3452 1095 3517 Qusmuis
1114 3453 1200 3508 maior
1218 3453 1297 3509 annis
1316 3451 1358 3536 [ct.
1368 3465 1395 3510 Ι).
1405 3465 1536 3520 50‚c,1,s.
1557 3466 1582 3512 Β.
1592 3452 1654 3523 5“4,“4
1662 3481 1684 3513 n.

250 3542 442 3612 sepmllsgiuts
459 3547 488 3596 ct
504 3542 625 3612 quinque
644 3540 790 3596 liberorum
807 3540 983 3596 incolumium
1001 3545 1081 3610 pater
1098 3542 1135 3596 sit
1151 3541 1269 3612 ideoque
1287 3559 1305 3597 e
1322 3543 1479 3598 muneribus
1498 3545 1624 3600 ciuilibus
1636 3533 1684 3599 ex'-
1701 3550 1717 3598 l.
1729 3551 1774 3598 440

248 3635 371 3702 onsetur,
390 3629 438 3686 lllil
453 3635 548 3685 tumen
565 3630 625 3685 eius
643 3645 694 3686 suo
707 3631 817 3684 nomine
828 3631 1013 3699 competentis
1023 3645 1137 3685 munera
1149 3631 1318 3701 adgnoscere
1330 3631 1445 3686 debent:
1464 3631 1526 3686 ideo
1539 3633 1610 3688 enirn
1622 3649 1684 3703 pro·
1703 3641 1732 3684 ss

248 3721 339 3792 prium
364 3719 515 3791 praemium
538 3719 717 3774 immunitatis
740 3724 852 3789 propter
874 3717 944 3774 filios
954 3721 974 3755 ¹⁰
992 3719 1115 3789 putribus
1132 3720 1227 3776 dutum
1246 3726 1301 3790 est,
1320 3720 1395 3790 quod
1412 3721 1450 3774 illi
1474 3720 1613 3780 subibunt.
1633 3719 1685 3805 [(ῑ)

217 3817 233 3862 l
251 3809 372 3866 Ultricus
390 3823 473 3864 onere
491 3823 632 3864 munerum
651 3807 771 3864 ciuilium
789 3808 899 3862 nomine
917 3808 1035 3878 priuigni
1053 3809 1096 3864 sui
1114 3810 1254 3879 suscipere
1272 3810 1346 3864 nulls
1363 3809 1430 3864 iuris
1448 3811 1553 3865 ratione
1567 3798 1683 3882 cogitur.

250 3923 445 4004 rmmroo)

1256 4035 1323 4042 aua—a-

252 4095 335 4163 ¹que
352 4094 399 4147 ciel.
417 4092 500 4158 (Hal.)
569 4091 636 4147 ²sn
654 4101 701 4146 ins.
773 4091 983 4146 ³munitionis?
1047 4091 1283 4148 ‘calefactionis'l
1347 4091 1540 4148 ‘diuisionis‘i
1605 4096 1683 4164 ⁸pru

250 4165 313 4234 lege
331 4165 464 4233 cuiusque
477 4163 596 4218 ciuitatis
614 4169 643 4218 et
660 4163 857 4218 consuetudine
869 4164 953 4232 longe
963 4164 1084 4231 intellegi
1096 4165 1244 4234 poterunt?
1314 4165 1325 4197 ²
1344 4164 1416 4232 quod
1429 4165 1550 4234 corporis
1563 4164 1683 4221 laborem

250 4252 315 4292 ourn
333 4235 514 4292 sollicitudine
532 4235 615 4290 enimi
634 4250 667 4289 uc
685 4235 828 4303 uigilantia
845 4236 1012 4290 sollemniter
1032 4237 1137 4306 exigit?
1213 4239 1225 4272 ⁸
1243 4233 1365 4290 absentis
1383 4241 1493 4290 curator
1510 4236 1592 4294 dutus
1609 4246 1682 4293 siml·

250 4311 319 4364 tons
338 4317 384 4362 ins.
454 4311 594 4378 ⁹operum
613 4305 691 4377 dunt,
707 4322 756 4376 per
775 4307 897 4362 militium
916 4307 1038 4362 nullum?
1111 4309 1133 4344 ¹⁰
1150 4312 1261 4378 propter
1278 4305 1349 4362 filios
1367 4309 1425 4362 geg

251 4483 419 4541 dsundiuus
437 4485 473 4538 1⁵⁷
493 4485 499 4550 Ι
518 4484 716 4555 accipiendum]
736 4485 781 4550 F1,
805 4485 941 4555 accipien-
994 4484 1083 4547 rr'rrosc
1109 4485 1134 4539 B
1160 4486 1242 4556 (opud
1266 4485 1400 4540 Gelonium
1428 4493 1454 4540 irs
1474 4490 1606 4558 purcilliis
1628 4489 1682 4560 clip.

250 4555 303 4612 dos
322 4555 635 4630 F²:cs.l.18§16tr.
690 4555 869 4626 iscributus]
887 4557 940 4611 C'u·
994 4555 1494 4628 cpp.uol.1p.5840d.Puris.1637)‚
1513 4560 1682 4632 quodquam·

251 4635 336 4682 tocius
353 4635 435 4683 ritune
454 4627 516 4682 Coe.
529 4629 555 4691 7,
567 4629 610 4691 62,
621 4628 647 4692 4,
665 4627 794 4683 scribitus
812 4629 857 4692 F’,
875 4628 940 4683 scri·
994 4647 1070 4698 quom
1097 4629 1133 4680 ud
1158 4627 1224 4681 hunc
1249 4629 1377 4681 lectionem
1404 4629 1505 4682 uidetur
1531 4649 1683 4701 expressum,

250 4697 325 4754 bitus
344 4697 394 4752 rt·
417 4701 478 4770 ομ
492 4698 527 4752 18
546 4699 607 4769 §17
619 4699 671 4753 dt.
690 4701 696 4766 Ι
716 4698 866 4767 suuntucin]
891 4699 941 4754 ltuc
993 4705 1077 4752 tamen
1102 4699 1169 4754 nidi!
1189 4697 1284 4760 obsint,
1311 4706 1444 4770 quominus
1469 4699 1620 4772 Anonymus
1645 4707 1683 4754 itu

249 4771 372 4825 uidemur
391 4775 506 4840 spectare
530 4787 596 4842 quus
618 4789 648 4824 er
670 4771 728 4824 Iul.
753 4774 896 4845 afferatur
915 4778 941 4824 irs
994 4771 1063 4822 illurn
1077 4771 1184 4824 reddere
1197 4771 1305 4823 uoluerit
1320 4774 1325 4836 Ι
1340 4770 1547 4838 patrimonium
1594 4773 1627 4826 14
1638 4777 1682 4826 tu·

249 4841 330 4897 estol.
347 4841 426 4895 Bon:
450 4859 482 4895 ro
505 4838 661 4911 ὶποτρὲφεικ
685 4839 801 4911 dxrlum
823 4841 872 4896 rire
891 4839 940 4895 ud·
993 4840 1067 4894 ’dela
1085 4839 1121 4894 F‘
1167 4840 1201 4894 15
1219 4840 1309 4895 uentri
1327 4842 1352 4892 F
1362 4843 1366 4908 Ι
1383 4842 1473 4896 uiuum
1492 4843 1529 4895 F1
1575 4844 1608 4897 19
1621 4857 1682 4912 spe·

249 4923 336 4968 teor:
363 4914 396 4982 cs.
414 4915 430 4966 l.
445 4913 480 4966 18
497 4911 511 4982 ἕ
528 4913 562 4966 11
580 4912 604 4966 d.
617 4919 635 4966 l.
657 4919 766 4968 esuum
792 4913 941 4968 uocabulum
993 4915 1068 4966 tetur
1088 4912 1123 4964 F¹
1139 4913 1144 4978 Ι
1160 4907 1270 4982 relictis]
1289 4911 1390 4967 relictis
1407 4912 1487 4967 bonis
1501 4914 1536 4965 F'
1583 4915 1618 4968 23
1637 4913 1682 4984 ub]

240 4987 348 5058 swern
372 4989 409 5037 ert
432 4990 461 5037 ul
489 4982 590 5037 inustis
615 5001 747 5068 peropus
769 4984 942 5038 mundatione
994 4981 1031 5036 sd
1049 4983 1085 5035 F¹
1138 4983 1174 5038 30
1191 4983 1370 5051 iniunguntur
1390 4984 1425 5036 F¹
1476 4985 1510 5038 37
1529 4985 1682 5056 munerum]

251 5055 288 5111 13
307 5053 483 5124 sollemniter]
504 5055 545 5120 F¹,
564 5053 749 5124 principaliter
767 5055 817 5108 F’:
836 5073 940 5124 nporo-
994 5069 1108 5109 munere
1126 5055 1160 5108 F¹
1177 5057 1181 5121 Ι
1197 5057 1322 5125 cogitur
1341 5055 1378 5107 F'

1328 5259 1339 5288 t
