3616 5468
260 257 435 326 xxxiiii
457 265 537 320 1-2
938 249 1022 332 116
1530 277 1576 322 ua
1598 275 1689 323 nona

259 421 327 471 tum.
358 416 382 471 si
405 419 497 470 minen
520 413 588 469 hacc
610 413 702 470 dotem
726 415 872 484 receperit,
896 411 979 470 nihilo
1004 413 1093 470 minus
1111 413 1225 468 maritas
1243 413 1316 468 dotis
1334 414 1551 483 persecutionem
1569 415 1689 484 habebit,

260 505 319 560 siue
337 503 416 560 heres
432 504 574 560 institutus
592 506 673 573 esset,
693 501 811 558 iamdlse
828 501 1024 558 herciscundae
1040 501 1151 571 iudicio,
1169 501 1229 557 siue
1246 517 1310 572 ncu,
1329 502 1388 558 utili
1407 503 1522 558 acdona.
1549 518 1603 572 ego
1614 509 1689 574 puto,

260 593 386 664 quoniam
410 608 465 649 non
482 593 534 649 hcc
551 593 640 648 noluit
657 607 747 662 socer,
772 595 804 646 ut
820 589 864 646 bis
882 590 974 647 domm
992 591 1071 646 heres
1089 595 1225 661 praestet,
1249 591 1389 647 mulierem
1407 597 1534 662 agentem
1553 607 1588 647 ex
1605 597 1689 648 testas

261 685 352 738 manto
370 697 468 738 canere
485 681 586 738 debere
604 679 719 737 defensa
736 679 768 736 iri
786 679 913 736 heredem
932 679 1066 736 aduersus
1083 681 1220 736 maritum.
1247 685 1355 750 ergoet
1366 681 1480 736 maritus
1492 680 1565 736 idem
1578 680 1690 736 debebit

211 778 242 827 1⁰
260 785 358 828 cauma
380 771 514 828 aduersus
536 771 676 827 mulierem
695 767 809 826 deiensu
827 769 874 840 iri,
897 769 921 824 si
938 769 1012 839 prior
1031 774 1104 839 agat.
1140 769 1193 825 Per
1210 770 1375 826 cathmum
1394 769 1467 840 apud
1486 770 1564 826 lulia-
1585 763 1689 854 [Q
1714 780 1741 820 aa

259 875 323 916 num
343 859 411 916 libro
428 860 570 930 trigesimo
588 860 704 931 septimo
722 859 869 929 quaeritur,
888 858 911 913 si
929 873 1008 915 socer
1025 856 1081 914 filio
1099 874 1149 914 suo
1167 859 1332 916 exheredato
1351 859 1442 916 dotem
1458 875 1542 915 nurns
1554 860 1688 930 legasset:

260 953 288 1004 et
311 949 350 1005 ait
372 949 418 1020 agi
442 947 551 1020 quidem
576 965 638 1006 cum
656 947 754 1004 marito
771 947 937 1004 exheredato
955 947 991 1002 dc
1009 947 1073 1003 dote
1092 963 1146 1003 non
1163 963 1259 1019 posse,
1274 954 1470 1005 ¹uerrrmtamen
1488 949 1578 1019 ipsum
1597 949 1688 1005 dotem

258 1043 465 1109 persecuturum
483 1053 519 1094 ex
537 1053 621 1094 cansa
638 1037 736 1109 legati:
755 1036 806 1092 sed
822 1053 877 1094 non
895 1035 962 1092 alias
980 1051 1043 1092 aum
1060 1037 1182 1105 legatum
1200 1042 1424 1108 consecuturum,
1442 1053 1524 1107 quam
1542 1039 1567 1092 si
1585 1037 1689 1093 canerit

259 1125 374 1183 heredes
397 1127 531 1184 aduersus
554 1129 693 1184 mullerem
712 1123 827 1182 deiensu
845 1125 886 1181 iri.
919 1129 948 1182 et
965 1125 1145 1182 differentiam
1165 1124 1232 1181 lacit
1248 1127 1320 1182 inter
1337 1143 1412 1197 eum,
1436 1127 1481 1184 cui
1498 1127 1549 1182 dos
1566 1127 1689 1196 relegata

259 1219 315 1287 ast,
340 1220 368 1272 ct
391 1217 514 1273 orolnum
531 1217 672 1288 libertum,
697 1216 741 1272 cni
757 1215 893 1285 peculium
913 1215 1034 1286 legatum
1052 1218 1108 1270 est:
1130 1229 1249 1285 namque
1266 1229 1328 1270 sum
1347 1216 1382 1272 dc
1400 1215 1507 1288 peculio
1524 1229 1607 1285 posse
1624 1230 1687 1271 con-
1714 1224 1769 1266 ω

258 1306 346 1362 ueniri
364 1305 410 1376 ait,
429 1303 557 1362 heredem
575 1321 630 1363 non
647 1320 737 1376 posse,
756 1305 821 1376 quia
838 1305 974 1375 peculium
993 1303 1075 1360 desit
1092 1319 1177 1374 penes
1195 1319 1226 1360 se
1237 1303 1351 1360 habers:
1370 1311 1400 1360 at
1411 1305 1483 1362 dotis
1495 1305 1568 1360 actio
1581 1303 1592 1375 ll
1606 1304 1687 1360 nihilo
1710 1307 1739 1354 f.
1763 1293 1807 1348 ⁵l'

211 1403 239 1449 11
259 1395 349 1450 minus
371 1395 515 1468 competit,
540 1396 591 1452 etsi
614 1395 706 1452 dotem
727 1393 840 1450 desierit
857 1392 966 1449 habere.
1002 1393 1078 1448 Idem
1097 1393 1219 1449 lulianus
1236 1394 1354 1464 quaerit,
1380 1394 1512 1450 sidetem
1531 1394 1629 1450 marito
1647 1409 1687 1448 re-

157 1527 164 1540 .
258 1485 391 1555 legaucrit
408 1499 499 1556 socer,
518 1499 553 1540 an
571 1481 636 1540 dcte
654 1484 745 1540 solnta
762 1483 867 1539 mulieri
884 1483 1005 1553 legatum
1023 1482 1114 1538 mariti
1132 1483 1316 1554 extinguatur.
1344 1489 1373 1539 et
1389 1483 1457 1538 dicit
1473 1483 1606 1553 extingui,
1624 1483 1688 1553 quis

210 1581 240 1626 rt
258 1573 324 1630 nihii
342 1576 416 1628 esset
432 1573 496 1643 iam,
515 1573 589 1643 quod
607 1573 705 1628 marito
721 1575 817 1642 posset
834 1573 976 1643 praestari.
1012 1572 1089 1628 idem
1107 1572 1222 1642 quaerit,
1240 1573 1264 1627 si
1283 1572 1333 1628 dos
1351 1572 1397 1628 alii
1413 1573 1506 1643 legata
1523 1577 1599 1627 esset
1615 1587 1686 1626 aam-

258 1676 312 1734 que
329 1667 442 1733 rogatus
461 1662 497 1718 sit
514 1662 619 1718 mulieri
637 1661 789 1731 restituere,
809 1678 844 1717 an
861 1662 906 1718 lex
923 1661 1046 1718 Falcidia
1059 1662 1087 1716 in
1098 1661 1191 1730 legato
1203 1661 1292 1716 iocum
1304 1659 1426 1716 haberet.
1453 1665 1482 1715 st
1493 1659 1560 1716 dicit
1572 1660 1686 1716 habere:
1718 1671 1737 1709 1
1750 1662 1787 1702 ⁵

258 1750 307 1806 aed
331 1751 404 1821 quod
422 1751 512 1806 minus
530 1755 573 1806 est
590 1751 619 1806 in
635 1749 859 1821 fideicommissa,
882 1751 1022 1806 mulierem
1042 1749 1114 1806 dctis
1132 1749 1239 1805 actione
1256 1754 1473 1805 consecuturam.
1505 1763 1558 1819 ego
1576 1765 1687 1820 quaero,

258 1857 294 1896 an
311 1839 456 1897 commoda
473 1840 730 1910 repraesentationis
748 1841 776 1895 in
794 1839 846 1896 hcc
862 1840 955 1910 legato
971 1839 1011 1895 sic
1022 1837 1204 1894 obseruantur
1214 1843 1297 1907 atque
1310 1839 1333 1893 si
1345 1838 1395 1893 dos
1407 1838 1461 1909 ipsi
1473 1838 1579 1894 mulieri
1592 1837 1689 1895 inuret

209 1936 239 1984 18
257 1930 387 1999 relegata.
415 1933 444 1984 et
461 1932 543 1999 putc¹
562 1927 672 1985 habere.
701 1929 778 1986 Idem
797 1929 918 1986 lulianus
936 1928 1051 2000 quaerit,
1071 1928 1095 1984 si
1113 1927 1218 1984 mulieri
1236 1927 1287 1984 dcs
1304 1927 1342 1984 sit
1358 1927 1480 1997 relegata
1492 1941 1580 1998 eaque
1592 1933 1689 1998 rogata

257 2018 349 2075 dotem
373 2018 530 2088 restituere,
554 2033 590 2073 an
606 2017 728 2074 Falcidia
750 2019 840 2074 locum
864 2017 972 2074 haheat.
1005 2022 1034 2073 et
1057 2022 1140 2087 negat
1160 2015 1276 2087 habere,
1300 2017 1428 2086 quonlam
1447 2014 1688 2073 fideicommissum

257 2121 367 2178 qnoque
384 2111 469 2177 negat
486 2107 585 2162 ualere.
613 2107 687 2177 quod
705 2108 729 2164 si
746 2113 889 2178 praeterea
906 2107 972 2178 quid
990 2107 1068 2162 uxori
1085 2107 1207 2176 legatum
1225 2106 1269 2175 sit,
1286 2109 1367 2176 putat
1383 2121 1416 2160 ea
1427 2105 1537 2161 residuo
1549 2104 1687 2163 fideicom-

257 2197 371 2253 missum
389 2195 536 2266 praestari:
553 2195 628 2265 quod
645 2197 740 2267 ntique
757 2195 851 2252 habita
868 2196 973 2251 radone
990 2195 1128 2252 Falcidiae
1146 2195 1251 2250 mulieri
1269 2193 1460 2265 praestabitur.
1488 2194 1538 2250 sed
1549 2201 1579 2250 et
1589 2197 1688 2252 marito

257 2299 292 2341 er
309 2291 387 2355 parts
405 2283 500 2341 heredi
515 2283 642 2341 iust'tuto
659 2301 677 2341 a
695 2299 790 2342 socero
808 2285 872 2341 dcta
889 2285 1048 2356 praelegare
1062 2286 1183 2354 legatum
1195 2284 1268 2340 dotis
1279 2283 1428 2339 Falcidiam
1439 2299 1594 2354 passarum,
1612 2284 1687 2340 uide

256 2373 322 2429 iicet
338 2374 403 2444 quia
420 2372 510 2430 adhuc
528 2378 670 2430 comtante
688 2374 860 2431 matrimonio
877 2371 999 2428 indebita
1017 2373 1068 2428 dos
1086 2371 1195 2428 uidetur
1211 2373 1341 2442 relegata,
1359 2387 1455 2428 uerum
1473 2373 1547 2443 quod
1564 2373 1688 2430 Falcidia

257 2461 378 2533 reccidit,
390 2463 419 2518 in
431 2461 550 2519 iamihae
562 2461 757 2520 herciscundae
769 2461 870 2518 iudicio
882 2463 1009 2518 maritum
1022 2469 1240 2534 praecepturum,
1252 2461 1481 2532 quemadmodum
1494 2465 1582 2517 totam
1595 2462 1686 2518 dotem

210 2559 241 2606 11
257 2551 438 2623 praeciperet,
464 2552 488 2608 si
510 2567 565 2608 non
588 2555 664 2610 esset
686 2551 816 2622 relegata.
852 2551 924 2607 tiela
945 2550 1068 2622 scripsit,
1091 2553 1116 2607 si
1132 2551 1234 2607 iundns
1251 2552 1279 2606 in
1297 2550 1362 2606 dote
1379 2551 1417 2605 sit
1433 2555 1462 2606 et
1478 2551 1634 2620 specialiter
1651 2551 1687 2607 sit
1795 2556 1802 2557 ’

209 2647 239 2694 11
257 2641 378 2712 legatus,
402 2655 467 2697 mox
490 2641 655 2710 generaliter
672 2639 723 2695 dos
741 2640 875 2710 relegata,
898 2654 953 2696 non
971 2639 1028 2709 bis,
1052 2640 1102 2696 red
1120 2640 1204 2696 semei
1223 2638 1315 2696 deberi
1334 2637 1457 2695 lundam.
1493 2639 1598 2695 ibidem
1616 2641 1687 2696 hiala

258 2729 411 2800 coniungit,
435 2730 459 2784 si
480 2727 583 2786 landus
603 2729 632 2785 ln
655 2729 720 2786 dote
742 2728 794 2785 init
816 2730 922 2786 locatus
942 2744 960 2784 a
977 2729 1075 2786 marito
1093 2729 1129 2784 ad
1146 2735 1250 2785 certum
1267 2733 1391 2800 tempus,
1414 2743 1526 2784 uxorem
1545 2743 1600 2785 non
1618 2730 1686 2785 alias

256 2816 370 2874 handum
390 2833 425 2874 ex
441 2818 609 2889 relegatione
627 2819 766 2890 consequi,
785 2833 867 2888 quam
885 2819 909 2875 si
927 2819 1033 2875 canerit
1050 2833 1080 2874 sc
1094 2833 1238 2889 passuum
1250 2818 1376 2874 colonum
1387 2816 1448 2888 frui,
1467 2817 1615 2875 dummodo
1627 2819 1688 2890 ipss

256 2908 402 2979 pensiones
420 2907 560 2978 percipiat

220 2992 239 3050 2
311 2995 461 3054 Uurrsrrue
482 2996 551 3054 libro
574 2996 669 3068 quinto
691 2996 915 3067 disputationum.
952 2995 1021 3052 Onm
1044 2997 1105 3067 quis
1126 2996 1205 3053 uxori
1228 3011 1295 3052 suae
1317 2995 1409 3052 domm
1427 2997 1531 3066 relegat
1550 2991 1687 3080 [Q

257 3082 376 3156 hdsique
393 3087 623 3143 commissum‘ab
641 3102 675 3142 ea
693 3086 828 3157 relinquit,
847 3085 899 3142 hoc
916 3083 1156 3142 fideicommissum
1168 3101 1203 3141 ex
1215 3083 1369 3155 commodo,
1387 3085 1461 3155 quod
1472 3101 1508 3141 ex
1519 3087 1687 3156 relegatione

257 3175 353 3230 mulier
370 3175 466 3246 seudt,
485 3174 682 3246 aestimabitur,
701 3181 729 3231 et
746 3175 785 3231 ita
803 3175 899 3231 Celsus
917 3191 1026 3246 quoque
1044 3174 1112 3230 libro
1130 3176 1261 3232 uicesimo
1279 3174 1448 3244 digestorum
1465 3176 1582 3246 scripsit
1613 3175 1688 3245 quod

257 3263 280 3319 si
292 3265 463 3320 necessariae
474 3263 586 3321 fuerunt
597 3265 745 3336 impensae,
763 3279 834 3335 quae
845 3264 906 3336 ipsc
918 3265 977 3320 inre
989 3264 1081 3320 dotem
1094 3264 1227 3334 minuunt,
1246 3264 1363 3334 amplius
1375 3263 1428 3320 dici
1440 3269 1540 3334 potest,
1558 3265 1583 3320 si
1593 3266 1689 3321 tanta⁸

257 3353 396 3422 quantitas
413 3353 494 3424 dctis,
513 3370 595 3424 quam
613 3355 726 3412 maritis
744 3353 858 3425 accepit,
877 3354 902 3409 ei
920 3355 1042 3424 relegata
1060 3359 1110 3424 est,
1129 3357 1254 3422 oportere
1271 3352 1325 3408 dici
1337 3354 1419 3409 etiam
1433 3368 1493 3408 eam
1505 3355 1687 3424 quantitatem

256 3455 338 3512 posse
360 3441 600 3500 fideicommissum
624 3444 764 3514 erogaret
788 3457 858 3514 quae
882 3443 943 3513 ipso
963 3444 1022 3499 iure
1041 3442 1132 3498 dotem
1151 3441 1262 3498 minuit:
1286 3457 1347 3497 asse
1365 3443 1437 3499 enim
1456 3443 1595 3500 mulierem
1613 3443 1688 3515 lega·

256 3530 353 3586 udam
371 3545 451 3588 nemo
470 3533 579 3603 estqui
597 3531 712 3588 dubitet.
739 3531 788 3588 scd
807 3537 836 3588 et
853 3531 876 3594 si
894 3547 948 3588 uon
967 3532 1027 3602 dos,
1044 3532 1095 3587 scd
1112 3546 1161 3601 pro
1180 3529 1245 3586 dote
1260 3531 1362 3602 aliquid
1375 3532 1452 3588 uxori
1464 3530 1687 3604 fueritlagatum,

257 3619 346 3676 adhuc
363 3621 442 3690 quasi
460 3619 511 3678 dos
528 3623 651 3693 relegata
668 3622 809 3692 accipitur.
836 3621 888 3677 hoc
906 3621 1022 3691 amplius
1040 3621 1162 3676 lulianus
1179 3619 1296 3690 scribsit,
1315 3621 1366 3676 etsi
1384 3636 1439 3677 non
1456 3619 1538 3676 fuerit
1549 3621 1688 3678 adiectum

257 3723 307 3779 pro
325 3708 389 3764 dote
407 3725 469 3765 esse
486 3711 617 3781 legatum,
636 3710 688 3767 hoc
705 3713 799 3766 mmen
816 3710 908 3766 animo
927 3709 1059 3779 relictum,
1078 3708 1167 3764 adhuc
1179 3708 1238 3764 eius
1250 3723 1312 3764 csse
1325 3709 1499 3766 condicionis.
1523 3725 1593 3766 uxor
1604 3711 1689 3781 igitur

257 3798 280 3852 si
298 3803 410 3870 rogetur
427 3800 471 3855 uel
489 3800 582 3856 dotem
601 3801 644 3856 uel
663 3800 736 3871 quod
754 3813 804 3870 pro
822 3799 887 3854 dcte
904 3800 1025 3870 legatum
1044 3803 1088 3855 est
1105 3798 1149 3852 uel
1167 3797 1241 3867 quod
1258 3799 1385 3854 inuicem
1399 3799 1689 3870 dctiseiadscriptnm

258 3890 302 3942 est
318 3889 475 3960 restituere,
493 3903 549 3945 nou
566 3894 680 3960 cogetur
697 3889 751 3944 nisi
768 3893 895 3958 autenm,
913 3893 1049 3959 qnatenus
1067 3887 1193 3956 diximus,
1212 3888 1369 3943 restituere:
1388 3893 1416 3944 et
1433 3887 1495 3944 ideo
1513 3887 1593 3945 heres
1611 3889 1689 3946 insti·
1715 3889 1743 3934 4

256 3981 318 4032 tuta
339 3983 490 4048 rogataque
511 3980 691 4050 quantitatem
716 3976 876 4032 hereditatis
898 3977 1042 4034 restituere
1065 3977 1093 4032 id
1116 3976 1226 4032 demum
1251 3977 1390 4047 restituet,
1413 3977 1487 4046 qnod
1505 3977 1690 4047 quantitatem

257 4063 330 4121 dotis
347 4067 456 4122 excedit
473 4067 556 4138 idque
574 4067 648 4139 quod
666 4083 701 4123 cx
719 4065 978 4135 repraesentationis
996 4065 1138 4121 commodo
1153 4066 1245 4121 sentit.
1274 4081 1336 4120 nam
1349 4071 1377 4120 st
1388 4065 1412 4120 si
1424 4066 1495 4136 quis,
1513 4082 1575 4122 oum
1589 4082 1689 4124 amaru

257 4153 349 4210 dotem
368 4157 533 4227 accepisset,
551 4155 636 4213 hlium
655 4171 735 4212 suum
753 4155 880 4212 heredem
899 4155 1048 4210 instituerit
1065 4168 1182 4224 eumque
1199 4155 1348 4224 rogauerit,
1368 4153 1499 4226 quidquid
1517 4155 1552 4210 ad
1571 4170 1634 4211 eum
1655 4173 1690 4212 ex

257 4241 408 4301 hereditate
425 4245 604 4316 peruenisset,
623 4245 775 4314 restituere,
794 4257 857 4300 mox
875 4247 963 4300 morte
982 4243 1092 4300 uxoris⁴
1110 4243 1202 4300 dotem
1220 4239 1441 4314 fueritincratns,
1459 4242 1488 4298 id
1500 4257 1554 4299 uon
1566 4245 1691 4301 restitm

226 4342 239 4388 1
258 4333 331 4404 quod
350 4349 385 4390 ex
403 4331 468 4392 dcte
485 4335 616 4406 percepit,
635 4333 700 4405 quia
717 4333 883 4390 matrimonii
901 4348 986 4390 causa
1002 4332 1031 4389 id
1042 4333 1164 4390 lucratus
1176 4339 1227 4403 est,
1246 4347 1300 4390 non
1312 4346 1347 4388 ex
1358 4332 1443 4404 patris
1455 4331 1563 4388 iudicio.
1592 4333 1690 4390 hinilsr
1709 4335 1738 4382 ⁴⁵

257 4448 499 4520 miscrorum

256 4609 268 4712 ἔ
286 4606 376 4734 w.
395 4615 441 4663 iar.
494 4607 577 4664 'tcta
587 4607 622 4679 (ei
634 4609 784 4674 lsrsrsicra
796 4608 879 4668 nius
893 4607 926 4664 ris
938 4608 1101 4672 inmaturis
1114 4609 1171 4678 B)?
1222 4607 1455 4666 'fideicommissa
1467 4609 1575 4680 erogari
1586 4564 1687 4680 (timii

257 4826 612 4898 lipraestet‘et'muiierem
626 4828 677 4884 Ρ*
727 4833 761 4888 13
772 4829 945 4900 ex's'tiugua·
999 4830 1108 4902 puerperi
1132 4829 1205 4902 npclr
1231 4831 1318 4898 B(Tl
1368 4834 1385 4898 .)
1437 4833 1472 4888 26
1495 4831 1547 4904 bis]
1570 4833 1626 4890 scis
1649 4833 1685 4888 F*

256 4903 301 4954 tur
318 4900 355 4952 F¹
375 4901 380 4968 1
400 4898 553 4970 ex‘s'tingui
572 4902 611 4953 Ρ
665 4897 851 4962 thasilonem
870 4903 948 4957 silo
997 4903 1033 4958 39
1059 4903 1094 4972 ei]
1119 4902 1142 4956 ai
1165 4902 1198 4966 F,
1225 4900 1277 4956 sibi
1303 4851 1432 4960 fficlr
1486 4905 1523 4959 44
1549 4905 1683 4975 1111111111]

176 5037 177 5042 ¹
257 4971 292 5025 20
309 4969 353 5041 ex]
373 4977 402 5027 et
418 4972 540 5036 lister
554 4971 622 5026 E⁰K
671 4973 706 5028 st
723 4973 826 5046 heredi]
844 4972 945 5029 herede
987 4972 1150 5048 fuscoli,
1167 4974 1324 5030 restitueret
1340 4975 1370 5040 F,
1387 4975 1530 5031 restituere
1544 4975 1600 5031 WI

255 5041 318 5097 iii:
342 5041 364 5098 ei
382 5043 479 5116 aspasii>
503 5042 557 5099 ὄκτι
577 5045 702 5114 ribuarii
722 5047 880 5125 κληροκὸκιρ
896 5054 944 5098 hu·
