3608 5460
269 243 418 312 XXXXV
442 246 457 309 1
483 251 634 306 121-122
936 237 1025 318 670
1218 203 1224 208 Ι
1298 311 1301 324 ,
1442 261 1490 308 ne
1513 258 1700 308 monus

269 402 377 458 'malum
396 401 459 456 hnic
477 401 517 456 rei
533 399 762 471 promissionique
780 397 879 454 abesse
896 397 1092 469 afuturnmqus
1109 412 1172 454 esse
1189 397 1337 469 stipulatus
1347 401 1393 453 est
1403 398 1457 467 ilie,
1476 397 1628 468 spopondit
1643 396 1700 467 ilie',

237 496 250 541 1
268 491 364 547 incerti
382 493 488 560 agetur.
524 487 714 560 stipulationis
732 487 834 544 utiliter
851 487 1066 558 interponendae
1084 487 1175 557 gratia
1192 488 1289 544 mulier
1306 485 1342 542 ab
1359 502 1403 558 eo,
1421 487 1450 544 in
1466 481 1549 544 buius
1567 487 1699 542 momine

268 581 342 636 nium
361 577 556 648 conueniebat,
580 579 712 648 stipulata
728 575 818 632 iuerat
836 576 1016 646 ducenta,si
1034 576 1203 634 concubinae
1225 581 1350 648 tempore
1373 576 1540 636 matrimonii
1559 581 1699 632 consuetu

268 669 360 725 dinem
377 669 532 739 repetisset
559 667 626 722 nihii
643 680 744 722 causum
762 680 824 721 esse
846 665 988 736 respondi,
1011 682 1062 721 eur
1084 681 1120 722 ex
1141 667 1300 737 stipulutn¹,
1322 679 1394 736 quse
1418 681 1454 721 ex
1476 665 1558 722 bouis
1583 664 1698 720 moribus

236 762 402 828 acoucepts
419 756 521 826 iuerat,
545 757 641 812 mulier
658 755 771 826 impleta
788 754 948 810 condicione
966 755 1112 825 pecuniam
1131 755 1245 826 adsequi
1263 770 1319 812 nou
1335 755 1432 826 possit
1469 755 1502 810 ln
1520 755 1639 810 insulam
1655 753 1723 808 des

267 850 377 918 portato
394 861 442 902 ree
459 845 636 916 promittendi
654 845 795 916 stipulatio
813 844 853 900 itu
870 849 1017 916 concepta:
1036 845 1106 901 ‘oum
1123 845 1256 914 morieris,
1274 843 1359 900 darii*
1378 859 1435 901 non
1452 843 1505 900 uisi
1518 844 1651 900 moriente
1667 857 1698 898 eo

236 939 251 984 ³
268 935 454 1012 committitur.
491 935 534 990 Ex
551 933 625 990 iacto
643 934 682 990 rei
700 932 876 1004 promittendi
893 933 949 988 doli
967 935 1108 1004 stipulatio
1126 935 1254 991 heredem
1273 934 1332 990 eius
1349 939 1440 1005 must,
1459 933 1533 990 siout
1551 947 1588 989 cx
1605 932 1697 988 octena

268 1025 329 1080 aliis
347 1023 541 1090 mutuantibus,
559 1023 645 1080 ueluti
663 1023 786 1078 mandeti
803 1022 930 1093 depositi.

192 1105 250 1165 122
321 1113 480 1170 Sossuons
497 1111 565 1168 libro
583 1112 734 1168 uicensimo
753 1117 852 1168 octauo
871 1111 1050 1182 digestorum.
1087 1111 1139 1178 Qui
1157 1113 1261 1168 Romae
1283 1116 1407 1168 mutuam
1424 1126 1509 1182 pecu·
1542 1113 1695 1185 [Ἀρ-,111
1710 1105 1737 1160 'A

162 1189 167 1206 ¹
268 1203 341 1258 niam
359 1205 504 1273 acceperut
522 1201 680 1258 soluendam
699 1201 727 1255 in
744 1201 894 1272 longinqua
911 1202 1054 1271 prouincia
1073 1203 1141 1272 perl
1159 1216 1268 1258 menses
1290 1207 1347 1258 tres
1371 1215 1489 1271 mumque
1511 1200 1550 1256 ibi
1574 1200 1634 1256 dsri
1649 1195 1696 1282 [(Ῑ)
1710 1210 1728 1250 ro

268 1291 410 1360 stipulanti
428 1289 634 1362 spopondisset,
657 1295 721 1362 post
743 1305 848 1361 paucos
871 1289 931 1346 dies
949 1291 1053 1346 Romae
1076 1296 1179 1348 testam
1202 1291 1330 1348 creditori
1354 1290 1424 1346 dixit
1445 1293 1575 1359 paratum
1594 1303 1624 1348 se
1641 1303 1696 1343 csse

268 1380 373 1436 Romae
391 1395 452 1436 eam
470 1395 613 1436 numerare
632 1380 757 1436 deuecta
773 1391 808 1435 eu
825 1395 945 1448 summa,
968 1395 1050 1450 qnam
1069 1381 1198 1438 creditori
1220 1397 1272 1436 sno
1289 1395 1433 1436 usurarum
1451 1379 1564 1456 nomine
1581 1377 1696 1434 dederat

269 1469 423 1540 quaesitum
441 1475 499 1542 est,
523 1485 585 1526 cum
604 1470 633 1525 iu
650 1469 804 1538 integrum⁸
822 1483 971 1540 summam,
993 1485 1050 1540 qna
1066 1470 1243 1541 stipulatione
1261 1468 1400 1539 obligatus
1418 1473 1478 1538 est,
1500 1467 1644 1538 optulerit,
1665 1481 1697 1521 au

269 1573 303 1614 eo
321 1559 389 1629 loce,
408 1559 436 1614 in
453 1573 509 1630 quo
526 1558 660 1614 soluenda
677 1559 812 1628 promissa
830 1563 881 1630 est,
900 1575 951 1616 sua
968 1559 1013 1615 dic
1031 1561 1139 1630 integra
1156 1559 1212 1630 peti
1231 1561 1334 1628 posset.
1361 1557 1504 1628 respondit
1516 1572 1600 1628 posse
1617 1556 1697 1625 stipu-

237 1647 384 1704 llatorem
401 1663 453 1703 sna
469 1648 515 1703 die
531 1647 578 1718 ibi,
597 1647 645 1704 ubi
662 1647 820 1704 soluendam
838 1649 984 1720 stipulatus
1002 1655 1053 1719 est,
1075 1652 1178 1719 petere.
1214 1647 1397 1704 Callimachus
1415 1650 1540 1702 mutuam
1558 1645 1697 1716 mensium
1720 1636 1774 1688 Β*

270 1737 408 1794 nauticam
427 1738 534 1808 aooeplt
552 1753 569 1792 u
586 1737 680 1793 Sticho
698 1753 780 1794 seruo
797 1737 854 1794 Seii
871 1739 900 1794 in
917 1739 1060 1809 prouincia
1071 1737 1152 1810 Syria
1170 1737 1282 1793 ciuitate
1293 1736 1397 1808 Beryto
1415 1751 1504 1806 usqne
1516 1735 1698 1791 Brentesium:

269 1825 353 1896 idque
370 1825 503 1882 creditum
522 1841 583 1882 esse
601 1826 629 1882 in
647 1842 743 1883 omnes
760 1827 863 1898 nauigii
880 1827 940 1882 dies
952 1827 1093 1896 ducentos,
1112 1825 1165 1882 sub
1177 1825 1338 1896 pignoribus
1350 1824 1554 1898 ethypothecis
1566 1822 1699 1880 mercibus

270 1930 288 1970 a
304 1915 408 1987 Beryto
431 1917 595 1987 comparatis
618 1919 648 1972 et
665 1915 837 1972 Brentesium
861 1914 1031 1987 perferendis
1053 1919 1083 1970 et
1105 1931 1175 1986 quas
1191 1915 1335 1972 Brentesio
1355 1920 1498 1985 empturus
1515 1919 1593 1969 essct
1608 1918 1637 1968 et
1652 1925 1699 1982 per

269 2019 370 2060 nauem
388 2005 491 2074 Beryto
508 2004 680 2060 inuecturus:
699 2007 881 2076 conuenitque
899 2005 969 2060 inter
987 2020 1043 2074 eos,
1066 2004 1114 2076 nti,
1132 2019 1195 2060 cum
1213 2002 1395 2060 Callimachus
1413 2003 1589 2059 Brentesium
1606 2015 1698 2072 perne

270 2093 370 2164 uisset,
393 2093 458 2150 inde
480 2093 553 2149 intra
575 2093 639 2150 idus
657 2093 846 2164 Septembres,
870 2109 941 2164 qnae
964 2097 1031 2150 truc
1053 2093 1196 2164 proximae
1218 2089 1327 2148 suturae
1350 2096 1457 2162 essent,
1482 2093 1543 2148 aliis
1565 2090 1699 2147 mercibus

270 2183 369 2254 emptis
386 2187 416 2238 et
432 2183 462 2238 iu
478 2197 578 2238 nauem
596 2183 695 2263 mercis
712 2183 791 2254 ipse*
808 2184 837 2238 iu
855 2182 963 2256 Syriam
981 2199 1031 2254 per
1048 2183 1189 2252 nauigium
1207 2179 1403 2252 proficiscebar,
1422 2185 1479 2251 ant,
1497 2181 1523 2236 si
1539 2181 1614 2237 iutra
1630 2180 1698 2236 diem

270 2287 354 2344 supra
371 2272 500 2344 scriptam
519 2286 573 2328 non
592 2277 748 2342 reparasset
764 2287 869 2328 merces
887 2287 939 2329 neo
956 2258 1133 2342 enauigaaset
1150 2270 1185 2327 de
1202 2286 1237 2326 ea
1254 2271 1381 2340 ciuimte,
1399 2270 1529 2326 redderet
1546 2272 1697 2326 uniuersam

270 2362 399 2418 contiuuo
420 2361 564 2431 pecuniam
588 2362 668 2431 quasi
689 2359 811 2431 perlecto
833 2361 946 2432 nauigio
970 2367 999 2418 et
1021 2367 1175 2433 praestaret
1196 2367 1323 2432 sumptus
1350 2373 1446 2416 omues
1471 2358 1699 2431 prosequentibus

270 2467 331 2507 eam
350 2451 507 2522 pecuniam,
530 2451 607 2506 utin
625 2448 721 2506 urbem
739 2451 854 2507 &mam
873 2466 933 2506 eam
952 2450 1141 2521 deportarent:
1166 2465 1253 2521 esque
1277 2450 1318 2505 sic
1339 2453 1414 2506 reete
1433 2448 1493 2504 dari
1510 2447 1571 2504 fieri
1588 2447 1643 2505 fide
1659 2462 1698 2504 ru·

270 2541 347 2612 genti
365 2539 458 2596 Sticho
475 2554 556 2595 seruo
575 2540 652 2596 Lucii
669 2539 735 2595 'litii
752 2540 878 2610 promisit
895 2539 1085 2596 cntimachns.
1112 2544 1142 2596 et
1164 2555 1226 2596 curu
1250 2545 1314 2596 aute
1336 2538 1398 2594 idus
1421 2553 1507 2608 supra
1523 2539 1642 2610 scriptas
1659 2552 1698 2594 se
1785 2539 1791 2578 t

271 2629 390 2686 cundum
414 2629 623 2686 conuentiouenr
648 2628 783 2685 mercibus
806 2630 835 2684 in
857 2643 956 2684 nauem
978 2629 1114 2699 impositis
1136 2645 1198 2685 cnm
1217 2629 1301 2684 Erote
1319 2641 1452 2684 conseruo
1470 2625 1559 2684 Stichi
1577 2628 1656 2699 quusi
1671 2627 1698 2682 in

270 2719 439 2790 prouinciam
457 2717 565 2790 Syriam
583 2723 765 2788 peruenturus
782 2719 953 2789 enauigauit:
972 2719 1127 2789 quaesitum
1144 2723 1188 2776 est
1204 2733 1276 2774 naue
1293 2717 1450 2788 submersa,
1468 2733 1533 2773 curn
1551 2716 1698 2773 secundnm

271 2807 426 2865 cantionem
444 2807 626 2864 Callimachus
644 2821 749 2863 meroes
766 2806 860 2864 debito
878 2805 1054 2878 perferendas
1071 2807 1100 2862 io
1118 2821 1190 2864 naue
1208 2807 1355 2864 mansisset
1371 2821 1405 2863 eo
1423 2813 1557 2878 tempore,
1575 2821 1630 2877 qno
1647 2807 1697 2862 hm

271 2897 416 2968 mouniam
434 2897 576 2953 Brentesio
594 2896 709 2952 reddere
726 2897 830 2952 Romae
848 2895 1037 2967 perferendam
1055 2895 1176 2965 deberet,
1194 2911 1230 2952 au
1248 2895 1314 2952 nihil
1330 2897 1419 2967 prosit
1432 2897 1525 2952 Erotis
1543 2910 1698 2962 cousensus,

271 2987 319 3058 qui
336 3003 398 3042 oum
416 3001 450 3042 eo
468 2986 568 3042 missus
586 2989 653 3054 erat,
672 2985 771 3056 cuique
789 2985 856 3042 nihil
873 2987 990 3058 amplius
1007 2986 1044 3042 de
1061 2987 1179 3057 pecunia
1195 3003 1280 3057 supra
1296 2987 1400 3057 scripta
1417 2991 1482 3057 post
1499 2985 1574 3042 diem
1586 2999 1698 3042 eouuen
1715 2983 1740 3025 ’l

271 3076 355 3133 tionis
372 3075 534 3146 permissum
553 3075 597 3130 uel
615 3074 775 3130 mandatnm
793 3079 865 3145 erat,
884 3092 966 3146 quam
986 3081 1017 3132 ut
1034 3091 1095 3132 eam
1112 3081 1253 3146 receptam
1270 3076 1385 3132 Mmarn
1402 3073 1550 3146 perferret,
1574 3079 1604 3132 et
1621 3073 1698 3130 nihilo

271 3165 362 3221 minus
379 3164 487 3220 nodone
505 3179 540 3220 ex
557 3163 689 3234 stipulatu
707 3163 889 3220 Callimachus
906 3165 942 3221 de
959 3166 1076 3236 pecunia
1093 3165 1204 3222 domino
1221 3164 1308 3221 Stichi
1324 3166 1475 3221 tencatnrt.
1501 3164 1645 3235 respondit
1660 3177 1698 3218 se

272 3253 391 3310 cundum
418 3268 453 3310 ea
478 3268 549 3324 qnae
575 3257 793 3323 proponerentur
818 3254 913 3310 teneri.
947 3254 1013 3310 item
1040 3269 1157 3326 quomo,
1184 3254 1209 3310 si
1236 3253 1402 3312 Callimacho
1426 3258 1493 3324 post
1519 3253 1595 3310 diem
1621 3265 1699 3323 sumu

271 3343 401 3412 scriptam
418 3343 562 3414 nauigante
579 3343 649 3398 Bros
667 3358 751 3412 supra
767 3342 885 3414 scriptus
903 3359 1000 3400 sensus
1018 3343 1195 3414 consenserit,
1213 3344 1402 3400 coactionem
1420 3341 1532 3399 domiuo
1550 3358 1603 3399 sno
1620 3339 1700 3398 semel

272 3431 436 3501 adquisitum
455 3431 575 3488 adimere
593 3431 721 3502 potuerit.
748 3432 890 3502 respoudit
906 3449 961 3489 uon
979 3433 1114 3504 potuisse,
1133 3433 1183 3488 sed
1200 3431 1259 3488 iore
1277 3432 1433 3503 exceptioni
1449 3433 1556 3501 iocum,
1581 3432 1605 3487 si
1624 3443 1700 3486 seruo
1717 3434 1739 3476 tt

239 3527 254 3572 a
271 3517 413 3578 arbitrium
431 3520 526 3578 datum
544 3527 619 3578 esset
636 3535 697 3576 earu
715 3522 860 3590 pecuniam
872 3537 1046 3593 quocumque
1060 3528 1184 3592 tempore
1196 3523 1225 3577 in
1235 3521 1363 3592 quemuis
1373 3522 1464 3577 locum
1475 3520 1565 3577 reddi.
1593 3519 1702 3576 Flauius

270 3608 386 3664 Hermes
404 3608 541 3666 homiuem
553 3609 675 3666 Stichum
694 3610 915 3668 manumissionis
932 3627 1017 3668 causa
1034 3611 1149 3670 donauit
1166 3615 1195 3666 et
1211 3611 1251 3667 ita
1267 3609 1302 3667 de
1314 3625 1348 3667 eo
1360 3611 1509 3682 stipulatum
1526 3603 1702 3694 Q

270 3724 464 3796 rorrnou)

274 3887 281 3920 ¹
301 3885 476 3954 stipulatione
493 3887 592 3954 (sodli
667 3889 760 3957 'post
777 3888 875 3954 (aridii
950 3887 1008 3942 iin
1025 3887 1171 3957 integrum]
1191 3901 1243 3943 nec
1259 3887 1415 3956 integram?
1486 3889 1618 3942 ‘merois
1635 3887 1704 3958 ipse]

271 3957 409 4026 receptis?
478 3961 569 4030 ⁵proto
586 3967 624 4014 sto
637 3961 700 4031 sere
717 3967 840 4029 scripturn
853 3963 957 4032 fntssm
980 3964 1009 4014 et
1031 3975 1109 4028 oum,
1133 3964 1197 4016 ante
1218 3959 1281 4016 idus
1305 3975 1388 4028 supra
1410 3959 1527 4028 scriptus
1551 3959 1705 4016 secuudum

272 4029 480 4085 conuentiouem
499 4029 635 4086 mercibus
652 4031 681 4086 in
698 4045 796 4086 nauem
816 4031 959 4102 impositis,
977 4046 1039 4086 cum
1052 4031 1135 4088 Erote
1147 4046 1281 4087 conseruo
1293 4029 1388 4100 Stichi,
1406 4036 1415 4058 t
1434 4030 1463 4085 ni
1474 4045 1538 4086 oum
1550 4045 1587 4086 eo
1606 4033 1709 4088 missus

273 4105 332 4154 erat
349 4101 447 4171 cuique
464 4101 530 4156 nihil
548 4102 664 4171 amplius
682 4100 717 4157 de
735 4103 851 4172 pecunia
873 4118 957 4173 supra
978 4103 1080 4172 scripta
1102 4103 1264 4172 permissum
1282 4103 1328 4157 u'el
1346 4045 1504 4156 mandatum
1523 4106 1599 4172 erat,
1623 4119 1706 4172 quatu

272 4175 304 4225 ut
321 4185 381 4226 earn
399 4177 464 4242 post
481 4173 552 4228 diem
571 4173 760 4229 conuentionis
777 4177 915 4244 receptam
934 4174 1048 4229 Romam
1067 4171 1216 4244 perferret,
1239 4172 1407 4242 mansisset,
1430 4187 1465 4228 eo
1486 4179 1626 4243 ternpore,
1651 4189 1708 4246 quo

272 4242 327 4298 iam
339 4245 482 4314 pecuniam
495 4245 638 4300 Brentesio
649 4245 764 4301 reddere
775 4246 910 4315 Rumam]
930 4245 1119 4315 perferendam
1131 4245 1262 4315 deberet,
1280 4245 1359 4314 quasi
1373 4246 1401 4299 in
1412 4245 1585 4314 prouinciam
1597 4245 1708 4317 Syriam

272 4319 454 4384 peruenturus
475 4317 642 4386 eusnigauit.
675 4317 829 4457 ‹fuuesitum
853 4323 896 4372 est
918 4333 989 4372 naue
1010 4316 1166 4386 submersa,
1190 4332 1253 4372 cum
1276 4316 1427 4372 secuudum
1449 4317 1608 4374 eantieucm
1626 4317 1709 4374 Galli·

651 4405 677 4442 m

273 4385 387 4441 machus
409 4403 514 4443 meroes
536 4387 649 4460 [Berytu

273 4457 363 4513 miuus
381 4459 489 4515 actione
507 4474 541 4514 ex
559 4460 691 4530 stipulatu
709 4385 888 4516 &defendas
910 4389 938 4444 in
961 4389 1070 4458 nauc[m
1095 4387 1293 4458 mmmmm
1317 4404 1353 4443 ⁸¹¹
1376 4387 1443 4442 ”ihil
1465 4389 1554 4458 Μὴ
1575 4395 1606 4445 ⁰⁸
1623 4388 1710 4446 nihili)

724 4459 889 4515 'allimmhus
907 4460 942 4515 de
960 4461 1077 4531 pecunia
1094 4459 1204 4516 domino
1222 4458 1307 4516 Stichi
1324 4464 1459 4515 teneatur.

274 4609 520 4679 lprernisiouiqne
537 4608 654 4667 *abesae
672 4612 708 4664 Ρ
767 4612 882 4666 91122
899 4630 959 4667 con-
1013 4612 1050 4666 Ρ
1093 4613 1128 4667 26
1141 4610 1250 4667 h’erote
1268 4611 1307 4664 Ρ
1350 4612 1385 4667 ut
1403 4611 1507 4666 suriam
1525 4611 1564 4666 Ρ
1608 4613 1644 4669 28
1662 4613 1711 4670 de-

273 4687 388 4735 tineatur
404 4682 559 4736 succedenti
571 4683 597 4734 F
638 4683 673 4737 10
690 4682 858 4752 soluendam]
870 4685 898 4756 s,
917 4698 959 4738 so·
1012 4681 1079 4752 bito]
1091 4682 1297 4747 H⁰Y⁵,berito
1306 4682 1439 4747 X‘MOQ
1452 4683 1550 4739 merito
1565 4683 1601 4739 Ρ
1616 4689 1622 4752 l
1637 4699 1711 4741 naue

273 4751 381 4806 leudam
395 4753 421 4804 F
452 4753 483 4806 ll
497 4751 607 4807 dies...
620 4755 833 4809 recesserunt?¹
871 4755 904 4808 12
913 4753 960 4809 de·
1012 4754 1209 4822 mansissetli}
1227 4767 1326 4810 nauem
1339 4755 1489 4810 mansisset
1498 4755 1591 4822 ΧΦ,
1609 4771 1710 4814 nauem

273 4827 379 4878 tra*ota⁴
392 4823 429 4876 Ρ
473 4823 507 4878 13
519 4825 704 4878 cummamF²
749 4824 966 4881 resoluendus
1013 4826 1134 4882 misisset
1143 4824 1309 4882 X⁵Y⁸M00
1347 4823 1511 4882 tith'erotie
1524 4827 1564 4880 Ρ
1605 4829 1711 4886 Souni-

274 4895 309 4949 16
327 4893 402 4950 suria
417 4894 454 4948 Ρ
470 4895 475 4960 1
489 4893 588 4950 beruto
606 4896 642 4948 Ρ
696 4897 729 4952 17
747 4895 909 4968 huputheois
924 4897 959 4950 Ρ
1012 4897 1075 4966 qne]
1098 4896 1201 4968 quique
1222 4897 1249 4950 F
1312 4897 1348 4952 et
1374 4899 1526 4970 nauigante
1546 4897 1647 4958 h’eros
1672 4901 1712 4956 Ρ

274 4966 308 5021 18
326 4965 423 5022 beruto
440 4965 478 5019 Ρ
538 4967 572 5022 19
589 4963 687 5022 beruto
704 4968 741 5021 Ρ
800 4967 961 5038 21merois]
1013 4969 1049 5026 35
1065 4970 1155 5025 locum
1173 4968 1271 5024 σοοΡ

273 5036 381 5104 ΠΨ,
404 5037 494 5094 missis
512 5037 786 5110 X¹Y⁸M001ipsse
804 5040 845 5109 Fi
860 5038 960 5096 soriam
1075 5069 1077 5074 .
