3584 5454
98 269 224 318 ruurrs
680 325 681 328 Ἴ
781 242 868 326 739
1264 247 1444 316 xxxxvss
1465 249 1539 336 214

32 410 80 466 14
155 406 306 464 Umerus
323 403 392 462 libro
411 405 560 462 uicensimo
579 405 705 476 nono-ad
723 403 864 460 Sabinum.
891 406 962 462 Eum
981 407 1028 475 qui
1047 405 1121 475 emit,
1140 406 1164 461 si
1177 421 1231 462 non
1243 405 1346 462 tradita
1364 399 1538 488 [ᾗῇ-ζῇ
1557 409 1578 463 S

100 500 146 551 est
166 496 193 550 ei
216 510 275 565 res,
300 494 365 550 iurti
388 495 523 550 actionem
548 509 603 550 non
626 493 741 564 babere,
766 493 815 550 sed
839 493 929 550 adbuc
949 494 1100 550 uenditoris
1119 510 1180 550 esse
1198 495 1270 550 hanc
1287 495 1422 550 actionem
1442 493 1538 547 Celsus

99 585 220 654 scripsit
251 584 381 642 mandare
398 599 462 640 eum
480 584 561 653 piane
579 582 717 656 oportebit
734 582 851 653 emptori
867 581 933 638 furti
950 583 1086 640 actionem
1105 588 1134 638 et
1152 583 1351 640 condictionem
1371 585 1400 638 et
1417 580 1538 636 uindica-

99 673 212 744 tionem,
231 677 260 728 et
277 673 302 728 si
319 672 385 742 quid
403 687 438 728 ex
456 672 499 730 his
517 670 671 728 actionibus
689 670 771 726 inerit
788 676 961 742 consecutus,
979 672 1007 728 id
1025 677 1167 742 praestare
1183 687 1247 728 eum
1260 672 1376 742 emptori
1389 669 1538 740 oportebit:

100 776 173 831 quae
197 762 335 818 sententia
355 776 423 818 uera
440 766 496 831 est,
520 765 549 816 et
566 762 606 816 ita
623 766 652 816 et
669 761 800 816 lulianus.
833 765 862 815 et
879 775 946 816 sane
963 761 1112 832 periculum
1130 762 1170 818 rei
1188 761 1224 818 ad
1242 767 1392 831 emptorem
1411 759 1538 828 pertinet,
1558 773 1571 812 s

64 863 79 906 1
100 850 250 906 dummodo
273 849 426 908 custodiam
451 849 580 906 uenditor
600 853 664 904 ante
681 849 854 904 traditionem
874 854 1004 918 praestet.
1041 849 1121 906 Adeo
1139 854 1230 906 autem
1250 854 1356 920 emptor
1374 853 1438 904 ante
1456 847 1538 902 tradi-

99 941 204 996 tionem
222 937 288 995 furti
306 954 361 994 non
379 938 464 996 babet
481 939 631 1008 actionem,
654 942 686 994 ut
703 938 740 994 sit
757 939 927 1009 quaesitum,
946 955 982 994 an
1000 933 1255 1010 ipsAsnbripiendo
1273 953 1331 994 rem
1349 942 1456 1008 emptor
1473 934 1539 992 furti

99 1035 235 1084 teneatur.
263 1033 292 1083 et
309 1027 431 1084 Iulianus
448 1026 518 1083 libre
536 1026 685 1084 uicensimo
703 1027 785 1082 tertio
803 1026 972 1096 digestorum
991 1026 1099 1084 scribit:
1119 1028 1143 1083 si
1154 1031 1261 1098 emptor
1272 1043 1339 1097 rem,
1357 1027 1435 1082 cuius
1448 1031 1538 1082 custo·

99 1116 174 1172 diam
193 1115 363 1172 uenditorem
382 1121 524 1186 praestare
542 1114 702 1186 oportebat,
726 1116 816 1171 soluto
833 1116 922 1184 pretio
939 1107 1120 1186 subripuerit,
1139 1115 1203 1172 furti
1221 1117 1330 1172 actione
1348 1131 1403 1172 non
1420 1119 1538 1170 tenetur.

99 1206 181 1276 plane
199 1205 224 1260 ei
241 1211 389 1275 autequam
407 1195 552 1274 pe'oumm
571 1207 703 1275 solueret,
727 1219 785 1260 rem
804 1203 984 1274 subtraxerit,
1003 1203 1069 1260 furti
1087 1205 1194 1262 actione
1213 1206 1314 1274 teneri,
1331 1205 1445 1276 perinde
1463 1220 1496 1260 ac
1514 1204 1538 1259 si
1559 1216 1587 1256 ro

64 1294 201 1363 apignns
224 1292 417 1352 snbtruxisset.
452 1295 600 1352 Praeterea
622 1293 726 1350 habeut
748 1291 813 1348 furti
837 1293 973 1351 actionem
997 1294 1101 1364 coloni,
1124 1295 1251 1369 quamuis
1274 1294 1378 1356 domini
1402 1309 1457 1350 non
1475 1294 1538 1364 sint,

64 1382 165 1452 aquia
187 1382 302 1438 interest
322 1397 426 1438 sorum.
461 1383 489 1439 Is
507 1390 613 1454 autem,
638 1383 713 1454 apud
731 1397 813 1452 quem
832 1397 876 1438 res
894 1382 1022 1452 deposita
1039 1387 1094 1453 est,
1119 1382 1277 1454 uideamus,
1301 1399 1337 1438 an
1354 1382 1456 1438 babeat
1473 1380 1539 1438 furti

99 1471 245 1526 actionem.
271 1476 301 1526 et
318 1485 380 1528 eum
399 1471 492 1528 dolum
510 1472 655 1530 dumtaxat
671 1476 801 1543 praestet,
820 1471 918 1527 merito
936 1472 1028 1540 piacet
1045 1487 1100 1527 non
1117 1470 1219 1528 habere
1236 1487 1300 1528 eum
1312 1469 1377 1528 furti
1389 1471 1538 1526 actionem:

98 1559 166 1629 qnid
184 1561 256 1616 euim
274 1560 335 1616 eins
353 1560 481 1630 interest,
500 1562 524 1617 si
542 1561 606 1618 doio
624 1561 737 1616 estest?
767 1561 840 1630 quod
859 1561 883 1616 si
902 1559 965 1616 dolo
983 1557 1063 1630 iecit,
1081 1559 1136 1616 iam
1155 1561 1265 1630 quidem
1284 1560 1434 1631 perieulum
1452 1560 1539 1630 ipsius

62 1661 81 1707 4
99 1653 152 1717 est,
172 1647 222 1703 sed
241 1663 295 1704 nou
313 1647 398 1704 debet
414 1665 450 1704 ex
468 1650 533 1706 dolo
550 1665 601 1706 suo
619 1649 685 1706 furti
702 1664 833 1720 quaerero
852 1648 997 1706 actionem.
1034 1649 1155 1706 lulianus
1172 1664 1282 1720 quoque
1300 1649 1369 1706 libro
1387 1649 1538 1706 uicensimo
1558 1660 1587 1700 rs

99 1736 222 1792 secundo
245 1736 415 1807 digestorum
439 1738 547 1794 scribit:
572 1739 637 1810 quia
658 1739 686 1794 in
706 1739 828 1796 omnium
847 1735 938 1794 furum
955 1752 1074 1808 persona
1091 1739 1270 1796 constitutum
1289 1743 1345 1808 est,
1368 1753 1403 1794 ne
1421 1738 1482 1794 eius
1499 1738 1539 1792 rei

98 1825 210 1882 nomine
228 1823 293 1882 furti
311 1842 393 1896 agere
411 1827 526 1898 possint,
545 1828 623 1884 ouius
641 1828 695 1897 ipsi
712 1825 787 1883 iures
805 1833 878 1897 sunt,
897 1841 951 1888 uon
966 1825 1080 1882 habebit
1091 1825 1157 1882 furti
1169 1829 1305 1884 actionem
1318 1828 1350 1898 is,
1370 1827 1443 1896 spud
1456 1841 1538 1896 quem

64 1928 80 1974 t
100 1929 145 1970 res
161 1914 289 1985 deposita
306 1921 357 1985 est,
376 1916 503 1985 quamuis
521 1917 720 1986 periculosius
738 1931 800 1974 esse
818 1931 863 1972 res
881 1915 1004 1986 eoeperit
1020 1917 1067 1986 qui
1079 1931 1140 1972 eam
1154 1917 1344 1972 contrectauit.
1371 1916 1538 1986 Papinianus

99 2007 209 2072 urent,
227 2003 252 2058 si
269 2003 340 2060 duos
358 2019 455 2060 seruos
473 2003 509 2060 ob
527 2005 623 2062 decem
641 2020 740 2064 aureos
758 2005 866 2076 pignori
884 2005 1037 2075 acceperim
1056 2009 1085 2060 et
1102 2005 1171 2060 alter
1189 2003 1366 2075 subripiatur,
1387 2020 1449 2060 oum
1469 2005 1538 2059 aiter

98 2106 224 2162 quoque,
247 2092 294 2161 qui
318 2092 356 2148 sit
376 2096 513 2162 retentus,
531 2109 593 2150 ,non
617 2095 729 2151 minoris
751 2095 847 2150 decem
871 2094 988 2149 ualeret:
1011 2099 1103 2150 utrum
1128 2107 1216 2163 usque
1237 2093 1273 2148 ud
1291 2095 1412 2164 quinque
1429 2097 1537 2148 tantum
1557 2103 1586 2144 ao

98 2179 216 2236 babeam
234 2179 299 2236 iurti
317 2181 462 2252 actionem,
480 2183 546 2252 quia
563 2184 591 2238 in
610 2183 663 2240 ulio
681 2183 770 2240 habeo
787 2183 880 2238 saluos
898 2183 1037 2252 quinque?
1064 2201 1100 2239 an
1112 2198 1187 2252 uero,
1205 2183 1271 2252 quia
1282 2183 1352 2237 mori
1363 2186 1463 2252 potest,
1483 2181 1538 2236 dici

98 2267 251 2326 debeatis
274 2268 369 2325 desem
392 2268 451 2326 iore
474 2271 624 2341 actionem,
649 2273 758 2329 etiamsi
781 2272 874 2341 magni
895 2272 976 2342 pretii
1000 2272 1037 2328 sit
1054 2273 1078 2328 is
1096 2272 1144 2342 qui
1161 2271 1314 2326 retinetur?
1341 2277 1370 2326 et
1387 2271 1426 2325 ita
1443 2275 1536 2340 putat:

98 2373 154 2414 uon
172 2358 245 2413 eninr
262 2359 400 2428 respicere
417 2358 551 2416 debemus
568 2361 677 2432 pignus,
696 2361 770 2431 quod
788 2359 948 2430 subreptum
967 2374 1022 2416 non
1040 2365 1091 2429 est,
1110 2360 1160 2416 sed
1173 2361 1202 2416 id
1215 2359 1289 2430 quod
1301 2358 1471 2416 subtractum
1485 2363 1536 2414 est

65 2457 80 2504 e
98 2445 176 2500 idem
194 2445 298 2516 scribit,
316 2447 349 2517 si,
367 2463 429 2504 cum
448 2448 514 2504 mibi
531 2449 627 2506 decem
646 2449 819 2519 deberentur,
838 2463 934 2505 seruus
946 2449 1054 2519 pignori
1066 2448 1148 2504 datus
1160 2448 1318 2506 subtractus
1329 2447 1374 2518 sit,
1392 2447 1417 2504 si
1428 2447 1536 2502 actione

98 2532 165 2590 iurti
186 2540 352 2592 consecutus
374 2535 452 2592 iuero
476 2537 584 2609 decem,
608 2554 663 2596 non
684 2543 840 2609 competere
859 2537 925 2592 mihi
942 2536 1009 2592 iurti
1026 2538 1176 2606 actionem,
1201 2537 1225 2593 si
1242 2537 1342 2592 iterum
1361 2535 1536 2605 subripiatur,
1556 2545 1587 2586 ae

97 2624 166 2694 quia
182 2624 266 2680 desiit
282 2635 345 2708 uma
362 2625 503 2696 interesse,
521 2642 584 2684 oum
603 2629 688 2684 semel
705 2629 757 2683 sim
775 2632 950 2684 consecutus.
976 2626 1029 2682 hoe
1046 2627 1093 2696 ita,
1112 2627 1136 2682 si
1154 2625 1214 2682 sine
1231 2626 1313 2695 eulpa
1329 2639 1391 2680 mea
1403 2623 1536 2694 subripia-

98 2717 157 2770 tur:
181 2729 244 2770 nam
268 2714 293 2768 si
314 2714 396 2784 culpa
413 2730 488 2784 mea,
512 2716 577 2785 quia
593 2716 709 2772 interest
726 2731 759 2772 eo
777 2715 851 2786 quod
869 2721 964 2772 teneor
986 2715 1167 2786 pignoraticia
1184 2715 1307 2785 actione,
1330 2729 1412 2784 agere
1430 2719 1535 2785 putero.

98 2801 174 2872 quod
192 2803 216 2858 si
234 2802 316 2872 eulpa
333 2801 421 2873 abest,
443 2807 502 2860 sine
520 2802 603 2858 dubio
622 2803 733 2860 domino
751 2809 908 2874 competere
926 2804 998 2860 actio
1016 2804 1134 2874 uidetur,
1152 2818 1224 2872 quae
1241 2803 1370 2860 creditori
1388 2818 1443 2858 nou
1462 2817 1535 2858 eom·

66 2901 80 2946 ⁷
98 2891 177 2960 petit
200 2905 283 2962 quam
302 2893 467 2948 senteutiam
485 2892 653 2963 Pomponius
670 2908 779 2963 quoque
796 2891 866 2948 libro
883 2892 991 2949 decimo
1010 2893 1047 2948 ad
1064 2892 1196 2948 Sabinum
1208 2893 1315 2964 probat.
1342 2891 1418 2948 Idem
1431 2891 1534 2960 dicum,
1554 2899 1583 2940 re

98 2984 129 3034 et
145 2979 170 3034 si
187 2978 244 3040 duo
261 2979 335 3034 serui
352 2978 491 3050 subreipti
507 2980 563 3035 sint
580 2981 675 3050 simul,
698 2986 854 3052 competere
875 2982 1017 3052 utriusque
1034 2982 1144 3037 nomine
1161 2980 1227 3038 furti
1245 2981 1380 3038 sotionem
1399 2979 1535 3058 creditori,
1552 2986 1569 3032 i.
1581 2983 1634 3034 eet'

98 3067 149 3124 sed
167 3082 224 3124 eon
241 3067 269 3122 in
287 3072 385 3139 totum,
404 3068 454 3124 sed
472 3083 523 3138 pro
540 3084 596 3138 qua
613 3074 700 3139 parte,
719 3071 747 3126 in
765 3071 888 3140 singulos
906 3069 996 3128 diuiso
1014 3085 1048 3126 eo
1066 3069 1140 3140 quod
1157 3071 1183 3126 ei
1194 3069 1318 3140 debetur,
1337 3071 1396 3126 eius
1408 3069 1534 3124 interest:

98 3157 246 3227 separatim
266 3163 359 3214 autem
378 3156 487 3212 duobus
505 3156 655 3228 subreptis,
679 3159 704 3214 si
722 3159 803 3214 unius
820 3159 930 3224 nomine
947 3157 1065 3214 solidum
1083 3165 1248 3216 consecutus
1266 3160 1315 3229 sit,
1339 3158 1451 3214 alterius
1469 3157 1535 3212 nibil

65 3257 81 3304 8
98 3251 291 3316 consequetur.
327 3247 397 3301 Item
415 3247 581 3315 Pomponius
603 3245 673 3302 libro
691 3247 798 3302 decimo
817 3262 852 3302 ex
869 3245 973 3304 Sabino
990 3247 1112 3318 scripsit,
1135 3248 1200 3304 siis
1218 3248 1263 3304 cui
1280 3246 1453 3304 commodsui
1471 3245 1534 3302 dolo

64 3345 79 3392 e
98 3333 195 3392 iecerit
212 3335 286 3391 circa
302 3349 360 3390 rem
379 3333 589 3404 commodatsm,
608 3349 691 3404 agere
709 3350 772 3390 eum
791 3334 857 3392 iurti
874 3351 929 3392 non
946 3351 1038 3406 posse.
1067 3335 1145 3391 idem
1163 3336 1331 3406 Pomponius
1348 3334 1448 3406 probat
1465 3337 1494 3389 et
1506 3334 1534 3387 in
1558 3354 1562 3363 ·

49 3434 80 3480 ιο
97 3438 147 3494 eo,
171 3424 295 3493 quirem
313 3423 444 3480 mandato
461 3423 577 3478 alieuius
595 3424 703 3494 accepit
718 3423 917 3494 perferendam.
954 3425 1000 3480 An
1017 3428 1108 3496 peter,
1127 3425 1206 3480 euius
1223 3423 1279 3482 filio
1298 3423 1473 3480 commodata
1489 3437 1534 3478 res
1553 3429 1582 3470 tt

97 3519 149 3580 est,
167 3511 234 3568 furtu·
251 3513 387 3568 audonem
404 3511 514 3582 habeat,
532 3511 681 3582 quaeritur.
708 3517 737 3568 et
753 3513 875 3568 Iulianus
893 3514 933 3568 ait
949 3518 1056 3584 patrem
1074 3512 1126 3569 hoc
1144 3513 1253 3569 nomine
1272 3527 1354 3582 agere
1372 3527 1428 3568 non
1442 3525 1533 3581 posse,

96 3602 163 3670 quia
179 3600 333 3658 custodiam
351 3605 492 3671 praestare
510 3615 566 3657 non
584 3599 697 3656 debeat:
715 3601 802 3672 sieut,
820 3601 921 3672 inquit,
939 3602 963 3658 is
981 3602 1029 3672 qui
1047 3616 1096 3672 pro
1115 3616 1157 3672 ee,
1176 3601 1221 3658 oui
1239 3615 1357 3658 commo·
1376 3595 1533 3683 [EQ

97 3689 165 3746 data
181 3705 226 3746 res
244 3695 300 3761 est,
324 3687 473 3760 fideiussit,
496 3704 551 3746 nou
569 3687 654 3744 babet
671 3687 736 3744 turri
754 3691 899 3746 actionem.
933 3705 1024 3760 neque
1042 3690 1129 3760 enim,
1153 3690 1256 3760 iuquit,
1278 3690 1303 3746 is
1309 3731 1317 3760 ,
1336 3677 1532 3760 cuiuscumque

96 3795 299 3864 rmrmoe).
317 3795 765 3870 Perm2,17=rrtpr.§1.2
854 3867 859 3878 .

98 3955 112 4009 l
131 3955 283 4010 uicensimo
295 3955 376 4022 nono]
392 3954 478 4009 nxuiii
490 3953 548 4009 Mo
560 3955 627 4009 Patr.
643 3955 648 4022 1
664 3969 718 4008 non
732 3959 786 4008 tra·
840 3956 857 4009 9
875 3953 1028 4026 oportebat]
1047 3953 1220 4025 oportebitO
1237 3956 1241 4022 Ι
1257 3953 1364 4010 actione
1383 3968 1439 4009 non
1455 3957 1531 4009 tene-

96 4025 156 4080 dita
174 4031 235 4080 est*
253 4027 278 4080 ei
296 4039 340 4080 res
359 4025 404 4090 Ρ,
426 4026 452 4080 ei
475 4039 531 4080 non
553 4028 597 4080 est
618 4040 662 4080 res
685 4025 788 4080 tradita
840 4027 893 4095 tur]
912 4027 984 4082 actio
1001 4026 1190 4082 connascitur
1202 4025 1271 4080 Peir.
1325 4027 1360 4080 10
1376 4025 1530 4094 pecuniam]

96 4097 175 4160 Pota,
194 4112 249 4152 non
261 4096 362 4152 tradita
373 4101 417 4151 est
428 4096 481 4151 sibi
493 4097 576 4151 resO
627 4099 644 4151 2
662 4096 721 4164 sed]
737 4097 787 4151 sed
839 4097 956 4167 pretinm
966 4098 1035 4153 Petr.
1051 4099 1056 4164 Ι
1072 4097 1193 4152 soluerat
1202 4097 1247 4160 ΕΙ,
1257 4097 1369 4152 soluerit
1377 4095 1435 4152 Me
1448 4099 1453 4162 1
1469 4095 1532 4151 sub·

96 4171 125 4226 et
146 4165 218 4222 Patr.
279 4166 415 4224 3seribit
436 4167 526 4222 XMO
536 4168 605 4224 Petr.
626 4169 631 4236 Ι
652 4183 714 4223 eum
738 4187 787 4223 em.
840 4169 924 4224 suxit
935 4170 1005 4224 Patr.
1021 4170 1026 4236 1
1042 4167 1227 4230 actionemM
1237 4170 1242 4233 Ι
1257 4169 1344 4222 teneri
1356 4167 1479 4238 perinde]
1492 4173 1531 4222 te·

95 4239 187 4304 Pota!
209 4242 238 4292 et
256 4238 466 4296 uindicationem
485 4243 514 4293 et
531 4238 731 4294 condictionem
748 4239 787 4302 X,
840 4245 920 4294 netur
931 4237 1126 4309 proindePstr.
1171 4237 1360 4294 tibatonem
1370 4237 1436 4294 furti
1447 4240 1531 4294 aetio·

96 4313 125 4364 et
147 4309 348 4364 condictionem
374 4309 587 4365 uindicationem
615 4312 675 4376 (om.
693 4313 731 4376 et)
755 4308 792 4362 M
840 4326 904 4366 nem
921 4310 1011 4366 coloni
1028 4311 1087 4379 (sic)
1105 4311 1150 4376 F’,
1168 4311 1258 4365 coloni
1275 4309 1377 4365 babent
1395 4309 1531 4365 actionem

95 4380 113 4434 4
139 4381 257 4449 emptori
283 4396 346 4436 eum
373 4379 512 4450 oportebit
538 4381 619 4446 Pota,
650 4378 788 4450 oportebit
839 4379 1535 4450 furtiPetr,hanesurtiaet.eoioni(om.habent)M

95 4451 473 4578 auerteretur
490 4451 790 4578 steterimus
840 4451 1212 4593 sterteres
1272 4452 1308 4578 s
1325 4451 1532 4579 reterre

95 4593 252 4650 dueuditor
263 4594 415 4650 custodiam
428 4563 497 4648 Pet'r.
514 4595 519 4661 Ι
535 4599 599 4650 ante
611 4592 786 4648 traditionem
839 4609 901 4650 esse
920 4595 956 4646 Ρ
1010 4595 1043 4648 2Ἰ
1062 4594 1194 4648 interest*
1212 4595 1248 4648 Ρ
1302 4595 1336 4650 28
1355 4609 1427 4664 quse
1445 4593 1530 4648 credi·

91 4667 244 4790 prutgstffil
243 4665 292 4790 F}
308 4669 431 4750 praestet
441 4667 512 4792 {uitreo
513 4664 589 4790 {¹²22}
596 4663 646 4728 X‘,
663 4669 787 4790 magist?
838 4665 967 4792 ἒιίήῌῐ,
991 4661 1256 4792 qnepreditoggae'tffl
1295 4665 1351 4789 Fid
1369 4663 1530 4790 se3rgr'o'iP‘

92 4749 254 4876 μ’ῗιοεωοέ
267 4742 443 4862 Υωτῃῗοῗιὶ
460 4751 517 4862 {on
535 4807 572 4858 rr
587 4775 597 4872 Ῑ
610 4739 785 4862 ῑιῗῗέθωηωὲ
838 4751 958 4872 effi
970 4754 1065 4862 mar
1090 4751 1212 4876 quenti}
1230 4755 1282 4858 fvm‘
1320 4806 1356 4862 er
1379 4735 1530 4876 rnqussffurfl

90 4882 199 4934 turam.
208 4877 250 4933 X⁰
297 4878 363 4946 det]
376 4877 450 4932 unde
462 4878 532 4932 Pstr.
548 4877 553 4943 Ι
569 4877 720 4932 uicensimo
732 4883 785 4934 ter·
838 4877 874 4933 38
886 4875 981 4947 inquid
993 4877 1030 4931 F¹
1046 4879 1051 4944 Ι
1066 4877 1091 4932 is
1102 4877 1298 4946 cuiuscumque
1310 4876 1442 4946 intererit]
1457 4876 1529 4943 dnos

92 4947 141 5016 iio]
161 4947 247 5004 miii
264 4947 307 5012 X,
325 4948 364 5004 xii
384 4949 431 5014 01
451 4947 621 5018 digestorum
640 4967 688 5002 om.
701 4947 733 5002 Χ
736 4947 783 5016 ΓΙ
839 4947 893 5008 καθ’
912 4947 1070 5006 eioutr'urors
1087 4948 1166 5014 teror
1185 4947 1322 5018 ersuduoxs
1341 4949 1389 5002 RS
1407 4947 1497 5014 (Dor.)

91 5019 204 5089 scripsit
221 5017 253 5076 X
257 5017 363 5076 YMOO
376 5019 382 5088 Ι
397 5034 454 5078 rem
473 5019 560 5088 ouius]
580 5019 657 5076 cuim
675 5031 732 5076 rem
751 5019 785 5074 1⁷⁶

1256 5103 1318 5162 47*
