3614 5460
77 250 126 298 ns
148 249 368 300 mrsuoronns
390 251 434 298 nr
456 251 646 300 annnorum
751 227 839 309 859
1071 233 1265 302 XXXXVIII
1285 235 1326 302 21
1347 243 1364 298 3
1383 269 1417 284 -
1436 237 1478 302 22
1498 243 1514 298 ι

29 463 31 466 Ι
77 394 153 444 sunt.
181 388 230 445 sed
248 389 329 446 diuus
347 390 413 448 Pius
430 390 556 446 Modesto
568 390 689 446 Taurino
706 390 853 461 rescripsit,
872 391 896 446 si
914 391 1003 461 parati
1021 391 1076 446 sint
1092 391 1208 448 heredes
1227 390 1416 448 defensionesl
1429 393 1515 450 susei-

77 491 154 549 pere,
173 493 228 534 non
245 492 307 534 esre
325 478 398 536 bona
415 479 589 550 publicanda,
608 480 661 535 nisi
679 479 715 534 de
733 480 844 535 crimine
861 479 945 535 fuerit
961 479 1116 550 probatum.

850 700 858 718 ,
1533 660 1606 707 rur

124 768 163 844 R
201 766 266 843 DE
294 767 593 846 INTERDIOTIS
619 767 682 844 ET
710 633 975 847 Rfflldnlls
1002 769 1065 846 ΕΤ
1092 767 1393 882 DEPORTATIS
1433 769 1471 847 R
1533 795 1584 850 SE

43 925 59 982 1
134 923 307 980 Ponnoaros
330 923 399 979 libro
423 929 521 994 quarto
545 924 581 980 ad
599 923 740 980 Sabinum.
777 923 867 994 caput
889 939 924 980 ex
947 925 1080 996 rescripto
1099 923 1156 980 diui
1173 923 1284 980 Traiani
1303 925 1339 979 ad
1357 920 1556 1010 [ζῇ-,ᾖξε

79 1011 193 1068 Didium
212 1011 384 1068 Secundum:
403 1011 473 1068 ‘Sele
491 1014 674 1083 relegatorum
692 1012 765 1068 bona
783 1013 901 1068 auaritia
922 1014 1092 1084 superiorum
1110 1017 1265 1084 temporum
1282 1011 1350 1070 fisco
1368 1015 1516 1070 uindicata.
1536 1028 1549 1068 a

81 1101 140 1156 'sed
158 1101 232 1156 aliud
250 1102 411 1156 clementiae
429 1117 508 1157 meae
525 1103 668 1172 conuenit,
690 1101 737 1172 qui
755 1103 826 1158 inter
843 1108 949 1174 cetera,
968 1102 1067 1173 quibus
1085 1103 1269 1158 innocentiam
1288 1103 1424 1160 rationum
1444 1119 1516 1160 mea-

81 1189 150 1246 ‘rum
169 1190 351 1259 temporuml,
369 1189 422 1246 boc
439 1205 549 1260 quoque
567 1192 659 1247 remisi
677 1190 849 1261 exemplum'.

44 1279 63 1336 2
135 1279 312 1338 ιιιιιοιιιιιιιι
328 1278 398 1334 libro
416 1280 497 1334 tertio
515 1279 623 1335 decimo
641 1280 852 1337 institutionum.
885 1279 1077 1336 llauumittere
1095 1279 1269 1349 deportatum
1288 1295 1343 1336 non
1361 1276 1517 1364 [Q
1536 1287 1572 1343 S·

81 1382 165 1438 posse
182 1367 264 1422 diuus
282 1368 347 1423 Pius
365 1368 513 1437 rescripsit.
788 1397 789 1400 ι
1538 1383 1566 1423 ro

44 1454 63 1513 3
135 1456 277 1512 manus
294 1455 364 1511 libro
381 1456 469 1526 primo
487 1457 677 1527 epitomarum.
708 1457 788 1526 Eum,
807 1457 854 1526 qui
868 1456 1008 1512 ciuitatem
1026 1455 1172 1527 amitteret,
1190 1455 1343 1528 nihilaliud
1361 1449 1558 1540 [OEffis

81 1545 149 1601 iuris
167 1543 289 1600 adimere
306 1543 407 1612 liberis,
425 1545 478 1600 nisi
496 1545 570 1614 quod
589 1544 623 1600 ab
642 1546 703 1616 ipso
721 1549 917 1615 peruenturum
936 1551 1011 1600 esset
1029 1545 1065 1600 sd
1083 1559 1140 1616 eos,
1158 1546 1182 1600 si
1200 1547 1348 1602 intestatus
1366 1547 1393 1601 in
1406 1547 1518 1601 ciuitate

82 1639 248 1690 moreretur:
272 1633 325 1690 boo
343 1637 387 1688 est
404 1633 584 1688 hereditatem
603 1633 663 1688 eius
681 1639 709 1688 et
727 1633 840 1689 libertos
863 1638 893 1688 et
915 1633 939 1688 si
963 1633 1030 1702 quid
1053 1633 1127 1689 allud
1151 1635 1179 1689 in
1198 1633 1249 1690 boc
1267 1649 1369 1704 genere
1386 1634 1518 1704 repperiri

81 1727 184 1794 potest.
211 1737 282 1792 quae
299 1737 366 1777 uero
384 1737 439 1778 nou
458 1728 578 1792 epatre,
597 1721 647 1777 sed
666 1739 683 1776 a
700 1737 815 1792 genere,
834 1737 851 1776 a
869 1721 995 1791 ciuitate,
1015 1737 1032 1776 a
1049 1737 1139 1778 rerum
1158 1727 1258 1778 natura
1274 1723 1466 1792 tribuerentur,
1485 1737 1520 1778 ea

82 1827 194 1868 manere
218 1811 258 1866 eis
281 1811 436 1866 incolumia.
463 1813 557 1881 ltaque
580 1816 609 1866 et
631 1807 729 1865 iratres
751 1807 881 1865 iratribus
905 1807 964 1866 iore
987 1811 1124 1880 legitimos
1147 1811 1262 1868 heredes
1285 1816 1314 1867 et
1337 1811 1518 1882 adgnatorum
1539 1827 1567 1867 rs

82 1901 184 1957 tutelae
201 1905 231 1955 et
249 1899 415 1956 hereditates
433 1899 589 1956 babituros:
608 1915 662 1954 non
681 1898 752 1954 enim
772 1897 840 1952 haec
858 1901 973 1968 patrem,
992 1898 1043 1956 sed
1060 1900 1178 1954 maiores
1196 1901 1255 1956 elus
1274 1901 1314 1956 eis
1332 1899 1450 1956 dedisse.
1491 1943 1495 1958 ..

46 1987 66 2044 4
136 1990 313 2046 tlaacrauus
338 1987 408 2045 libro
435 1988 556 2043 secundo
580 1987 791 2043 institutionum.
832 1986 958 2055 Relegati
981 1987 1009 2042 in
1033 1988 1149 2043 insulam
1169 1985 1212 2072 [er.
1226 1983 1559 2070 l.1‚1a‚fflffis
1592 2049 1594 2052 ,

83 2081 112 2134 in
130 2081 269 2148 potestate
288 2093 339 2132 sua
355 2076 456 2132 liberos
474 2077 600 2146 retinent,
619 2077 685 2145 quia
702 2081 731 2130 et
748 2075 802 2130 alia
820 2076 912 2130 omnia
926 2076 987 2130 iura
1000 2091 1052 2130 sua
1064 2077 1196 2132 retinent:
1214 2080 1322 2132 tautum
1341 2077 1413 2132 euim
1431 2077 1521 2132 insula

83 2168 125 2224 eis
143 2165 239 2236 egredi
257 2181 310 2220 uon
328 2166 401 2220 licet.
431 2171 459 2220 et
476 2164 550 2220 bona
567 2179 677 2234 quoque
701 2180 752 2220 sua
774 2165 867 2220 omnia
884 2165 1002 2219 retinent
1020 2169 1128 2234 praeter
1146 2181 1192 2235 ea,
1217 2166 1241 2220 si
1259 2165 1372 2235 quaeis
1390 2165 1521 2234 adempta

84 2260 163 2312 sunt:
189 2271 252 2310 nam
271 2269 380 2323 eorum,
403 2255 450 2324 qrui
469 2255 677 2324 inperpetuum
696 2253 806 2308 exilium
826 2251 884 2308 dati
903 2258 968 2308 suut
984 2253 1030 2308 uel
1047 2253 1161 2323 relegati
1169 2259 1181 2324 ‚'
1194 2257 1288 2324 potest
1305 2253 1367 2324 quis
1384 2253 1522 2309 sententia
1540 2267 1568 2308 ao

83 2350 191 2416 partem
209 2342 342 2399 bonorum
361 2343 491 2398 adimere.

51 2427 68 2486 b
137 2433 217 2488 Inna
240 2431 309 2488 libro
332 2431 421 2502 primo
444 2431 609 2501 regularum.
646 2429 764 2486 Erillum
788 2429 887 2500 triplex
911 2435 968 2484 est:
994 2435 1042 2485 aut
1065 2434 1201 2486 certorum
1224 2429 1346 2485 locorum
1364 2425 1562 2513 [ιῐῖἑᾶῖιῖζῐε

83 2521 255 2590 interdictio,
272 2526 322 2576 aut
338 2521 395 2575 lata
413 2519 492 2589 fuga,
511 2523 543 2574 ιιι
561 2519 681 2574 omnium
700 2519 821 2574 locorum
840 2517 1020 2574 interdicatur
1036 2523 1146 2588 praeter
1163 2522 1269 2574 certum
1287 2519 1391 2588 locum,
1415 2523 1464 2573 aut
1483 2525 1521 2572 ia·

84 2612 162 2666 sulae
181 2609 331 2679 uinculum,
349 2609 377 2664 id
396 2614 438 2665 est
455 2607 587 2676 relegatio
604 2608 633 2662 in
650 2607 777 2662 insulam.
1540 2621 1570 2664 η

52 2691 68 2750 6
139 2697 292 2755 Uaramus
309 2696 378 2752 libro
396 2712 469 2754 nono
487 2697 522 2752 de
540 2694 631 2752 officio
649 2695 828 2766 proconsulis.
864 2695 939 2750 Inter
955 2709 1060 2765 poenas
1081 2699 1125 2750 est
1141 2695 1223 2752 otiam
1243 2694 1348 2750 insulae
1365 2689 1561 2777 Qr—fis

55 2791 66 2836 1
86 2788 252 2859 deportatio,
270 2801 342 2856 quae
360 2801 450 2856 poena
468 2785 564 2842 adimit
582 2786 721 2840 ciuitatem
740 2784 900 2838 Romanam.
930 2783 1102 2854 Deportandi
1114 2789 1206 2838 autem
1218 2783 1247 2838 in
1259 2783 1375 2839 insulem
1388 2784 1431 2838 ius
1443 2799 1522 2854 prae·

85 2877 194 2934 sidibus
212 2875 369 2946 prouinciae
388 2890 443 2930 nou
460 2881 504 2930 eat
521 2875 626 2944 datum,
643 2875 708 2930 lieet
724 2871 863 2942 praelecto
882 2871 943 2927 urbi
960 2871 1055 2927 detur:
1074 2871 1127 2928 hoc
1143 2873 1215 2928 enim
1228 2872 1347 2942 epistula
1358 2872 1416 2927 diui
1427 2870 1524 2928 Seueri

86 2966 122 3022 ad
140 2964 258 3020 Fabium
277 2963 399 3020 Cilonem
417 2961 587 3033 praelectum
611 2962 672 3018 urbi
693 2977 854 3032 expressum
872 2965 923 3018 est.
951 2960 1091 3031 praesides
1109 2961 1203 3031 itaque
1220 2960 1378 3032 prouinciae
1395 2961 1524 3030 quotiens

85 3055 206 3124 aliquem
224 3055 252 3108 in
270 3053 387 3108 insulam
406 3051 606 3123 deportandum
624 3056 735 3122 putent,
759 3049 812 3105 hoc
829 3051 919 3119 ipsum
939 3049 1071 3106 adnotare
1088 3049 1222 3120 debeant,
1245 3065 1344 3107 nomen
1362 3065 1429 3106 uero
1447 3049 1524 3106 ειιιιι

86 3141 262 3200 scribendum
281 3142 410 3211 principi,
433 3146 464 3196 ut
488 3143 516 3195 in
537 3140 652 3195 insulam
672 3140 845 3208 deportetur:
869 3139 909 3194 sic
932 3137 1031 3194 dende
1054 3139 1170 3209 principi
1194 3137 1313 3194 seribere
1336 3139 1422 3194 missa
1442 3139 1524 3208 plena
1543 3153 1572 3196 so

86 3232 225 3303 opinione,
245 3234 276 3284 ut
292 3231 420 3301 princeps
438 3230 573 3299 aestimet,
592 3245 627 3284 an
645 3227 787 3298 sequenda
804 3227 841 3281 sit
859 3227 919 3282 eius
936 3227 1073 3282 sententia
1090 3221 1284 3297 deportdrique
1295 3229 1324 3282 in
1341 3219 1461 3282 insulam
1477 3227 1524 3283 de-

47 3321 65 3366 2
86 3321 162 3378 baar.
190 3320 281 3376 medio
300 3325 392 3375 autem
410 3323 543 3388 tempore,
561 3317 626 3373 dum
645 3317 782 3388 scribitur,
800 3316 894 3372 iubere
912 3330 975 3370 eum
994 3314 1079 3370 debet
1095 3317 1123 3371 in
1142 3331 1251 3372 carcere
1262 3332 1333 3373 esso.
1364 3317 1454 3372 Deeu·
1472 3312 1523 3401 [(Ῑ)

85 3411 180 3466 denes
198 3409 350 3464 ciuitatium
369 3413 482 3478 propter
499 3407 628 3478 capitalia
645 3407 760 3462 crimina
772 3405 956 3475 deportandos
969 3404 1014 3460 uel
1025 3404 1188 3474 relegandos
1200 3405 1257 3461 diui
1269 3405 1368 3462 iratres
1380 3393 1525 3476 aucupes?

84 3503 160 3556 runt.
188 3497 306 3568 denique
324 3498 446 3552 Priscum
465 3497 493 3551 in
512 3495 658 3552 homicidio
682 3500 710 3552 et
734 3495 860 3550 incendio
883 3493 1062 3549 nominatim⁴
1079 3499 1143 3549 ante
1161 3495 1349 3564 quaestionem
1368 3494 1525 3552 confessum

85 3589 116 3644 in
133 3587 251 3642 insulam
270 3586 409 3656 deportari
426 3585 573 3640 iusserunt.
1543 3597 1572 3638 sa

39 3665 63 3723 7
142 3677 222 3731 lnnsr
239 3675 308 3731 libro
328 3675 435 3730 decimo
454 3674 489 3729 de
507 3671 599 3729 officio
620 3672 800 3743 proconsulis.
837 3672 1031 3742 ltelegatorum
1054 3670 1110 3726 duo
1127 3675 1261 3740 general:
1284 3677 1350 3728 sunt
1367 3668 1564 3756 Q&

85 3763 211 3836 quidam,
230 3765 323 3833 quiin
340 3764 456 3818 insulam
475 3763 640 3832 relegantur,
659 3766 732 3831 sunt,
750 3761 797 3830 qui
815 3761 981 3830 simpliciter,
1001 3764 1033 3816 ut
1049 3761 1196 3830 prouinciis
1214 3761 1255 3816 eis
1266 3761 1453 3832 interdicatur,
1471 3777 1527 3818 non

40 3855 58 3900 1
85 3855 173 3911 suam
192 3853 282 3908 insula
299 3853 467 3922 adsignetur.
494 3851 526 3906 lu
544 3851 660 3906 insulam
679 3851 802 3920 relegare
819 3849 962 3920 praesides
979 3849 1138 3919 prouinciae
1155 3853 1285 3920 possunt,
1304 3849 1345 3905 sio
1362 3855 1468 3920 tamen,
1486 3855 1526 3922 ut,

84 3945 111 4001 si
131 3941 243 4013 quidem
261 3942 378 3998 insulem
397 3940 449 3996 sub
467 3955 498 3996 se
516 3939 636 3996 habeant
657 3939 696 4007 (id
719 3943 762 3994 eat
780 3938 817 3994 ad
834 3939 894 3994 cius
911 3939 1069 4008 prouinciae
1091 3936 1206 3993 formam
1224 3939 1420 4009 pertinentem,
1443 3954 1526 4009 quam

84 4031 309 4101 administrant),
332 4035 361 4086 et
377 4044 439 4086 earo
458 4029 613 4100 specialiter
630 4029 748 4084 insulam
766 4027 913 4098 adsignare
931 4027 1039 4097 possint
1060 4027 1143 4096 inque
1161 4041 1222 4082 eam
1240 4027 1375 4098 relegare,
1399 4027 1526 4084 sinuare
1545 4042 1574 4083 ro

82 4137 284 4207 HXYMOG)

83 4295 94 4328 ¹
116 4285 307 4344 defensionem
327 4285 424 4352 (adali
530 4283 724 4354 ’temporuml
741 4283 915 4354 temperari?
1019 4282 1181 4338 ¹adnorara
1199 4281 1301 4356 debent
1319 4283 1428 4339 nomine
1447 4283 1527 4340 eiua?

81 4365 97 4399 ⁴
116 4359 290 4415 nominatum
310 4357 409 4423 (sddl‘l
515 4357 609 4410 ⁸suut
628 4364 675 4411 ina.
692 4355 776 4423 (Hel.)

83 4507 216 4568 2ni'u’si
228 4509 252 4562 F
255 4507 265 4541 ⁶
313 4506 560 4575 4etderelegslis
574 4507 661 4560 iadF
699 4507 782 4560 btra·
837 4525 894 4559 ιιωιι
912 4505 1050 4569 teiasrrar,
1071 4506 1109 4558 sal
1128 4504 1208 4566 τοῨτο
1227 4505 1395 4576 εγιιεχώριιοι
1413 4505 1445 4560 τὸ
1462 4505 1527 4568 Ῡιιὸ·

83 4581 165 4639 hiani
184 4581 218 4634 F:
236 4579 280 4634 'Ab
299 4578 373 4640 raso?
391 4578 439 4631 BS
498 4579 513 4632 ‘l
538 4578 584 4647 qui
603 4577 689 4646 (quod
706 4577 783 4640 M‘o,
836 4586 926 4640 berrue
946 4575 1007 4630 RS:
1031 4578 1100 4648 quod
1119 4583 1233 4646 reposuit
1254 4577 1404 4632 Dorotheus
1427 4576 1528 4646 quibua

85 4653 202 4726 quidem
215 4598 343 4719 quadri>
359 4651 430 4703 inter
441 4653 533 4703 cetera
544 4647 643 4718 quibus
656 4649 783 4702 innocen·
836 4647 992 4702 innocentia
1009 4647 1144 4702 rationum
1160 4651 1313 4716 temporum
1326 4662 1449 4704 meorum
1467 4663 1528 4718 pro·

86 4727 156 4782 tiam
171 4720 435 4786 (innocentiaXYC,
444 4720 626 4775 innocentiam
637 4719 689 4782 Mu)
702 4720 784 4774 ratio·
836 4717 925 4786 batur,
944 4725 1031 4789 aperte
1048 4719 1317 4773 dediteaecuiectura
1371 4721 1403 4774 11
1417 4719 1528 4789 hslpbe·

86 4794 312 4856 numlrstiouem
326 4791 503 4858 Y⁰lmearum
518 4797 651 4854 (meorum
660 4790 784 4854 XYMO,
837 4805 889 4844 nus
909 4790 937 4842 F
983 4790 1017 4843 16
1034 4787 1207 4844 tutelas'i'et
1224 4788 1317 4844 bared.
1338 4791 1373 4841 F’
1427 4791 1462 4844 23
1480 4795 1530 4845 aut

89 4866 235 4923 modorum
256 4863 291 4929 0)
314 4867 467 4932 temporum
490 4861 542 4917 boc
565 4875 675 4932 quoque
692 4861 785 4916 remisi
837 4861 866 4916 in
884 4860 1026 4915 insulaeF
1065 4861 1249 4916 tioiueolum
1262 4860 1298 4913 F¹
1343 4861 1378 4914 26
1393 4859 1528 4915 inom.F¹

90 4935 258 5006 exemplum]
277 4937 302 4988 F
306 4933 527 5000 (aichYMOG:
552 4933 622 4988 berun
646 4931 710 4986 ueri
728 4933 784 4985 τῶι
838 4933 874 4986 28
891 4929 994 4986 leuium
1015 4932 1052 4984 F’
1110 4931 1391 4987 sedecimam·
1447 4931 1483 4986 40
1501 4935 1530 4985 et

90 5009 189 5074 ἅιιωιι,
209 5005 241 5060 br'
256 5003 296 5060 ὧιι
316 5004 331 5058 ὁ
349 5003 466 5059 delatae
478 5005 556 5069 abrec
568 5007 624 5059 rdra
637 5003 709 5057 ἐιιῶιι
723 5002 784 5074 xpo·
838 5003 909 5072 eam]
929 5003 974 5067 F1,
992 5002 1075 5058 etiam
1092 5003 1130 5056 F’
