3608 5460
104 283 392 334 oeusnnroumus
584 308 587 314 -
780 259 868 342 655
964 326 965 336 ,
1290 209 1439 334 lxxxv
1462 269 1479 332 1
1500 273 1535 329 38

71 430 288 479 esnooessorss.
324 421 438 492 Siquis
460 420 532 478 forte
555 437 610 478 non
632 422 667 478 de
689 423 871 493 proprietate,
898 422 947 478 sod
971 421 1006 479 de
1029 423 1203 493 possessione
1225 423 1300 480 nuda
1321 423 1535 480 oontronersiam

90 499 202 568 'feeerit
218 513 264 568 nel
281 511 317 567 de
329 527 381 568 usn
393 509 483 566 t'rnotu
496 511 542 566 nel
559 510 594 566 de
612 525 664 566 usu
681 511 726 566 uel
744 511 780 567 de
797 526 852 581 quo
871 512 924 568 alio
941 512 1001 568 iure
1019 512 1087 582 eius,
1105 511 1179 583 quod
1197 512 1357 570 distraetum
1376 517 1427 583 est,
1444 513 1535 584 palam

104 607 150 656 est
167 601 301 656 oommitti
318 600 536 671 stipulationem:
558 598 660 656 babere
678 601 824 658 euimtnon
841 601 906 656 nost
923 601 964 671 ei,
988 601 1033 656 oni
1056 601 1157 672 aliquid
1182 601 1311 656 minuitur
1333 617 1368 656 ex
1385 602 1443 658 iure
1461 600 1535 670 quod

72 689 210 746 tbabnit.
246 691 406 756 Quaesitum
429 695 486 760 est,
512 693 603 744 ouum
626 689 764 760 propriam
789 689 899 746 demum
923 705 980 746 rem
1004 707 1040 746 an
1062 695 1090 746 et
1112 691 1228 746 alienam
1251 691 1409 760 promittere
1430 690 1533 761 possit¹

104 777 207 836 babere
225 780 316 836 linere.
343 784 372 835 st
389 779 479 848 magis
497 783 552 847 est,
575 785 607 834 nt
624 779 760 834 stelione
776 779 898 848 promitti
915 779 1017 849 possit:
1040 794 1112 848 quae
1134 794 1179 834 res
1201 779 1241 834 ita
1262 780 1392 836 edentum
1415 778 1535 850 babebit,
1554 790 1568 832 s

104 869 129 924 si
146 869 258 940 propria
274 883 336 926 esse
352 867 525 938 promissoris
542 867 672 936 eoeperit.
699 882 784 937 quaro
801 867 826 924 si
843 869 1061 938 perseuerauerit
1074 869 1171 938 aliena,
1189 867 1335 924 dioendnm
1354 869 1406 924 erit
1422 868 1535 939 stipula·

104 959 208 1014 tionem
226 973 281 1014 non
299 957 440 1026 oommitti‚
459 956 512 1014 uisi
529 969 619 1026 poena
634 955 746 1012 adieots
763 957 813 1027 sit,
836 971 898 1012 oum
917 971 1007 1026 neque
1025 972 1074 1028 per
1091 972 1155 1012 enm
1173 972 1263 1027 neque
1281 971 1330 1027 per
1348 971 1534 1014 suooessorem

72 1054 86 1100 t
104 1048 165 1104 sins
182 1047 328 1117 quiequam
346 1043 449 1102 r'aotum
468 1045 512 1101 sit
549 1045 627 1102 Siout
644 1051 736 1101 antem
760 1059 795 1100 ex
818 1051 895 1114 parto
913 1046 954 1101 rei
971 1061 1143 1102 suooessores
1161 1047 1221 1102 eins
1239 1062 1302 1102 oum
1320 1047 1380 1116 ipso
1398 1051 1535 1116 tenentur,

104 1137 145 1192 its
162 1137 245 1192 etiam
263 1151 299 1190 ex
316 1139 394 1204 parte
411 1134 512 1191 noteris
530 1135 709 1190 oommittitur
731 1135 871 1204 stipulatio
889 1135 941 1204 ipsi
965 1135 1119 1206 stipulatori
1137 1136 1303 1206 ueterisque,
1326 1136 1491 1206 quieomqus
1509 1135 1536 1190 ei

105 1224 273 1294 suooednnt,
295 1225 401 1282 soiliost
423 1223 448 1280 si
470 1239 527 1278 rem
549 1223 620 1294 ipsi²
642 1222 743 1279 babere
766 1239 820 1280 non
843 1224 957 1279 lionerit.
988 1228 1110 1280 osterum
1132 1225 1156 1280 si
1179 1224 1224 1279 alii
1248 1223 1348 1280 babere
1371 1238 1426 1279 non
1450 1223 1584 1294 licuitne

104 1321 181 1371 nerto
199 1315 301 1370 oertius
319 1315 434 1368 estnon
453 1313 586 1368 oommitti
603 1313 820 1384 stipulationem,
845 1319 873 1368 et
891 1312 956 1368 nihil
973 1313 1110 1382 intererit,
1129 1318 1221 1370 utrum
1239 1313 1279 1368 ita
1296 1313 1411 1383 stipuler
1428 1311 1536 1368 'babere

71 1411 86 1455 o
104 1402 194 1460 lioere'
212 1418 248 1459 an
267 1400 341 1458 ‘mibi
357 1399 459 1456 habere
477 1399 575 1458 liuere'.
604 1402 649 1471 Hi,
667 1403 715 1471 qni
732 1407 798 1464 sunt
813 1403 843 1458 in
860 1402 949 1458 aliena
965 1407 1112 1472 potestate,
1130 1402 1181 1472 bis,
1198 1403 1354 1472 inquorum
1369 1406 1536 1472 suntpotes·

104 1498 172 1562 tsta‚
190 1491 292 1550 habere
309 1492 391 1548 liuere
409 1491 534 1562 stipulari
551 1495 668 1561 possunt
682 1491 840 1561 sarlatione,
859 1506 914 1562 qua
926 1495 1018 1547 oetera
1029 1505 1139 1562 quoque
1154 1491 1195 1548 his
1206 1495 1324 1562 possunt
1334 1490 1466 1560 stipulari.
1485 1486 1536 1574 [t'p]

104 1582 156 1638 sed
174 1581 199 1638 si
215 1597 313 1638 seruus
330 1579 413 1636 fuerit
430 1580 576 1651 stipulatus
593 1579 646 1636 sibi
663 1579 790 1650 haberel,
813 1581 968 1650 quaesitum
993 1585 1049 1650 est,
1074 1597 1109 1636 an
1133 1585 1208 1636 reete
1231 1580 1377 1651 stipulatus
1401 1579 1536 1634 uideatur.

104 1676 135 1726 et
152 1670 191 1725 sit
207 1669 330 1726 lulianus
347 1669 417 1726 libro
434 1669 681 1740 quinquagensimo
699 1668 821 1726 smundo
839 1668 1023 1740 digestorum,
1046 1670 1070 1726 si
1087 1685 1184 1726 seruus
1202 1669 1348 1740 stipuletur
1364 1668 1418 1724 sibi
1435 1666 1536 1724 habere
1556 1679 1584 1720 re

104 1760 188 1816 linere
206 1763 255 1814 sut
271 1773 322 1828 per
338 1773 369 1816 se
387 1773 442 1814 non
459 1756 532 1827 fiori,
550 1773 605 1827 quo
623 1759 712 1814 minus
730 1756 831 1814 babere
849 1757 1003 1828 stipulatori
1023 1759 1117 1828 lineat,
1141 1758 1298 1827 promittat:
1321 1757 1476 1828 stipulatio,
1495 1757 1535 1813 ln·

104 1849 180 1919 quit,
203 1863 258 1904 non
275 1847 468 1918 committitur,
491 1847 618 1918 quamuis
635 1845 735 1902 aulerri
753 1862 797 1902 res
816 1848 842 1904 ei
859 1853 888 1902 et
910 1848 968 1918 ipse
991 1845 1098 1904 auferre
1122 1846 1238 1904 eandem
1260 1847 1359 1918 possit:
1384 1862 1439 1904 non
1463 1846 1535 1902 enim

104 1937 225 2008 laetum,
248 1935 298 1993 ssd
320 1938 363 1992 ius
386 1937 415 1992 iu
433 1935 485 1992 bso
503 1935 678 2007 stipulatione
696 1936 819 1992 uertitur.
846 1951 908 1992 oum
928 1935 1023 2005 luero
1040 1937 1187 2007 stipulatur
1203 1951 1253 2006 per
1270 1936 1463 2006 promissorem
1481 1949 1536 1992 non
1553 1936 1633 1990 teso'
1742 1947 1745 1972 ι

105 2025 180 2097 fleri,
203 2041 258 2097 qno
277 2026 368 2082 minos
385 2025 438 2082 sibi
455 2026 495 2082 iro
512 2039 594 2096 agero
612 2025 706 2094 lineat,
730 2041 784 2082 non
802 2027 845 2082 ius
863 2026 1061 2096 stipulationis,
1083 2025 1185 2095 inquit,
1208 2025 1258 2081 sod
1278 2023 1382 2082 fostun
1400 2031 1535 2082 uenator.

105 2115 157 2172 sed
175 2115 285 2171 uidetur
302 2114 376 2184 mibi,
394 2115 459 2170 lieet
474 2114 541 2170 iuris
559 2113 646 2170 uerba
663 2115 803 2170 eontineat
819 2115 888 2170 baso
905 2115 1045 2184 stipulatio
1063 2112 1172 2170 ‘babere
1189 2113 1288 2184 lioere',
1305 2117 1399 2170 tamen
1417 2115 1458 2170 sio
1475 2128 1536 2170 esse
1556 2123 1584 2165 so

105 2204 295 2276 aooipiendam
301 2206 321 2274 ⁴,
340 2204 416 2260 utin
435 2217 516 2260 semo
534 2207 563 2258 et
574 2203 602 2258 in
614 2201 669 2258 tilio
681 2201 797 2260 familias
816 2205 942 2260 uideatur
959 2208 1051 2260 astum
1070 2218 1132 2260 esse
1149 2203 1185 2260 de
1203 2204 1377 2274 possessione
1394 2202 1538 2259 retinenda

71 2299 156 2350 saut
178 2309 233 2350 non
256 2291 406 2348 auferenda
429 2297 458 2348 et
480 2292 553 2347 uires
576 2291 677 2348 habeat
697 2292 846 2363 stipulatio.
888 2294 965 2348 Haeo
990 2307 1100 2362 quoque
1124 2293 1277 2364 stipulatio:
1302 2292 1449 2364 'possidere
1471 2291 1537 2348 mibi

106 2385 196 2442 lioors
214 2381 360 2454 spondssl'
378 2381 453 2438 utilis
470 2386 527 2437 est:
545 2396 627 2451 quam
645 2381 848 2450 stipulationem
868 2397 965 2438 seruus
983 2399 1019 2438 au
1036 2381 1125 2452 possit
1142 2381 1245 2439 utiliter
1261 2383 1290 2438 in
1302 2398 1380 2438 susm
1391 2395 1536 2451 personam

105 2473 260 2545 οοιιοίροιο,
278 2472 430 2528 uideamus.
456 2469 507 2526 sed
525 2470 650 2540 quamuis
667 2470 741 2526 oiuili
758 2471 816 2526 iure
834 2486 931 2526 seruus
948 2485 1003 2527 non
1014 2471 1163 2542 possideat,
1181 2477 1274 2528 tamen
1286 2470 1323 2528 sd
1333 2471 1536 2542 possessionem

105 2563 259 2620 naturalem
277 2560 330 2617 hoo
347 2558 519 2616 referendum
537 2564 594 2630 est,
618 2563 648 2615 et
664 2559 727 2616 ideo
745 2559 865 2616 dubitari
883 2575 938 2616 non
955 2563 1077 2630 oportet,
1095 2561 1161 2630 quin
1179 2565 1209 2616 et
1225 2575 1323 2618 seruus
1340 2565 1415 2616 reete
1432 2561 1471 2614 ita
1489 2559 1536 2614 sti-
1555 2569 1585 2610 ιι

73 2651 225 2722 epuletur.
261 2651 344 2706 Plane
362 2648 505 2728 siw‘tenere
522 2648 576 2704 sibi
593 2647 681 2704 litere'
699 2649 844 2719 stipulatus
868 2649 905 2704 sit
922 2663 1032 2720 seruus,
1055 2649 1149 2704 utilem
1170 2663 1233 2706 esse
1250 2637 1454 2720 stipulationem
1472 2663 1536 2704 eon-

73 2747 88 2791 s
106 2741 197 2796 uenit:
215 2739 281 2795 lieet
298 2739 370 2794 enim
388 2737 530 2808 possidere
547 2738 664 2794 eiuiliter
681 2753 736 2793 non
753 2738 869 2808 possint,
887 2743 981 2794 tenere
998 2743 1091 2794 tannen
1108 2753 1157 2794 eos
1175 2751 1256 2794 nemo
1268 2737 1384 2794 dubitat
1412 2734 1537 2793 ‘Habere’

106 2829 253 2900 duplioltsr
270 2828 416 2899 sooipltnr:
435 2844 498 2884 uam
516 2832 546 2884 et
562 2843 625 2884 eum
643 2825 745 2883 habere
762 2827 888 2897 dioimus,
905 2827 953 2897 qui
970 2828 1010 2884 rei
1021 2827 1149 2884 domiuus
1165 2832 1210 2884 est
1221 2832 1250 2884 et
1260 2843 1332 2898 eum,
1351 2827 1398 2897 qui
1410 2826 1537 2882 domiuus

105 2918 218 2990 quidem
242 2933 297 2974 non
320 2924 376 2987 est,
400 2917 451 2974 sed
473 2921 563 2974 tenet:
590 2916 708 2986 denique
730 2915 831 2972 habero
855 2931 913 2972 rem
937 2915 1012 2986 apud
1036 2932 1087 2972 nos
1110 2915 1263 2988 depositam
1290 2917 1410 2973 solemus
1436 2915 1536 2972 disere.

58 3015 88 3062 ιο
106 3007 137 3065 Si
154 3007 218 3078 quis
235 3007 276 3062 ita
292 3007 438 3078 stipulatus
455 3004 538 3062 luent
556 3006 603 3062 ‘uti
620 3003 674 3062 troi
692 3004 745 3061 sibi
762 3005 860 3075 lioere',
878 3005 914 3060 ad
931 3003 1060 3062 heredem
1077 3005 1132 3062 ista
1148 3006 1289 3076 stipulatio
1307 3021 1363 3062 non
1381 3002 1537 3089 [fflffl‘q
1556 3013 1585 3055 so

58 3107 86 3151 ιι
105 3098 235 3168 pertinet
270 3094 373 3152 Sedet
390 3096 415 3150 si
432 3111 487 3152 non
501 3095 638 3152 addiderit
648 3093 726 3164 sibi,
744 3109 798 3150 non
816 3099 883 3164 puto
901 3094 1105 3165 stipulationem
1123 3094 1159 3150 de
1177 3111 1229 3152 usn
1246 3093 1337 3152 frnotn
1354 3095 1390 3151 ad
1409 3095 1537 3152 heredem

58 3196 88 3241 ιι
106 3187 237 3256 transire,
261 3201 350 3256 eoque
367 3185 426 3242 inre
442 3185 555 3241 utimur.
590 3183 646 3240 Sed
663 3185 767 3254 siquis
784 3184 826 3240 uti
843 3181 896 3240 lrui
913 3183 995 3240 liuere
1012 3181 1066 3240 sibi
1083 3183 1231 3254 bersdique
1253 3199 1304 3240 suo
1328 3184 1474 3254 stipulatus
1491 3183 1537 3252 sit,

105 3276 265 3345 uideamus,
287 3289 324 3330 an
341 3273 420 3330 beros
438 3289 473 3330 en
490 3274 623 3345 stipulatu
641 3289 724 3344 agere
741 3273 837 3343 possit.
864 3277 892 3328 et
909 3277 1004 3342 putem
1022 3287 1119 3342 posse,
1142 3273 1208 3328 lioet
1224 3272 1327 3328 diuersi
1345 3273 1400 3328 sint
1417 3271 1536 3328 fruetus:

57 3377 87 3422 ιι
106 3381 171 3422 ιιιιιιι
188 3369 218 3420 ot
235 3365 260 3420 si
277 3365 317 3420 iro
335 3378 419 3434 agere
436 3364 581 3434 stipuletur
598 3361 650 3418 sibi
668 3361 817 3431 beredlqne
835 3375 886 3416 sno
903 3361 1000 3428 linere,
1018 3360 1091 3416 idem
1108 3361 1325 3432 probauerimus.
1361 3360 1391 3418 Si
1409 3362 1471 3432 quis
1489 3361 1537 3418 do·

105 3456 163 3512 lum
181 3455 283 3510 mulum
301 3453 474 3524 promissoris
491 3451 654 3522 herodisque
677 3452 737 3508 eius
759 3451 857 3508 abesse
880 3451 960 3520 uelit,
984 3447 1110 3508 suffioere
1129 3449 1234 3508 'abesse
1257 3449 1451 3520 sintnrumqoe
1467 3448 1537 3506 esse'
1556 3459 1585 3500 ιι

106 3543 247 3614 stipulari:
272 3543 296 3598 si
318 3558 385 3598 nero
409 3542 443 3598 ds
466 3541 584 3612 plurium
608 3541 671 3596 dolo
695 3555 794 3598 enuere
819 3540 898 3608 uelit,
924 3539 1108 3596 neeessariam
1132 3555 1194 3598 esse
1216 3539 1302 3596 adini:
1322 3539 1372 3596 'oui
1395 3540 1435 3595 rei
1457 3538 1537 3596 dolos

53 3645 88 3691 14
107 3631 204 3688 'malus
221 3646 276 3688 non
294 3631 387 3701 obest,
405 3647 460 3688 non
478 3629 590 3699 aluerit,
614 3629 710 3700 quanti
728 3643 762 3684 ea
779 3643 824 3684 res
841 3629 901 3698 erit,
920 3632 1026 3684 tantam
1043 3629 1188 3699 pecuniam
1206 3628 1265 3684 dari
1284 3627 1429 3699 spondesl'
1465 3627 1538 3684 Suae

53 3732 86 3780 se
106 3736 241 3793 perseum
259 3720 408 3791 adiumere
426 3720 487 3790 quis
505 3718 613 3776 heredis
630 3733 776 3789 personam
793 3721 894 3788 potest.
921 3715 978 3774 Sed
995 3721 1025 3773 et
1041 3717 1165 3789 adoptiui
1182 3719 1268 3788 patris
1279 3732 1398 3788 persona
1409 3717 1539 3786 ooniungi

50 3823 87 3870 rt
106 3811 216 3883 poterit
246 3810 321 3866 Inter
338 3811 469 3866 insertam
488 3813 645 3878 certamque
664 3807 736 3862 diem
754 3806 901 3864 disommen
919 3821 981 3867 esse
999 3822 1034 3862 ex
1052 3822 1085 3863 eo
1103 3823 1212 3886 quoqne
1229 3812 1353 3878 apparet,
1371 3805 1445 3876 qnod
1463 3809 1539 3864 oerts

106 3899 154 3957 die
171 3900 335 3970 promissum
353 3899 399 3955 uel
416 3898 509 3954 statim
528 3897 587 3954 deri
605 3901 711 3967 potest:
729 3901 818 3952 toturn
836 3896 908 3952 enim
927 3895 1047 3952 medinm
1066 3901 1175 3968 tempus
1192 3895 1230 3953 ad
1246 3895 1409 3953 soluendum
1422 3894 1538 3951 liberum
1556 3905 1586 3945 so

105 3988 266 4061 promissori
283 3989 459 4060 relinquitur:
481 3992 511 4046 at
532 3987 579 4056 qui
602 3986 727 4056 promisit
744 3985 775 4040 'si
792 3984 894 4054 aliquid
912 3983 1015 4042 laetum
1033 3985 1076 4042 sit'
1094 3986 1139 4042 uel
1157 3985 1227 4041 'oum
1244 3984 1346 4056 aliquid
1364 3983 1467 4040 laetum
1486 3983 1539 4056 sit',

45 4091 82 4139 ιι
105 4079 161 4135 nisi
177 4093 240 4134 enm
257 4077 287 4134 id
305 4076 407 4134 laeuum
426 4077 522 4146 inerit,
539 4075 654 4145 dederit,
672 4091 727 4132 non
745 4073 884 4130 uidebitur
900 4072 999 4131 lenisse
1016 4073 1092 4145 quod
1108 4075 1242 4146 promisit
1278 4073 1365 4130 Alteri
1396 4085 1414 4132 1.
1426 4088 1448 4142 s,
1460 4071 1538 4143 ιὀἶῐο

104 4167 233 4238 stipulari
249 4181 330 4224 nemo
346 4171 448 4238 potest,
466 4169 657 4237 praeterquam
676 4165 701 4220 si
717 4179 815 4220 seruus
832 4163 952 4234 domino,
970 4162 1043 4220 filius
1061 4165 1132 4234 patri
1150 4165 1308 4235 stipuletur:
1326 4151 1539 4220 inuenm‘iu‘n‘t

104 4257 181 4314 enim
198 4255 354 4312 huiusmodi
371 4255 553 4326 obligationes
571 4253 608 4309 ad
624 4253 691 4323 hoo,
712 4257 744 4308 ut
765 4253 953 4323 unnsquisque
972 4252 1024 4309 sibi
1040 4252 1166 4323 adquirat
1183 4255 1258 4324 quod
1274 4269 1326 4308 sna
1342 4253 1470 4310 interest:
1494 4269 1537 4310 oe-

104 4353 196 4404 ternm
214 4351 246 4402 ut
263 4345 310 4401 alii
327 4345 421 4414 detur,
444 4343 511 4400 nihil
528 4345 643 4400 interest
659 4357 729 4398 mea.
755 4343 836 4412 plane
854 4343 877 4398 si
895 4341 978 4398 uelim
996 4341 1049 4398 hoe
1066 4339 1170 4414 lasere,
1194 4357 1310 4414 poenam
1331 4343 1456 4414 stipulari
1474 4358 1538 4400 oon·
1556 4349 1586 4390 ⁴⁶

104 4471 235 4526 FPorrsr.
248 4470 282 4541 [a.
294 4473 343 4525 ool
355 4471 372 4524 1
384 4489 411 4542 p.
424 4469 480 4525 13·.
493 4469 552 4538 Μ’]
565 4467 611 4538 (X
613 4464 731 4537 YMOO)

104 4657 246 4730 ¹possist
317 4657 413 4728 ²ipsis
430 4657 529 4725 (eddt‘l
599 4654 710 4710 ⁸lioere
729 4655 773 4712 uel
790 4655 830 4712 ire
847 4671 930 4726 agere
948 4655 1029 4711 linere
1048 4665 1095 4712 sm.
1171 4654 1380 4726 ‘aooipiendat

103 4841 259 4899 bellonam
278 4842 400 4912 promitti
419 4844 445 4896 F
496 4841 667 4898 tialiena'm'
686 4841 739 4898 dio.
759 4842 796 4894 Ρ*
849 4847 908 4898 tum
923 4843 958 4895 F¹
1003 4843 1039 4898 38
1056 4841 1217 4912 persoua‘m'
1230 4842 1359 4912 coniungi
1372 4842 1409 4896 Ρ
1453 4841 1487 4896 39
1499 4841 1539 4895 in-

103 4913 301 4970 'lusdisotoF1
346 4913 565 4984 Sparte's'auot
578 4915 616 4967 Ρ
658 4913 802 4983 llipsaF
850 4919 954 4969 eertum
967 4914 1002 4968 Ρ
1046 4916 1081 4969 41
1100 4914 1137 4983 at]
1151 4915 1197 4978 Ρ,
1215 4930 1242 4970 a·
1255 4915 1365 4978 Possm,
1382 4912 1457 4969 etF¹
1474 4914 1479 4978 Ι
1495 4911 1540 4966 uel

102 4987 142 5042 22
154 4983 342 5056 bseeqnoque
350 4985 500 5056 stipulatio]
514 4984 603 5056 [blseo
611 4985 740 5055 [qlnoque
749 4985 796 5040 sti·
849 5001 913 5040 onm
932 4983 1038 5055 aliquid
1059 4983 1163 5042 tantum
1186 4985 1224 5041 sit
1246 4985 1286 5040 bis
1307 4985 1344 5040 5¹
1402 4983 1438 5039 44
1455 4981 1539 5052 qnod]

101 5056 667 5131 puslstio]..miost[i]pulatio(sto)Porrrr.
694 5057 796 5112 Sltan-
850 5057 922 5121 last,
939 5071 995 5127 quo
1013 5057 1039 5110 F
