3616 5468
38 237 79 284 ιτ
100 235 472 287 omousrnfflorrmns
714 215 798 298 195
1176 221 1295 288 XXXV
1318 223 1333 285 1
1358 228 1466 283 77—81

35 374 77 430 die
100 375 186 446 legati
210 376 341 448 meum,
365 377 605 434 fideicommissum
629 381 718 448 petet:
741 382 847 434 remoto
871 382 963 434 antam
980 376 1192 436 fideicommisso
1209 379 1359 450 legatarius
1377 393 1467 434 exem-

34 465 107 535 plum
126 465 269 522 lucianae
287 468 423 522 cautionis
441 483 496 524 non
513 467 634 524 habebit.
670 468 752 523 Pater
770 467 953 524 exheredatus
970 467 1043 524 filiae
1059 474 1164 524 tutores
1183 468 1260 524 dedit
1280 469 1289 540 ll
1310 483 1426 538 eosque,
1445 467 1469 524 si
1486 471 1551 522 teo'

34 559 121 610 mater
138 556 213 625 ains,
235 555 379 627 impubere
396 555 453 612 filia
470 559 634 629 constituta,
657 557 716 612 uita
734 556 913 626 decessisset,
937 557 973 614 ad
991 573 1048 614 rem
1066 557 1215 630 gerendam
1233 557 1363 614 accedere
1379 557 1468 628 iussit,

33 659 93 700 cum
111 645 194 700 uxori
211 645 371 702 mandatum
390 652 477 717 esset,
494 652 526 704 ut
544 648 663 704 moriens
680 645 752 702 filiae
771 647 908 702 communi
925 646 1018 702 decies
1035 648 1200 704 restitueret.
1234 663 1289 704 non
1306 646 1358 702 sub
1376 646 1468 704 condi-

33 734 109 790 u'oue
126 737 236 790 tutores
253 734 420 791 uidebuntur
437 735 495 792 dati
513 751 572 807 neo,
591 737 614 792 si
631 735 698 806 qnid
715 735 789 792 aliud
807 737 912 794 interca
929 737 1020 808 puella
1038 737 1200 808 quaesisset,
1218 738 1278 792 eius
1296 736 1468 792 administra·
1488 744 1501 786 e

32 823 103 878 tone
128 822 281 894 prohiberi,
304 825 395 880 cautio
418 839 484 881 nero
506 823 708 892 fideicommissi
733 825 814 880 matri
836 827 959 882 remissa.
992 829 1180 897 quocumque¹
1202 825 1302 881 indicio
1320 823 1469 882 uoluntatis

33 912 122 968 eauh‘o
147 913 301 982 legatorum
325 915 370 969 uel
392 911 665 972 fideicommissorum
688 914 790 970 remitti
813 919 913 986 potest.
944 917 1037 987 itaque
1063 917 1086 972 si
1110 915 1244 972 cantionis
1262 930 1316 970 nou
1333 913 1469 985 petendae

33 1000 158 1056 audicio
175 1002 269 1072 legato
287 1003 332 1058 nel
349 1001 560 1060 fideicommisso
577 1002 792 1074 praescribatur,
811 1004 999 1062 condicionem
1018 1020 1052 1060 ea
1069 1020 1114 1060 res
1131 1020 1186 1062 nou
1204 1002 1300 1060 faciet:
1325 1019 1379 1059 non
1397 1004 1468 1060 enim

32 1089 156 1162 deliciet,
180 1091 205 1146 si
227 1091 289 1162 quia
307 1093 400 1148 caueri
417 1091 627 1163 desiderauerit,
651 1107 733 1150 onere
751 1093 885 1150 cautionis
903 1109 957 1150 non
975 1098 1084 1164 secuto,
1108 1093 1182 1164 qnod
1201 1093 1335 1148 aduenas
1352 1093 1468 1148 inuitum

32 1179 112 1236 lodie
130 1181 192 1236 iure
210 1179 321 1250 publico
339 1182 417 1252 sequi
434 1198 489 1240 non
506 1188 606 1254 potest,
624 1187 770 1254 postquam
789 1183 891 1238 remitti
908 1199 990 1253 porse
1008 1184 1162 1239 cautionem
1180 1183 1291 1254 placuit.
1488 1192 1516 1230 1⁰

81 1270 163 1326 lanu
180 1268 251 1326 libro
269 1285 342 1326 nono
359 1285 560 1342 responsorum.
588 1272 656 1328 Cum
674 1273 794 1342 pupillus
812 1277 861 1328 ant
877 1277 952 1328 urtor
969 1273 1029 1330 eius
1047 1272 1234 1330 condicionem
1247 1273 1275 1327 iu
1294 1265 1468 1354 Q
1487 1273 1515 1327 P

35 1373 177 1428 parsum
196 1360 293 1430 pupilli
310 1360 437 1416 culleum
455 1361 578 1432 impedit,
596 1365 653 1418 tarn
671 1361 756 1431 legati
774 1377 855 1431 quam
874 1361 1008 1418 libertatis
1025 1363 1085 1418 iure
1103 1362 1241 1418 communi
1259 1360 1403 1416 condicio²
1419 1361 1469 1416 im·

36 1449 104 1518 plata
122 1463 188 1504 ease
206 1447 325 1505 uidetur.
352 1449 525 1506 Disinnctiuo
544 1449 625 1506 ruodo
644 1449 850 1506 condicionibus
868 1450 1014 1520 adscriptis
1032 1451 1145 1506 alteram
1165 1448 1299 1506 deiecisse
1314 1465 1369 1506 nou
1381 1448 1470 1505 oberit

38 1538 118 1592 altera
141 1537 188 1592 nel
211 1541 310 1608 postea
327 1538 453 1609 impleta,
476 1553 527 1594 uec
544 1539 673 1610 interest,
697 1541 725 1596 in
743 1545 881 1612 potestate
898 1538 1000 1596 iuerim
1017 1539 1176 1612 accipientis
1194 1539 1368 1596 condiciones
1387 1555 1422 1594 an
1441 1539 1469 1594 in

38 1633 163 1682 meatum
182 1628 308 1684 achatae.
1489 1637 1517 1678 rs

84 1716 165 1772 lnsrr
182 1715 253 1772 libro
270 1717 358 1786 primo
375 1715 572 1774 definitionum.
603 1716 698 1774 ‘Heres
716 1734 802 1788 meus,
820 1734 882 1774 cum
902 1718 1031 1775 morietur
1048 1717 1146 1787 Titius,
1165 1722 1275 1773 centum
1295 1710 1470 1800 [Q
1488 1719 1514 1774 P

37 1803 65 1860 'ai
81 1803 168 1860 dato'.
196 1821 295 1875 purum
313 1806 434 1876 legatum
452 1811 503 1876 est,
522 1806 587 1878 quis
604 1821 659 1864 nou
676 1806 844 1878 condicione,
863 1807 913 1864 sed
930 1823 1006 1864 mora
1018 1807 1207 1878 suspenditur:
1226 1822 1281 1862 non
1292 1810 1385 1876 potest
1396 1806 1468 1862 euim

36 1894 160 1950 condicio
178 1910 234 1950 nou
252 1894 392 1950 exsistere.
419 1893 514 1952 'Heres
531 1911 618 1966 meus,
637 1911 699 1952 cnm
717 1895 777 1966 ipse
795 1896 933 1966 morietur,
952 1901 1062 1952 centnm
1076 1897 1150 1952 Titio
1169 1893 1250 1952 dato'.
1276 1895 1398 1965 legatum
1416 1893 1469 1950 sub

35 1983 196 2040 condicione
213 1984 339 2040 relictum
357 1989 413 2040 est:
431 1986 558 2054 quamuis
575 1986 647 2056 enirn
666 1983 793 2042 heredem
813 1985 972 2042 meriturum
987 1991 1091 2042 certum
1104 1987 1148 2056 sit,
1166 1990 1259 2040 tamen
1270 1984 1404 2040 incertum
1417 1988 1469 2054 est,

36 2088 69 2128 au
85 2074 223 2144 legatario
240 2073 314 2128 nino.
339 2073 398 2128 dies
415 2074 517 2144 legati⁸
529 2089 584 2129 non
602 2074 676 2128 cedit
693 2077 722 2128 et
740 2089 794 2128 non
812 2079 856 2129 est
872 2080 976 2130 certum
995 2075 1032 2130 ad
1049 2091 1111 2130 enm
1130 2074 1251 2144 legatum
1264 2077 1468 2144 peruenturum.
1489 2083 1518 2124 ao

35 2160 85 2228 Qui
106 2167 175 2232 post
191 2161 346 2218 Mucianam
368 2163 523 2220 cautionem
548 2163 736 2234 interpositam
757 2162 877 2232 legatum
896 2164 1016 2234 accepit,
1040 2164 1065 2220 si
1082 2168 1178 2220 contra
1195 2162 1348 2218 cautionem
1367 2161 1469 2232 aliquid

36 2249 143 2322 loeerit,
168 2252 344 2322 stipulatione
368 2253 516 2308 commissa
537 2253 620 2308 etiarn
644 2250 750 2308 trucum
771 2251 866 2308 heredi
889 2253 1027 2310 restitrret:
1051 2253 1103 2308 hoe
1126 2251 1197 2308 eninr
1221 2251 1370 2321 legatarius
1394 2253 1423 2306 ct
1442 2251 1470 2306 iu

37 2340 148 2396 exordio
166 2355 266 2396 cauere
284 2342 399 2412 copim.
433 2341 565 2408 Quamuis
583 2357 650 2398 usne
669 2339 782 2412 fructus,
801 2357 863 2398 curn
882 2343 1012 2398 morietur
1029 2342 1187 2412 legatarius,
1206 2341 1338 2402 inutiliter
1353 2340 1469 2410 legetur,

36 2435 127 2486 umen
150 2429 287 2486 mutiens
304 2431 447 2488 Mucianae
469 2431 619 2488 remedium
642 2429 803 2488 usufructu
821 2447 929 2503 quoquc
947 2430 999 2488 snb
1018 2431 1206 2487 condicionem
1225 2430 1340 2486 alicuius
1358 2444 1412 2486 non
1430 2427 1444 2484 s
1461 2459 1469 2469 ·

37 2519 123 2574 ciendi
146 2519 240 2589 legato
262 2520 351 2575 locum
374 2518 465 2576 hahet
502 2519 581 2587 Quod
603 2521 631 2576 iu
649 2520 773 2577 fraudem
792 2521 860 2590 legis
878 2519 914 2576 ad
932 2521 1121 2591 impediendas
1138 2519 1249 2589 nuptias
1267 2518 1399 2589 seriptum
1418 2513 1469 2601 [ᾧ]
1489 2529 1518 2570 ae

38 2614 85 2678 est,
103 2608 207 2664 naham
226 2608 283 2664 nim
299 2607 391 2680 hahet,
409 2609 509 2666 ueluti:
528 2608 610 2666 ‘Titio
627 2611 698 2681 patri
717 2615 836 2682 centum,
855 2611 878 2666 si
896 2609 960 2680 lilia,
977 2625 1059 2681 quam
1077 2609 1197 2665 habetis
1209 2609 1237 2664 in
1248 2611 1395 2680 potestate,
1414 2622 1469 2663 non

38 2695 174 2767 ‘nubserit
192 2697 273 2754 heres
290 2697 362 2754 dato'
380 2699 439 2754 nel:
457 2696 520 2755 ‘filio
539 2697 663 2771 familias,
681 2700 705 2756 ai
722 2701 801 2770 pater
818 2700 878 2756 eius
896 2715 1009 2756 uxorem
1028 2715 1082 2756 non
1100 2699 1217 2769 durent,
1235 2697 1315 2754 heres
1333 2695 1415 2752 dato'.

88 2785 248 2844 &assota
268 2786 337 2844 libro
355 2792 454 2844 octarm
472 2789 673 2858 quaestionum.
709 2789 765 2844 Eas
784 2805 895 2858 musas,
918 2803 989 2860 quae
1006 2789 1131 2860 protinus
1150 2792 1276 2859 mentem
1296 2780 1469 2870 Q
1488 2790 1516 2844 P

42 2875 178 2945 amount,
196 2876 225 2932 in
242 2873 460 2932 fideicommissis
477 2880 550 2932 nou⁴
567 2893 617 2949 pro
635 2877 868 2936 conditionalibus
886 2877 1026 2936 obseruari
1044 2883 1165 2950 oportet:
1183 2893 1232 2934 aas
1246 2891 1321 2946 uero,
1340 2891 1410 2946 qnae
1422 2875 1469 2930 ha-

42 2959 102 3018 beut
119 2980 224 3020 mamm
242 2980 305 3020 curn
323 2971 443 3036 sumptu,
461 2965 637 3022 admittemus
656 2967 781 3022 cautium
799 2965 906 3024 oblata:
925 2961 979 3023 nec
994 2968 1067 3024 enim
1085 2983 1179 3040 parem
1198 2966 1321 3022 dicemus
1334 2980 1406 3036 eum,
1425 2964 1469 3020 cni
1488 2970 1517 3010 ³⁰

46 3049 82 3104 ita
95 3053 187 3110 datum
206 3055 251 3123 sit,
269 3055 293 3110 si
311 3059 516 3112 mouumentum
535 3054 639 3123 iecerit,
657 3061 686 3112 et
703 3071 775 3126 eum,
794 3057 838 3112 oui
857 3056 951 3112 datum
970 3062 1021 3126 est,
1039 3063 1071 3112 ut
1088 3059 1293 3112 monumentum
1311 3052 1403 3110 faeiat.

94 3141 209 3199 Pannns
220 3142 288 3200 libro
301 3145 433 3200 uicesimo
445 3145 532 3215 primo
544 3145 744 3216 quaestionum.
772 3146 857 3202 lulius
869 3146 970 3202 Paulus
983 3145 1158 3217 Nymphidio.
1186 3144 1274 3211 Quae-
1293 3141 1468 3228 [ΨΜ
1487 3143 1513 3196 Ρ

55 3225 112 3300 tuti,
134 3233 157 3287 si
174 3233 216 3286 ita
232 3233 260 3288 in
278 3239 444 3290 testamento
461 3237 572 3290 cautum
591 3237 679 3290 esset:
701 3233 817 3290 'Stichus
835 3235 860 3290 si
877 3235 997 3292 rationes
1014 3235 1177 3305 reddiderit,
1202 3250 1263 3290 eum
1282 3231 1469 3289 contubernali

59 3310 101 3370 'its
117 3319 184 3376 hber
207 3327 267 3377 esto
291 3323 386 3392 eisque
410 3323 504 3379 decem
527 3323 607 3379 heres
630 3322 712 3392 dato',
735 3339 771 3378 an
789 3323 883 3398 Sticho
904 3329 1012 3379 mortno
1031 3329 1178 3394 autequam
1196 3324 1315 3378 rationes
1333 3321 1468 3392 redderet,

60 3403 90 3456 lt!
103 3411 235 3478 perlatore
253 3413 298 3468 uel
314 3412 419 3482 reliqua
437 3411 568 3482 habente,
585 3412 671 3470 hbera
689 3416 764 3470 esset
782 3413 898 3470 mulier?
923 3417 952 3470 et
969 3429 1005 3468 au
1022 3411 1057 3468 de
1074 3415 1166 3484 legato
1184 3412 1262 3468 idem
1276 3411 1467 3481 accipiamus⁶,
1487 3415 1516 3458 tt

56 3483 161 3554 them
178 3499 259 3570 data,
283 3501 308 3556 si
325 3501 446 3556 raderes
463 3501 625 3570 reddiderit,
650 3501 720 3558 hanc
738 3502 925 3560 condicionem
944 3503 1079 3558 rationum
1097 3501 1310 3572 reddendarum,
1328 3503 1361 3556 ut
1377 3501 1469 3556 iussus

53 3574 162 3672 “fdcdur
177 3589 284 3659 reliqua
299 3589 423 3660 reddere,
442 3590 465 3645 ai
484 3606 539 3661 qua
556 3589 648 3662 hahet,
666 3607 729 3646 eum
748 3589 803 3646 fide
821 3595 899 3646 actus
918 3592 970 3648 sni.
998 3607 1068 3662 qnae
1087 3591 1110 3648 si
1128 3591 1203 3646 nulla
1220 3595 1292 3660 suut,
1309 3604 1378 3660 pure
1391 3602 1468 3644 acce-

46 3667 112 3762 Ρῑξῦθ
131 3676 285 3734 ubertatem
308 3677 487 3735 uidebuntur:
511 3685 540 3735 et
558 3680 582 3734 si
599 3685 662 3750 post
679 3679 782 3735 aditam
801 3679 980 3736 hereditatem
998 3681 1130 3750 decessit,
1152 3682 1325 3750 competente
1343 3677 1468 3733 libertate

41 3751 120 3820 Qu
136 3767 257 3836 legaturm
276 3782 325 3824 eos
342 3773 468 3824 secutum
486 3773 537 3824 est.
565 3768 688 3838 quodsi,
708 3784 769 3824 cnm
788 3769 879 3824 adhue
896 3770 1002 3842 reliqua
1017 3769 1138 3839 haberet,
1156 3768 1284 3838 dccoeeit,
1303 3765 1355 3822 snb
1371 3766 1467 3822 eadem

36 3843 193 3912 Quaene
211 3861 241 3912 ct
258 3856 460 3914 contubernalis
478 3857 537 3913 eius
552 3855 705 3913 libertatem
718 3859 858 3930 accepisse
871 3859 980 3916 uidetur
991 3865 1020 3916 ct
1031 3857 1139 3914 deiecta
1150 3857 1288 3914 sudabitur
1299 3855 1467 3912 condicione.
1486 3862 1515 3901 ⁴⁰

32 3927 79 3984 Ν
104 3960 156 4002 nou
174 3945 343 4016 ineleganter
360 3945 427 4002 illud
445 3946 551 4002 dicetur
569 3945 691 4002 Stichum
711 3945 721 4018 l
739 3947 850 4018 quidem
862 3947 915 4004 sub
928 3948 1087 4004 condicione
1100 3946 1305 4015 manumissum,
1324 3945 1467 4000 contuber·
1484 3945 1543 3993 tet

32 4014 125 4088 “lem
141 4039 234 4091 autam
253 4035 313 4091 eius
331 4051 399 4106 pure
416 4040 446 4091 et
461 4036 535 4090 illam
554 4036 772 4092 coniunctionem
791 4052 846 4092 nou
864 4036 899 4092 ad
918 4036 1136 4107 coniungendam
1155 4035 1351 4105 condicionem,
1370 4033 1420 4090 sed
1432 4033 1468 4090 ad

32 4109 265 4180 mi(tasitudiueur
283 4124 524 4181 demonstrandam
542 4125 687 4194 pertinere.
714 4125 794 4182 Tunc
811 4125 922 4182 demum
939 4141 989 4198 pro
1000 4127 1113 4196 impleta
1124 4123 1241 4180 habetur
1253 4124 1387 4196 condicio,
1405 4139 1467 4182 cum

32 4197 77 4250 μ’*
99 4226 163 4268 eum
181 4217 246 4283 stat,
265 4213 321 4284 qui,
340 4214 364 4269 si
381 4214 495 4285 impleta
512 4218 594 4284 esset
613 4213 756 4271 debiturus
773 4220 841 4271 erat.

32 4279 277 4382 Γ(ῑνιιιιιιισιι)
1352 4391 1353 4394 Ν

45 4443 135 4510 ‘ssim
154 4463 202 4510 tu.
220 4455 300 4520 (edd.)
369 4454 524 4511 ¹condicio
541 4455 601 4512 iure
618 4456 776 4512 communi?
847 4456 858 4492 ⁸
876 4456 960 4526 igitur
978 4464 1025 4510 ora.
1096 4455 1107 4490 ⁴
1125 4471 1181 4511 non
1199 4457 1246 4512 del.
1265 4455 1335 4522 (dett
1352 4455 1467 4527 qudam)

46 4507 125 4579 *Μία
143 4533 316 4597 murus:
334 4531 363 4581 et
380 4525 414 4582 de
432 4527 533 4597 legato,
552 4543 587 4582 au
605 4527 760 4599 accipiant?
777 4527 862 4584 etita
880 4527 1029 4596 accipimus

32 4625 227 4714 ιιιειιιιιιιῖι
263 4659 298 4714 ιο
309 4673 360 4728 μοι
392 4659 723 4729 ermimporrerrvw,
777 4659 1018 4729 ιοιιιιιιιιιιιιιι]
1031 4659 1183 4714 rueres.
1201 4656 1304 4714 ιιιιιι
1317 4656 1399 4714 ‘none
1417 4657 1467 4714 ιιι

32 4711 212 4798 &umam
230 4727 356 4796 usuro
428 4731 463 4786 ee
481 4745 528 4786 ιιι
547 4731 654 4800 cauus]
673 4751 724 4786 ιιι
776 4733 844 4788 uras
861 4731 940 4788 deest
953 4729 1172 4786 ἰιιίιιιιιιιι
1188 4730 1192 4795 i
1208 4729 1318 4798 habeut]
1338 4729 1466 4794 enarer,

32 4769 108 4876 Ἣ
124 4801 244 4856 uidente
260 4803 352 4885 deplere
371 4801 481 4856 Graeci.-
504 4800 549 4856 ἒὶικ
574 4801 723 4867 insenesco)
776 4819 831 4860 non
855 4801 1001 4864 habentG
1054 4803 1087 4858 31
1113 4799 1206 4872 faciat]
1230 4801 1466 4865 musolanos

32 4859 176 4942 α“,ἱιι“ιτιῑι
189 4871 318 4926 assuenda
331 4891 373 4927 uer
387 4873 496 4938 uorficar,
512 4873 559 4936 οῨκ
572 4873 640 4930 derra
654 4875 723 4944 alpe·
775 4873 859 4930 faciot
873 4873 912 4928 W
961 4875 995 4928 32
1014 4871 1219 4944 numphidioF
1266 4873 1301 4928 35
1318 4871 1466 4978 pariatorel

32 4931 117 5008 Ἣ·
134 4943 158 4998 si
176 4941 207 4996 δὲ
225 4941 384 5008 λιιμτεῩεω,
402 4942 449 4998 {ha
467 4945 577 5015 norhcqc
594 4965 636 5002 reor
657 4965 722 5000 uua·
776 4947 923 5012 mcii,
935 4945 1099 5016 parientem
1113 4944 1135 5010 l,
1147 4943 1284 5014 reperitote
1296 4942 1327 5009 Q„
1339 4943 1453 5016 parisD

35 5005 117 5080 Νι,
133 5013 202 5070 lars
221 5015 350 5086 aiperrar'ur
369 5015 396 5072 B
413 5015 494 5089 (Tip.)
549 5017 583 5074 29
601 5033 656 5074 nou
673 5033 723 5090 pro
775 5019 809 5074 el
828 5017 906 5090 pura]
923 5031 989 5092 pere
1007 5017 1044 5072 Ρ
1097 5015 1132 5074 38
1150 5019 1326 5086 competente
1343 5015 1379 5070 F¹

1194 5104 1253 5160 13*
