3616 5468
111 262 158 310 nn
179 260 458 312 ummoormmssrs
789 233 874 316 103
1257 241 1393 314 XXXIII
1414 243 1431 308 1
1455 250 1552 306 6-10

110 405 232 456 metator
247 400 357 456 tamdiu
374 399 509 469 praestari
525 397 667 468 noluisset,
685 397 816 468 quamdin
834 399 1022 469 praesiderent
1038 399 1168 456 heredes:
1186 415 1289 470 quaero
1307 399 1402 470 igitur,
1421 415 1470 470 sn,
1489 415 1552 456 curn

108 488 289 559 praesidendi
306 489 472 544 mentionem
489 486 599 557 iecerit,
624 486 660 542 ed
677 491 787 558 tempus
810 485 1050 546 fideicommissum
1069 503 1105 544 au
1122 494 1258 560 perpetuo
1274 489 1409 559 praeetsri
1427 488 1551 546 uoluerit

108 577 284 634 lodestInus
296 576 439 647 respondit
449 575 691 632 fideicommissum
702 577 849 646 quotannis
862 577 890 634 in
902 582 1065 648 perpetuum
1077 578 1117 634 rei
1128 577 1254 648 pubIIcae
1265 577 1461 648 praestandum
1480 591 1550 633 esse.

61 667 86 725 7
121 705 122 708 ¹
165 667 341 722 Permessus
362 665 433 720 libro
456 670 556 721 octauo
579 664 616 720 ad
633 664 763 730 Quintum
781 665 909 720 Mucium.
946 665 1064 732 Quintus
1081 665 1188 722 lIuciue
1210 666 1262 720 sit:
1286 666 1310 722 si
1331 666 1393 736 quin
1412 661 1550 749 [HEt—,⁷1
1568 676 1597 732 Ε

108 755 139 809 ln
156 758 326 809 testamento
344 754 384 809 its
401 753 524 824 scripsit:
543 751 599 807 'tilii
621 751 748 823 filiaeque
772 769 850 808 meae
872 753 911 808 ibi
934 759 1030 824 sunto,
1055 753 1102 809 nbi
1126 769 1174 810 eos
1196 759 1284 810 mater
1306 770 1358 810 sna
1381 769 1443 810 esse
1465 755 1583 825 solete

109 841 217 912 'eisque
234 841 316 898 beree
334 857 412 898 mens
429 843 458 896 in
476 856 563 897 annos
581 841 704 911 singulos
728 842 811 912 Inque
834 857 935 912 pueros
957 843 1116 912 puellmqne
1133 843 1255 912 siugulae
1273 841 1389 898 damnas
1406 849 1466 900 esto
1484 843 1551 899 dare

108 931 217 987 'm'barii
234 931 345 986 nomine
364 945 462 986 aureos
479 928 598 986 decem':
617 930 641 984 si
652 934 758 986 tutores
770 945 831 986 eam
849 931 993 1001 pecuniam
1012 930 1078 986 dare
1096 931 1192 988 nolunt
1205 929 1217 1002 I
1230 932 1263 1002 ei,
1282 931 1357 1001 apud
1374 948 1455 1002 quem
1473 933 1551 1002 pueri
1568 933 1634 988 αι’

109 1027 196 1090 atque
215 1020 324 1090 puellae
342 1022 415 1088 sunt,
434 1017 500 1074 nihil
518 1024 569 1088 eet,
587 1018 663 1088 quod
680 1033 715 1074 ex
732 1024 898 1076 testamento
916 1035 999 1090 egere
1017 1019 1118 1090 possit:
1136 1035 1201 1076 nem
1219 1035 1253 1074 ea
1264 1035 1308 1076 res
1320 1035 1353 1076 eo
1365 1021 1492 1092 pertiuet,
1509 1021 1551 1078 uti

107 1113 220 1164 tutores
238 1108 335 1176 scient,
353 1117 426 1177 quae
443 1108 571 1164 uoluntas
588 1107 729 1162 tentatorie
747 1106 814 1178 fult,
832 1109 873 1166 uti
890 1109 999 1179 possInt
1016 1123 1078 1164 eam
1096 1109 1240 1178 pecuniam
1259 1109 1318 1164 sine
1335 1110 1458 1180 periculo
1475 1110 1550 1165 darc.

107 1198 295 1254 Poemenius.
313 1197 346 1252 In
363 1196 534 1252 testamentis
552 1195 688 1266 quaedam
706 1196 876 1267 scribuntur,
894 1212 966 1268 quae
983 1196 1020 1252 nd
1037 1197 1227 1254 auctoritatem
1246 1197 1390 1254 dumtaxat
1407 1197 1551 1254 scribenda
1572 1211 1600 1252 uc

107 1284 268 1342 referuntur
285 1299 336 1340 nec
354 1284 549 1354 obligationem
567 1285 686 1355 pariunt.
713 1284 782 1340 hese
799 1289 892 1340 autem
910 1286 977 1342 talis
993 1291 1065 1342 sunt.
1093 1286 1157 1342 site
1169 1285 1297 1342 heredem
1310 1287 1398 1342 solnm
1409 1287 1551 1344 instituam

105 1382 138 1431 et
159 1373 295 1442 scribam,
318 1374 360 1429 uti
382 1378 589 1429 monumentum
611 1372 678 1428 mihi
701 1378 777 1429 certa
797 1374 914 1443 pecunia
940 1373 1039 1430 inciam
1067 1375 1170 1430 ntrllem
1196 1375 1269 1430 enim
1296 1363 1492 1444 obligationem
1518 1392 1553 1434 ea

105 1465 249 1534 scripture
266 1463 372 1532 recipit,
390 1461 440 1518 sed
458 1461 494 1516 ad
513 1461 705 1518 auctoritatem
724 1477 813 1518 meam
832 1462 1049 1520 concernendam
1067 1465 1185 1534 poteris,
1203 1465 1227 1519 si
1245 1463 1328 1534 nelis,
1346 1461 1446 1520 fecere.
1473 1465 1553 1520 aliter

105 1558 195 1623 atque
214 1552 240 1607 si
257 1551 392 1606 coherede
408 1549 459 1606 tibi
476 1549 542 1606 dato
554 1550 627 1606 idem
639 1550 789 1620 scripsero:
808 1566 871 1606 nam
882 1551 942 1606 siue
954 1554 983 1606 te
995 1551 1082 1606 solum
1096 1550 1273 1623 damnauero,
1291 1552 1332 1608 nti
1344 1557 1552 1608 monumentum

104 1640 206 1710 finias,
226 1639 340 1695 coheres
357 1642 423 1694 tuus
441 1653 524 1708 agere
542 1644 634 1693 tecum
652 1639 754 1708 poterit
770 1637 889 1694 familiae
908 1638 1112 1708 herciscundae,
1130 1640 1171 1696 uti
1183 1637 1277 1710 iacias,
1296 1641 1425 1710 qnoniam
1437 1641 1552 1698 interest
1571 1650 1600 1694 rs

103 1730 196 1786 ilius:
221 1728 389 1800 quinetiam
407 1728 432 1782 si
450 1727 558 1797 utrique
575 1726 644 1782 inssi
661 1726 729 1782 estis
746 1725 799 1783 boc
816 1724 921 1797 iacere,
939 1727 1058 1782 inuicem
1076 1728 1212 1784 actionem
1229 1727 1375 1786 babebitis.
1403 1729 1439 1785 ad
1458 1734 1552 1786 aucte

104 1819 221 1874 ιίιιιοιιι
240 1815 386 1872 scribentis
403 1815 456 1870 boc
473 1830 582 1886 qnoque
600 1816 731 1884 pertinet,
754 1830 818 1870 cum
836 1817 898 1884 qula
916 1815 997 1870 iussit
1014 1815 1043 1872 In
1060 1817 1208 1886 municipio
1232 1817 1367 1887 Imagines
1384 1817 1464 1888 poni:
1488 1833 1552 1874 nem

104 1908 131 1964 si
149 1922 208 1962 nnn
227 1905 338 1961 bonoria
357 1905 495 1975 municipii
512 1904 602 1974 gratia
619 1903 648 1958 id
666 1902 786 1973 fecisset,
804 1903 931 1974 sedena,
950 1905 1023 1960 actio
1041 1917 1074 1960 eo
1093 1905 1203 1962 nomiuc
1214 1907 1281 1962 nulli
1293 1907 1432 1978 competit
1459 1907 1552 1976 itaque

104 1996 179 2052 baec
197 1995 293 2061 Quiuti
311 1994 394 2050 blucii
415 1994 563 2063 scriptura:
582 1990 668 2048 ‘liberi
690 1992 745 2046 mei
766 1991 804 2048 ibi
827 1997 923 2062 sunto,
947 1992 996 2048 ubi
1018 2008 1066 2048 eos
1089 1997 1178 2048 metm
1200 2009 1252 2050 sus
1269 2009 1331 2050 esee
1349 1993 1431 2050 uolet'
1449 1996 1551 2052 nullam

104 2085 308 2153 obligationem
326 2083 407 2153 parit,
425 2081 476 2138 sed
493 2081 530 2136 nd
546 2075 737 2136 anctoritatem
755 2079 878 2137 defuncti
895 2081 1112 2138 conseruandam
1124 2082 1153 2136 id
1165 2081 1320 2153 pertinebit,
1338 2087 1370 2138 ut
1382 2083 1432 2158 ubi
1441 2085 1553 2140 iusserit
1571 2091 1601 2134 ιο

103 2173 146 2230 lbi
165 2173 233 2228 siut.
258 2187 311 2228 nec
328 2177 422 2226 tannen
439 2185 547 2240 semper
564 2171 692 2227 uoluntas
716 2171 775 2226 eius
800 2175 848 2226 aut
871 2171 976 2226 iussum
995 2171 1152 2226 conseruari
1175 2170 1272 2242 debet,
1296 2172 1383 2228 ueluti
1400 2172 1425 2228 si
1442 2177 1553 2243 praetor

103 2262 210 2319 doctus
229 2262 266 2316 sit
283 2276 338 2316 non
355 2258 486 2329 expedite
502 2259 636 2328 pupillum
655 2274 688 2314 eo
707 2259 815 2328 morari,
833 2257 881 2314 ubi
898 2264 977 2328 pater
994 2259 1112 2329 iusserit,
1130 2263 1242 2330 propter
1256 2259 1362 2331 uitium,
1381 2259 1455 2330 quod
1472 2264 1552 2330 pater

104 2351 181 2408 sorte
198 2349 340 2420 ignorauit
356 2349 384 2404 in
403 2348 444 2402 eis
461 2347 585 2416 persenis
604 2361 675 2416 esse,
694 2347 769 2418 apud
786 2363 856 2418 quae
873 2348 974 2404 morari
992 2348 1081 2404 iussit.
1109 2348 1133 2402 si
1151 2354 1243 2404 aulem
1261 2363 1311 2420 pro
1329 2348 1438 2405 cibariis
1456 2364 1551 2405 eorum

103 2443 135 2497 in
153 2453 246 2496 unos
263 2436 387 2506 singulos
404 2435 480 2490 aurei
498 2435 593 2490 decem
612 2436 699 2494 relicti
711 2437 774 2504 sint,
793 2436 853 2492 siue
864 2435 918 2492 boc
928 2450 1054 2492 sermone
1065 2435 1262 2506 signiticautur,
1281 2437 1355 2506 apud
1367 2451 1437 2507 quos
1452 2437 1552 2493 morari

104 2535 200 2586 mater
216 2526 336 2597 pupillos
353 2525 485 2594 uoluerit,
509 2524 569 2580 elue
592 2525 631 2580 ite
654 2525 840 2596 acceperimus
863 2524 936 2580 hunc
954 2540 1123 2594 sermonem,
1146 2529 1178 2580 ut
1200 2525 1268 2595 ipsis
1291 2523 1353 2582 tiliis
1377 2525 1406 2580 id
1429 2525 1551 2595 legatum
1571 2532 1600 2576 ¹⁶

104 2617 254 2685 debeatur,
273 2615 340 2670 ntlle
351 2615 418 2670 erit:
437 2615 467 2668 et
478 2613 567 2682 magis
579 2613 667 2668 enlm¹
681 2619 731 2683 eet,
750 2619 782 2669 ut
796 2613 972 2684 prouidentia
987 2612 1102 2670 liliorum
1116 2628 1227 2670 suornm
1240 2613 1292 2669 boc
1303 2611 1403 2672 iecisse
1414 2613 1551 2670 uideatur.

104 2713 136 2762 et
155 2706 185 2762 in
204 2703 341 2772 omnibus,
359 2701 408 2756 ubi
425 2701 575 2756 auctoritas
593 2702 653 2756 sola
669 2703 809 2760 testatoris
827 2708 884 2772 est,
903 2717 993 2772 neque
1010 2702 1168 2759 omnimodo
1185 2701 1340 2773 spernenda
1357 2717 1447 2773 neque
1465 2703 1551 2760 omni·

104 2794 193 2852 modo
210 2791 387 2850 obseruanda
404 2795 456 2846 est.
483 2789 533 2844 sed
550 2791 707 2846 interuentu
725 2791 824 2848 iudicis
842 2789 910 2848 baec
928 2791 1021 2848 omnia
1036 2790 1147 2862 debent,
1165 2791 1189 2847 ei
1203 2805 1257 2846 nou
1270 2790 1306 2846 ed
1317 2795 1426 2862 turpem
1438 2807 1550 2848 censam

105 2884 244 2950 ies-untur,
262 2881 299 2936 ed
317 2881 444 2936 effectum
463 2877 586 2950 perduci.
1569 2887 1599 2930 re

46 2962 80 3021 8
163 2970 262 3028 Gerus
278 2968 348 3026 libro
366 2969 461 3038 quinto
485 2968 521 3023 nd
543 2969 634 3038 legem
651 2967 748 3023 Iuliam
766 2972 796 3024 et
812 2967 935 3037 Papiam.
970 2968 1002 3024 Iu
1020 2967 1143 3038 singulos
1163 2983 1251 3024 annos
1268 2968 1392 3024 reIIctum
1424 2978 1550 3037 Basse
1568 2971 1613 3048 Es

105 3061 234 3130 legatum
252 3059 341 3114 simile
359 3061 403 3112 est
420 3057 483 3112 usui
500 3055 616 3126 fructui,
639 3071 702 3112 curn
721 3061 808 3112 morte
825 3053 944 3112 finiatur.
971 3071 1038 3112 sane
1056 3057 1155 3126 capitis
1172 3056 1359 3112 deminutione
1376 3071 1432 3114 non
1449 3055 1550 3127 fluitur,

106 3165 173 3204 curn
197 3163 267 3203 neus
289 3145 396 3202 fructus
417 3143 541 3202 finiatur:
566 3146 610 3202 et²
628 3161 696 3202 usus
719 3143 825 3200 tructus
848 3145 887 3200 ita
909 3144 996 3214 legari
1012 3147 1119 3214 potest:
1138 3145 1219 3201 'Titio
1237 3161 1318 3201 usam
1336 3143 1454 3200 irnctum
1472 3143 1550 3200 fundi

107 3237 181 3307 ‘lego
198 3241 230 3292 et
246 3235 429 3306 quotiensque
446 3235 536 3304 capite
554 3234 676 3290 minutus
694 3233 753 3302 erit,
771 3232 888 3288 eundem
907 3247 988 3288 usum
1005 3230 1124 3288 fructum
1143 3234 1169 3288 ei
1185 3233 1238 3290 do’.
1265 3233 1333 3290 illud
1345 3238 1420 3290 certe
1432 3233 1550 3304 emplius

107 3331 153 3382 cst
170 3327 201 3380 In
219 3323 272 3380 boo
288 3325 395 3394 legato,
419 3323 493 3392 quod
510 3324 539 3378 in
556 3324 683 3392 ingressu
701 3320 847 3378 cuiuslibet
870 3322 935 3376 anni
958 3321 982 3376 ei
1000 3321 1151 3378 decesserit
1167 3323 1330 3394 legatarius,
1353 3323 1412 3379 etue
1430 3323 1495 3378 anni
1511 3323 1548 3378 le

107 3419 206 3485 gatum
226 3412 320 3468 heredi
337 3427 388 3468 suo
405 3411 546 3481 reliuquit:
570 3409 645 3480 quod
662 3410 691 3464 in
708 3407 870 3465 usufructu
888 3410 1000 3465 nonita
1018 3415 1068 3481 est,
1086 3426 1150 3466 cum
1168 3409 1347 3482 fructuarius,
1366 3411 1474 3467 etiarnsi
1492 3425 1548 3466 me·
1568 3417 1597 3460 ιι

106 3503 180 3558 turia
198 3500 342 3570 fructibus,
361 3499 483 3556 nondum
501 3505 594 3555 tamen
611 3499 748 3568 perceptis
766 3498 924 3568 deccsecrIt,
942 3497 1036 3554 heredi
1052 3513 1104 3556 eun
1122 3515 1170 3557 eos
1188 3498 1294 3556 fructus
1312 3515 1368 3556 non
1384 3499 1527 3568 relinquet

52 3581 82 3640 9
162 3591 347 3646 Parmrsuus
363 3587 433 3644 libro
451 3587 570 3658 septimo
588 3601 788 3657 responsorum.
818 3586 941 3656 Fundus,
959 3602 1042 3657 quem
1059 3592 1138 3658 pater
1151 3586 1269 3644 familias
1285 3587 1391 3644 libertis
1409 3582 1547 3670 [re-effi
1566 3589 1593 3643 Ρ

105 3681 264 3750 legatorum
282 3677 405 3748 nomine,
429 3691 500 3746 quaa
519 3676 547 3730 ln
565 3691 653 3730 annos
670 3676 793 3746 singulos
810 3675 952 3746 relinquit,
975 3676 1076 3746 pignus
1099 3691 1161 3732 esee
1184 3678 1284 3747 uoluit,
1308 3693 1343 3732 ex
1366 3662 1548 3732 mussi-'dei‘-

107 3767 250 3824 commiesi
267 3767 307 3822 rei
324 3765 478 3822 seruandae
495 3765 585 3834 gratin
602 3767 677 3820 recte
694 3769 812 3834 petetur.
842 3765 964 3820 ¹Pennus
987 3769 1079 3820 notet:
1102 3765 1155 3822 hoc
1179 3765 1379 3822 admittendum
1402 3769 1445 3822 eet
1467 3770 1496 3820 et
1519 3765 1547 3822 in

106 3857 172 3914 eliis
188 3854 273 3911 rebus
290 3854 470 3923 hereditariis,
488 3858 521 3908 nt
538 3859 567 3908 et
583 3853 612 3908 in
629 3867 678 3908 eas
695 3854 844 3922 legatarius
861 3855 992 3910 mittatur.
1566 3859 1596 3902 to

31 3928 88 3996 10
163 3943 329 4000 insalubre
347 3947 447 3999 octauo
465 3956 667 4012 responsorum.
699 3940 770 3998 ‘Seio
794 3943 881 3998 amico
905 3941 1077 4012 fidelissimo,
1100 3943 1124 3998 si
1145 3941 1277 4012 noluerit,
1300 3943 1372 3998 sicut
1389 3937 1548 4026 Q
1567 3943 1595 3997 P

107 4033 187 4090 'meis
205 4032 323 4102 negotiis
340 4030 550 4100 interueniebat,
569 4029 666 4086 eodem
684 4031 765 4087 modo
782 4029 898 4086 filiorum
912 4046 1034 4088 meorum
1046 4032 1219 4101 intemenire,
1237 4046 1343 4088 annuos
1355 4046 1437 4088 senos
1449 4047 1548 4088 aureos

106 4121 145 4178 'et
163 4119 361 4178 habitationem
379 4135 435 4189 qna
452 4119 538 4174 utitur
556 4119 690 4188 praestari
707 4118 788 4176 uclo'.
815 4134 870 4176 non
887 4120 950 4176 ideo
968 4120 1058 4176 minue
1082 4135 1174 4176 annue
1191 4118 1254 4176 Seio
1277 4136 1327 4190 pro
1345 4123 1424 4191 parte
1441 4119 1548 4176 heredi·

104 4210 180 4266 taria
197 4209 317 4265 uiumtis
335 4207 408 4264 tiliae
425 4206 520 4264 deberi
536 4207 648 4277 placuit,
667 4207 741 4278 quod
759 4223 794 4264 ex
811 4208 898 4264 tribue
916 4207 979 4264 filiis
990 4207 1081 4264 'litiae
1099 4209 1154 4264 dno
1172 4208 1233 4264 aliis
1250 4207 1397 4264 heredibus
1415 4208 1548 4264 institutis

70 4303 84 4349 l
104 4301 168 4355 uita
185 4297 378 4367 decesserunt,
397 4312 460 4352 cum
478 4301 535 4352 tam
553 4295 631 4352 labor
648 4312 730 4368 quam
748 4297 866 4367 pecunia
883 4297 1045 4354 dluieionem
1063 4297 1224 4368 reciperent.
1255 4296 1368 4354 'lledico
1386 4296 1547 4367 Sempronio
1566 4301 1595 4345 ⁴⁶

105 4389 188 4458 'qnae
206 4387 274 4442 uina
290 4384 479 4456 praestabam,
503 4385 563 4442 dari
585 4384 670 4442 nolo':
693 4401 728 4442 ea
749 4385 878 4442 uidentur
899 4387 1006 4458 relicta,
1031 4401 1103 4458 quae
1127 4389 1230 4442 certam
1247 4384 1363 4442 formam
1381 4385 1547 4455 erogationis

71 4483 87 4529 ι
104 4489 232 4542 muse,
256 4490 311 4530 nnn
328 4475 462 4530 incertam
483 4473 654 4532 liberalitatis
676 4474 846 4533 uoluntatem
869 4474 1032 4532 babuerunt.
1052 4474 1168 4548 illxori
1185 4480 1294 4545 praeter
1311 4475 1354 4546 id,
1376 4474 1450 4546 quod
1467 4491 1485 4531 n
1502 4488 1547 4532 me
1563 4475 1580 4524 i·
1590 4475 1621 4525 le

103 4580 353 4652 HWDEQIGK)

107 4724 210 4778 ¹enIm
228 4723 276 4776 det
348 4721 414 4790 ¹et]
434 4721 486 4775 etsi
503 4721 551 4776 et?

108 4863 278 4934 lpreestari
291 4861 564 4930 noluissetquamdiu
578 4864 664 4917 birffl
708 4865 740 4918 il
753 4879 801 4932 pa·
855 4861 1068 4918 omnimodoom.
1081 4863 1117 4914 F¹
1153 4861 1547 4932 itiningressuffiiugreeeu

107 4935 179 4990 uiant
197 4935 235 4988 F’
289 4933 325 4988 23
343 4933 453 4988 oiuariis
471 4933 507 4986 F¹
561 4934 596 4988 25
615 4933 653 5002 id]
671 4933 801 4998 DIIGKI,
854 4933 983 4989 DEIOK
992 4933 1070 4988 Your.
1116 4932 1307 5002 derelinquit
1324 4934 1361 4988 Ρ
1414 4933 1450 4988 38
1467 4932 1546 4988 relin-

109 5003 145 5060 ad
161 5003 324 5071 ΝΟΜ,
343 5020 378 5060 an
397 5003 437 5058 D⁹
487 5003 521 5060 il
540 5005 696 5076 spcmende
713 5020 801 5076 neque
855 5005 915 5074 quit
932 5005 959 5059 F
969 5023 1016 5062 nec
1033 5012 1168 5077 quicquam
1185 5012 1309 5062 ιηιιιαιιιηι
