3638 5460
153 240 288 310 XXXVI
308 241 329 306 2
351 245 467 302 25-30
826 228 915 310 264
1039 251 1184 311 Qusuoo
1198 252 1277 302 oras
1291 250 1367 300 uuo.
1384 252 1453 302 uun
1468 251 1589 301 umaro.

154 403 206 469 est,
224 396 306 469 qued,
325 398 349 453 si
367 395 459 452 medio
476 400 600 466 tempore
611 394 760 465 legatnrius
773 391 905 448 moriatur
922 395 951 446 et
962 395 1060 462 postea
1070 393 1168 460 partas
1180 389 1287 462 edatur,
1305 389 1411 447 tructus
1423 391 1591 462 perueniant,

153 488 298 560 pecuniam
316 486 436 557 pupillus
454 485 588 554 exsoluat,
606 483 687 539 heres
704 481 830 552 legatarii
848 481 1007 551 petitionem
1025 479 1122 536 habet:
1141 494 1260 550 namque
1277 479 1337 536 dies
1355 479 1449 550 legati,
1467 480 1515 536 cui
1532 495 1591 536 cen·

154 577 226 633 dicio
244 590 299 631 non
318 573 491 644 adscribitur,
511 573 637 644 quamuis
655 572 826 628 extrinsecus
844 569 1032 640 exspectanda
1049 569 1094 640 sit,
1112 569 1194 624 cedit

98 667 136 726 26
207 665 285 720 Inuus
302 662 371 720 libro
389 679 462 719 nono
481 677 683 733 responsorum.
712 660 821 716 'Firmio
833 659 980 714 Heliodoro
998 657 1076 714 fratri
1094 673 1156 714 meo
1173 657 1235 714 dari
1248 659 1311 714 ueto
1323 659 1401 728 qnin-
1420 654 1595 742 ΜΗ
1609 662 1765 720 ΗΡ

155 753 295 825 'quaginta
312 768 348 808 cx
365 751 456 808 reditu
473 751 648 822 praediorum
666 763 788 804 meorum
806 746 891 804 futuri
914 747 979 804 anni
1002 747 1133 817 postea’1.
1161 763 1216 804 non
1234 747 1321 802 uideri
1339 747 1532 805 condicionem
1549 749 1622 804 adt
1667 757 1726 798 ἃ
1744 759 1755 800 e

154 843 253 913 diam,
277 842 327 897 sed
351 847 461 912 tempus
483 839 632 897 soluendae
654 837 788 908 pecuniae
811 837 947 907 prolatum
966 837 1055 892 uideri
1072 835 1215 908 respondi:
1234 835 1387 893 ²fructibus
1412 835 1460 892 tini
1483 839 1595 894 relictae

122 931 285 1004 1pcenniae
308 945 363 986 non
385 929 523 1001 perceptis
546 927 701 984 ubertatem
729 941 791 981 esse
818 926 1002 982 necessariam
1029 927 1094 982 anni
1121 925 1244 982 secundi.
1286 925 1355 982 Cum
1381 924 1419 982 ab
1446 925 1595 984 heredibus

154 1021 265 1076 dumne
282 1023 393 1075 centum
411 1018 471 1073 dari
489 1018 622 1073 noluisset
638 1019 757 1072 testator
775 1022 799 1070 et
815 1028 876 1070 eam
894 1015 1039 1085 pecuniam
1057 1015 1094 1070 ad
1112 1014 1194 1070 altnrn
1213 1011 1368 1086 transferri,
1391 1018 1424 1072 ut
1446 1015 1476 1072 in
1494 1031 1595 1074 annum

154 1109 335 1166 uicensimum
354 1107 479 1178 quintum
497 1106 612 1161 trientes
630 1119 727 1160 usuras
746 1104 805 1160 eins
824 1117 948 1158 summae
966 1104 1121 1174 perciperet
1138 1103 1264 1158 dumnus
1280 1117 1314 1158 ac
1325 1107 1389 1173 post
1400 1119 1462 1160 eam
1476 1110 1595 1162 neutum

153 1203 257 1255 sortem
279 1199 383 1269 ipram:
407 1196 480 1251 intra
502 1193 682 1250 uicensimum
706 1192 832 1262 quintum
855 1207 958 1248 annum
981 1207 1014 1248 eo
1037 1191 1168 1248 defuneto
1191 1191 1381 1248 summissum
1405 1193 1700 1250 adheredem1·1
1739 1205 1759 1244 1⁰

153 1288 233 1358 pueri
249 1285 491 1341 fideicommissum
509 1281 652 1353 respondi:
676 1297 739 1336 nam
763 1285 868 1335 certam
892 1285 1011 1336 aeuum
1034 1281 1101 1337 sorti
1120 1280 1269 1338 soluendae
1287 1281 1482 1350 praestitutum
1501 1283 1595 1353 uideri,

154 1391 209 1432 non
227 1390 295 1445 pure
313 1372 525 1430 fideicommiseo
543 1372 637 1426 relicto
656 1369 853 1432 condicionem,
868 1374 1007 1426 insertam.
1035 1385 1097 1425 eum
1121 1375 1212 1426 autern
1236 1367 1479 1426 fideicommissum
1503 1371 1540 1426 ab
1563 1386 1595 1428 eo

154 1463 212 1534 peti
230 1478 285 1518 non
303 1470 404 1532 posset,
422 1475 509 1532 penes
526 1475 608 1532 quem
628 1459 717 1514 uoluit
728 1459 873 1530 pecuniam
888 1459 1025 1530 collocari,
1043 1463 1156 1530 propter
1168 1457 1237 1514 haec
1248 1457 1334 1514 uerba
1351 1458 1473 1529 'musque
1484 1460 1595 1516 alumno

155 1551 225 1607 'meo
242 1555 307 1621 post
325 1553 444 1604 oetatem
462 1548 688 1619 suprascriptam
701 1547 811 1604 curabis
823 1547 945 1603 reddere'
963 1545 1206 1604 fideicommissum
1223 1546 1258 1604 eb
1277 1547 1423 1604 heredibus
1435 1548 1594 1618 petendum,

154 1639 202 1710 qui
219 1639 365 1710 pecuniam
383 1637 443 1692 dari
461 1637 586 1707 stipulari
604 1635 771 1692 debuerunt:
794 1636 845 1692 sed
868 1634 1044 1692 fideiussores
1066 1635 1101 1692 ab
1120 1652 1153 1692 eo
1172 1653 1227 1692 non
1244 1635 1392 1708 petendos,
1415 1637 1496 1692 cuius
1514 1635 1594 1692 fidem
1611 1648 1620 1686 r
1639 1643 1741 1685 11⁵

122 1735 137 1780 s
155 1727 235 1798 sequi
252 1724 400 1782 defunctus
419 1727 523 1782 maluit.
550 1727 633 1780 Pater
650 1741 741 1780 annua
759 1729 802 1781 tot
819 1741 854 1781 ex
872 1723 963 1780 fructu
975 1723 1118 1796 bonorum,
1137 1742 1216 1796 quern
1229 1725 1307 1780 uxori
1317 1724 1431 1796 legauit,
1449 1740 1595 1780 accessura

154 1814 203 1871 filii
220 1815 383 1886 patrimonio
401 1814 533 1885 praeteri
547 1813 750 1884 exhibitionem,
768 1830 851 1884 quam
869 1829 958 1883 aeque
976 1814 1057 1869 matri
1075 1814 1224 1884 mandauit,
1243 1814 1279 1870 ad
1296 1829 1397 1870 anuum
1416 1815 1519 1870 aetatis
1536 1815 1595 1870 eius
1610 1813 1728 1867 ,31
1736 1814 1765 1859 ru

155 1903 335 1964 uicensimum
353 1903 479 1973 quintum
497 1903 530 1958 ab
548 1918 634 1958 uxore
651 1903 785 1974 praestari
803 1903 899 1959 uoluit.
928 1918 983 1958 non
1000 1903 1087 1973 plura,
1106 1902 1156 1958 sed
1174 1918 1259 1958 unum
1277 1917 1340 1960 esse
1351 1901 1594 1958 fideicommissum

156 1991 239 2048 certis
256 1991 435 2062 pensionibus
454 1991 573 2047 diuism
592 1992 720 2062 apparuit
737 1998 767 2046 et
779 1991 842 2046 ideo
860 1989 916 2048 filio
934 1992 1007 2046 intra
1024 1996 1143 2048 aetatem
1161 2007 1246 2062 supra
1260 1991 1390 2062 scriptam
1408 1991 1484 2046 diem
1503 1990 1596 2047 ionem

155 2080 258 2138 residui
275 2086 405 2150 temporie
424 2080 460 2136 ad
478 2079 605 2136 heredem
624 2079 885 2136 fideicommissum⁸
897 2080 957 2136 sius
975 2081 1132 2151 transmitti,
1151 2080 1201 2136 sed
1216 2095 1271 2138 non
1282 2080 1360 2136 initio
1378 2081 1516 2150 oniasque
1533 2081 1596 2136 anni
1611 2089 1690 2131 Β
1720 2079 1741 2121 ¹⁰

155 2169 213 2241 peti
229 2169 393 2240 pecuniam⁴
404 2174 539 2239 oportere,
558 2169 632 2238 quod
651 2185 687 2224 er
704 2167 840 2226 fructibus
858 2170 937 2226 uxori
955 2168 1029 2224 detis
1047 2172 1126 2238 pater
1143 2167 1199 2226 tilio
1216 2169 1338 2241 praeberi
1350 2169 1446 2226 uoluit.
1473 2173 1595 2226 ceterum

156 2259 180 2315 si
196 2258 342 2330 pecuniam
360 2273 480 2313 annuam
498 2264 578 2328 pater
595 2257 732 2314 alimentis
750 2256 798 2312 iiiii
816 2257 994 2328 destinasset,
1019 2277 1069 2312 aon
1093 2257 1177 2314 dubie
1201 2274 1320 2329 persona
1340 2257 1489 2316 deficiente
1512 2273 1596 2315 eausa

154 2346 314 2418 praestandi
331 2347 441 2403 uidetur
458 2347 587 2402 extincte.
960 2345 962 2356 ’

98 2433 137 2492 27
208 2436 368 2492 Soanuouu
386 2435 456 2490 libro
473 2435 557 2491 tertio
575 2449 778 2506 responsorum.
808 2435 907 2490 Filium
925 2432 1043 2490 familias
1061 2449 1096 2491 ex
1109 2441 1188 2506 parte
1202 2451 1271 2506 pure
1283 2435 1403 2492 instituit
1421 2431 1596 2520 [m
1610 2437 1676 2494 Κ.
1732 2423 1751 2480 Ρ

154 2524 283 2581 heredem
308 2525 388 2603 eique
409 2523 650 2580 fideicommissum
674 2523 752 2579 dedit
774 2529 802 2579 et
825 2524 922 2580 eodem
946 2527 1113 2580 testamento
1136 2525 1176 2581 ita
1197 2526 1285 2582 cauit:
1305 2525 1386 2596 'quod
1408 2512 1595 2598 affl
1611 2535 1663 2576 Β
1735 2517 1756 2560 ¹⁵

151 2614 266 2670 ,ditium
284 2605 413 2676 heredem
432 2612 551 2681 institui,
575 2613 615 2666 ita
632 2627 695 2668 eum
714 2612 790 2668 edire
812 2612 993 2668 hereditatem
1017 2613 1094 2683 uolo,
1117 2614 1142 2668 si
1159 2615 1183 2668 is
1201 2614 1291 2684 patria
1307 2620 1446 2686 potestate
1464 2615 1595 2674 liberatus

155 2699 265 2758 'iuefit'z
284 2701 439 2771 quaesitum
457 2706 508 2771 est,
527 2717 563 2756 an
582 2717 599 2755 a
616 2700 797 2757 coheredibus
815 2701 874 2756 eius
893 2701 969 2756 adita
986 2701 1139 2758 hereditate
1156 2704 1241 2773 legati
1258 2702 1314 2760 iilic
1328 2702 1447 2760 familias
1459 2705 1521 2762 dati
1538 2705 1596 2762 diss

155 2790 273 2847 cesserit
301 2789 452 2860 respondit,
471 2790 495 2844 si
513 2804 581 2860 pure
599 2789 636 2844 sit
654 2789 758 2861 datum,
777 2807 795 2846 a
812 2789 946 2846 coherede
964 2789 1012 2846 filii
1024 2805 1075 2860 pro
1086 2789 1252 2848 hereditaria
1262 2799 1341 2864 purte
1353 2791 1595 2850 fideicommissum

122 2889 135 2934 1
154 2880 212 2950 peti
229 2893 320 2949 posse.
357 2879 511 2934 bienstrnos
530 2878 657 2934 denarios
675 2879 762 2934 denos
780 2879 955 2935 manumissis
972 2878 1089 2950 legauit:
1108 2881 1264 2949 quaesitum
1283 2886 1334 2951 est,
1353 2897 1416 2938 cum
1435 2881 1595 2940 absentibus
1718 2885 1736 2924 ⁴

154 2966 302 3026 heredibus
320 2981 355 3023 ex
373 2971 487 3022 senatus
505 2969 631 3023 consulto
649 2965 801 3022 libertatem
821 2974 886 3024 sunt
903 2969 1059 3038 consecuti,
1083 2983 1119 3024 ex
1141 2984 1196 3040 quo
1219 2973 1342 3040 tempore
1365 2971 1406 3026 eis
1427 2971 1533 3028 cibaria
1550 2972 1594 3028 de
1611 2980 1645 3022 ε
1718 2987 1737 2999 ·
1751 2959 1771 3002 ⁸⁰

154 3055 280 3114 beantur.
307 3054 451 3127 respondit
468 3055 618 3111 secundnm
638 3071 673 3111 ea
690 3071 762 3127 quae
779 3061 998 3128 proponerentur
1015 3073 1050 3113 ex
1067 3073 1101 3114 eo
1112 3062 1236 3129 tempore
1248 3058 1291 3114 his
1303 3058 1407 3116 cibaria
1417 3059 1594 3132 debeantur⁸,
1710 3085 1741 3116 ο

155 3161 210 3216 quo
228 3145 306 3200 liberi
323 3160 386 3201 esse
404 3145 552 3215 coeperint.
1705 3215 1744 3226 Ξ

98 3231 138 3292 28
207 3233 286 3290 loru
309 3233 378 3304 libro
402 3239 500 3304 quarto
524 3247 726 3304 responsorum.
764 3232 793 3288 Si
811 3232 913 3290 drudus
931 3235 1083 3290 instructus
1101 3231 1594 3317 &mm
1609 3243 1638 3297 ὲ,
1701 3230 1747 3307 Ξ

154 3322 267 3380 relictus
284 3323 344 3393 erit,
363 3321 512 3392 quaeritur,
531 3321 763 3392 quemadmodum
781 3321 841 3377 duri
858 3322 968 3394 debeat,
986 3328 1077 3380 utrum
1096 3325 1169 3380 sicut
1186 3325 1336 3382 instructus
1355 3325 1408 3382 suit
1420 3329 1518 3384 mortis
1529 3335 1595 3386 tem·
1699 3334 1750 3354 ‘¹

154 3427 222 3482 pore
243 3427 280 3466 an
304 3425 339 3468 eo
362 3415 487 3481 tempore
511 3425 566 3481 quo
589 3409 656 3466 secti
678 3415 743 3466 sunt
761 3410 878 3468 codicilli
895 3429 932 3468 an
949 3427 1004 3482 quo
1021 3413 1080 3484 peti
1098 3414 1197 3484 coepit
1230 3414 1372 3486 respondit
1389 3431 1421 3472 ea
1434 3416 1540 3487 quibus
1557 3417 1594 3474 in·
1610 3427 1634 3468 ε
1698 3422 1753 3450 ‘³‘

155 3503 277 3556 structus
295 3500 332 3555 sit
349 3497 460 3571 fundus,
482 3515 542 3555 cum
561 3499 621 3556 dies
638 3499 723 3570 legati
741 3500 831 3572 cedat,
850 3500 953 3556 deberi.

99 3589 137 3648 29
208 3587 330 3644 Usuuus
347 3587 417 3644 libre
435 3588 523 3659 primo
541 3587 822 3645 fideicommissorum.
850 3590 944 3662 Rogo,
962 3589 1127 3660 qnuudoque
1145 3589 1225 3648 heres
1237 3606 1315 3648 meus
1327 3593 1401 3650 Titio
1433 3605 1510 3664 s.44,
1521 3608 1594 3664 sone
1610 3601 1639 3655 L

156 3677 258 3733 ‘decem
277 3676 346 3733 det’:
366 3677 461 3747 ntique
480 3677 575 3734 decem
595 3677 674 3734 heres
687 3677 808 3749 debebit,
826 3679 876 3734 sed
888 3679 1008 3751 quando,
1026 3677 1146 3736 dubitari
1157 3685 1262 3751 potest:
1281 3685 1391 3738 uuum⁸
1402 3697 1466 3738 oum
1478 3671 1594 3756 primffi

155 3767 283 3837 potuerit,
302 3769 331 3822 et
349 3766 409 3822 dies
427 3766 501 3822 cedit
518 3773 547 3822 et
564 3766 599 3823 ab
618 3769 679 3838 ipso
696 3768 807 3838 petitur.
1468 3823 1470 3828 .

99 3854 139 3914 30
209 3856 311 3912 Leuso
335 3855 405 3911 libro
423 3856 504 3911 tertio
522 3857 704 3927 posteriorum
722 3874 740 3913 a
757 3859 911 3914 uuonnuo
929 3856 1148 3928 epitomatorem.
1186 3858 1265 3924 Quod
1283 3861 1402 3932 pupilice
1433 3854 1595 3932 Πῆῖτ
1611 3903 1642 3922 ,

154 3945 276 4014 legatum
295 3949 339 4001 est
356 3944 528 4016 ‘quandoque
546 3944 689 4017 nupserit',
708 3947 733 4001 si
751 3961 784 4002 ea
802 3946 889 4003 minor
907 3962 989 4016 quam
1008 3947 1158 4017 uiripotens
1177 3949 1309 4020 nupserit,
1327 3965 1382 4006 non
1399 3956 1465 4006 aute
1483 3953 1510 4008 ei
1523 3953 1594 4023 lega
1611 3963 1647 4002 ν
1702 3931 1785 3978 ‘⁸

155 4037 214 4088 tum
234 4032 392 4104 debebitur,
419 4049 502 4104 quarn
521 4035 671 4106 uiripctens
690 4049 752 4090 esse
770 4036 905 4106 coeperit,
928 4036 995 4106 quia
1011 4051 1066 4092 nou
1084 4040 1178 4106 potest
1194 4035 1281 4093 uideri
1299 4042 1396 4110 nuptu,
1416 4055 1490 4110 quae
1507 4042 1595 4098 uirum
1703 4015 1792 4074 *ω

154 4121 213 4192 peti
231 4136 286 4178 non
302 4127 403 4192 potest.

155 4227 398 4299 praeserere)

1800 3915 1811 3953 t

155 4369 292 4476 :posteul
310 4375 507 4440 postmortem
520 4371 630 4456 meam?
682 4373 924 4442 ¹etprimoenno
937 4381 985 4428 ins.
1038 4373 1308 4432 ³fideicommissnm
1321 4375 1500 4435 adheredem
1513 4380 1596 4449 (th
1712 4347 1753 4404 ς
1769 4331 1802 4398 ⁴?

184 4455 331 4511 peeumam
349 4444 396 4496 det
469 4445 479 4478 ⁵
498 4441 592 4498 deberr
611 4441 712 4511 (Hati‘i
782 4445 908 4500 ⁶uerum
926 4445 1003 4512 (Rot.
1017 4445 1192 4520 SteptanueJ?

156 4582 308 4652 bposteta
331 4597 386 4638 non
404 4584 443 4636 pr
500 4583 592 4653 cini]
611 4583 688 4640 fundi
696 4587 724 4658 s
766 4587 847 4656 'ipe-
901 4587 936 4642 21
960 4588 1040 4642 uxori
1064 4589 1109 4657 F!
1129 4587 1255 4658 praeberi
1280 4589 1307 4642 F
1355 4591 1390 4644 22
1413 4593 1545 4662 mnuam]
1563 4593 1596 4658 E,
1725 4543 1797 4685 fi

157 4652 303 4726 cunise1s,
321 4655 458 4724 pecnnia
470 4655 507 4707 F*
552 4657 617 4710 Set
634 4659 719 4712 οπι.121
761 4658 794 4712 12
808 4657 847 4712 ἰιι-
902 4675 1002 4714 unnrrm
1025 4659 1084 4726 FQ,
1108 4659 1332 4728 om.WD10Kl
1352 4660 1523 4735 destinpsset
1542 4679 1595 4719 non
1730 4691 1789 4753 ’,ι

156 4723 268 4792 sertam]
286 4728 388 4779 sertam
406 4726 431 4778 F
481 4727 515 4780 13
538 4743 635 4796 posses
654 4728 700 4794 F!
723 4743 838 4798 eamque
902 4729 994 4799 dubie]
1008 4730 1113 4795 DIGK,
1126 4731 1596 4797 destinassednbieildestinassot
1738 4774 1784 4821 α

156 4809 301 4863 eamquem
319 4797 346 4848 F
394 4797 428 4852 15
452 4803 525 4852 nom*
542 4797 580 4852 F*
634 4801 668 4854 16
693 4815 783 4855 annuo
802 4801 828 4852 F
902 4801 985 4856 dubie
1003 4801 1055 4868 EQ
1074 4805 1183 4874 (usurpa
1205 4802 1296 4873 P[isis]
1318 4803 1430 4872 dc[est])
1484 4807 1519 4862 27
1537 4805 1596 4861 diss
1722 4831 1785 4872 4

155 4865 246 4935 quem]
265 4874 304 4922 sic
324 4865 433 4922 Graeci:
457 4866 503 4922 ἒόκ
527 4869 677 4934 uersutiam
701 4871 732 4941 τῇ
753 4871 847 4942 fauere}
902 4873 1052 4928 decesserit
1069 4873 1096 4926 F
1148 4875 1183 4928 30
1201 4874 1304 4929 oiuaria
1321 4875 1347 4928 F
1398 4875 1434 4929 31
1454 4875 1559 4932 cibaria
1576 4878 1601 4930 F
1732 4902 1777 4939 ea

155 4935 501 5011 uosrtiuxpr‘tcruB(Tip.),
514 4941 854 5010 quamssquaeDEIGK
902 4945 937 4999 35
961 4943 1003 5012 ea]
1026 4953 1065 4998 sic
1087 4947 1102 4998 ἱ.
1118 4963 1198 5016 pena,
1220 4961 1238 5000 a
1260 4945 1286 4998 F
1334 4946 1370 5002 36
1391 4947 1466 5016 cum]
1490 4963 1554 5004 eum
1576 4949 1600 5002 F

157 5009 191 5064 17
210 5011 358 5079 aequasi*
402 5011 436 5066 18
455 5010 491 5068 ah
510 5031 558 5066 om.
571 5012 598 5064 F
639 5013 674 5068 20
691 5017 813 5083 tempore
829 5013 855 5066 F
901 5014 936 5070 41
955 5014 1124 5084 unipotens
1142 5015 1179 5068 Fi
