3584 5454
270 242 591 320 XXXXVIbss-tt
682 221 685 226 ¹
774 303 779 318 .
938 236 1073 318 732·
1333 261 1701 310 messanensem

271 405 386 458 nanetus
409 405 498 472 esset,
521 401 579 472 agit
596 415 659 458 enm
676 415 710 458 eo
728 397 855 456 dommus
872 398 908 454 ad
926 397 1117 456 exhibendum.
1148 397 1266 456 Sabinus
1283 399 1323 455 ait
1339 397 1516 456 fideimeoree
1534 415 1592 456 non
1610 401 1702 470 teneri

270 491 399 562 quoniam
417 490 485 546 haee
502 490 557 545 alia
574 505 618 546 res
636 490 685 545 sit:
707 503 770 544 nam
789 493 818 544 et
836 489 859 544 si
877 488 1003 544 dominus
1020 489 1131 558 egisset,
1150 504 1223 558 mox,
1242 487 1367 545 absoluto
1385 489 1547 546 aduersario
1565 489 1633 559 quia
1649 504 1701 546 non

239 589 251 633 1
270 579 431 651 possideret,
450 594 485 634 ex
503 579 609 649 integro
627 583 729 649 ageret,
744 593 806 642 ,non
824 576 994 634 obstaturam
1012 577 1052 632 rei
1070 576 1208 634 iudicatae
1226 579 1422 648 exceptionem.
1459 577 1489 634 Si
1507 584 1702 648 procuratore

271 668 394 726 debitore
417 668 560 738 peouniam
585 668 708 738 exegerit
725 671 754 723 et
771 666 946 722 sadsdederit
963 665 1103 722 dominum
1122 670 1209 722 ratam
1228 681 1285 722 rem
1303 665 1414 738 bebere,
1439 683 1504 722 mox
1522 667 1651 724 dominre
1669 667 1702 723 ds

165 793 166 798 κ
271 758 367 814 eadem
390 757 508 827 poeunia
530 757 587 828 egit
608 761 637 812 et
656 757 731 812 litem
750 755 885 824 amiserit,
910 756 1043 810 oommitti
1061 756 1278 826 stipulationem:
1302 763 1342 826 et,
1367 757 1391 812 si
1407 762 1572 827 proeurator
1589 757 1731 814 eandeme

270 847 413 919 peouniam
437 844 547 901 domino
569 845 628 900 sine
650 845 741 900 iudice
765 843 889 914 soluerit,
914 843 1110 900 eondioturum.
1143 845 1192 901 sed
1210 861 1272 901 oum
1291 845 1398 902 debitor
1415 861 1451 902 ex
1468 847 1605 918 stipulatu
1622 861 1703 916 egere

271 936 399 1006 eoeperit,
418 939 509 1004 potest
527 933 580 989 dioi
598 933 747 1003 dominum,
765 934 789 988 si
805 930 990 988 defensionem
1005 935 1189 1004 proouratoris
1201 935 1342 1006 suscipiat,
1360 951 1415 992 non
1427 937 1562 992 inutiliter
1574 935 1629 991 doli
1641 937 1702 991 mali

239 1025 430 1094 aexoeptione
454 1023 587 1078 aduersru
610 1021 761 1078 debitorem
786 1022 839 1091 uti,
862 1022 927 1092 quia
944 1023 1068 1082 natumle
1086 1021 1207 1079 debitum
1226 1031 1327 1080 manet
1363 1023 1393 1080 Si
1411 1025 1473 1095 quis
1492 1041 1510 1080 a
1526 1030 1703 1095 procuratore

270 1119 359 1170 status
380 1113 592 1168 eonbouersiam
611 1112 743 1182 patiatur,
767 1111 834 1168 satis
852 1111 976 1180 aoeipere
994 1110 1078 1167 debet
1095 1127 1113 1167 a
1130 1117 1318 1183 proonratore,
1342 1128 1377 1168 ne
1395 1114 1507 1186 impune
1525 1114 1638 1186 saepius
1655 1130 1703 1184 pro

270 1217 321 1258 suo
340 1205 413 1257 statu
431 1201 622 1256 conueniretur
640 1205 681 1271 et,
700 1201 723 1256 si
742 1199 869 1256 dominus
887 1200 1084 1271 uenientesque
1102 1199 1137 1257 ab
1156 1216 1190 1258 eo
1207 1216 1340 1271 personae
1358 1207 1448 1258 ratum
1467 1219 1522 1260 non
1540 1203 1702 1273 babuerunt,
1721 1213 1744 1253 ro

160 1311 163 1318 ·
271 1291 344 1364 quod
362 1294 521 1362 proeurator
538 1304 601 1346 enm
619 1290 647 1346 in
665 1289 825 1346 seruitutem
844 1289 954 1360 petierit
971 1291 1016 1345 uel
1030 1289 1164 1346 adnorsm
1176 1297 1379 1362 procuratorem
1391 1307 1426 1348 ex
1439 1293 1575 1348 seruitute
1586 1292 1702 1348 inliber·
1756 1297 1764 1328 ⁴·

150 1417 151 1424 κ
270 1385 357 1436 tatem
380 1379 482 1449 petitus
500 1377 595 1449 inerit,
618 1379 713 1450 quanti
731 1393 765 1436 ea
781 1393 826 1434 res
844 1382 900 1448 est,
924 1379 950 1434 ei
967 1383 1136 1450 praestetur,
1160 1379 1265 1436 soilioet
1282 1396 1343 1436 eum
1363 1381 1398 1436 de
1416 1381 1544 1438 libertate
1563 1382 1624 1437 eius
1641 1397 1703 1438 eon-

272 1468 377 1538 stiterit,
396 1467 424 1522 id
442 1473 484 1524 est
501 1467 597 1538 quanti
615 1465 768 1524 interfuerit
786 1469 845 1524 eius
863 1467 898 1524 de
917 1472 991 1524 statu
1010 1482 1061 1524 suo
1076 1484 1173 1525 rursus
1191 1483 1245 1525 non
1263 1470 1410 1540 per-iolitari
1428 1475 1456 1525 et
1474 1475 1589 1541 propter
1602 1471 1702 1542 impen-

272 1557 326 1627 dia,
344 1571 415 1628 quae
432 1556 461 1611 in
478 1557 553 1612 litem
572 1554 675 1612 feeerit.
703 1557 753 1612 sed
765 1554 858 1612 Labeo
876 1560 978 1612 eertam
995 1573 1129 1613 summam
1142 1557 1424 1628 eomprehendendam
1437 1558 1624 1630 existimabat,
1641 1559 1703 1629 quia

273 1646 426 1702 aestimatio
443 1645 578 1702 libertatis
596 1647 631 1702 ed
649 1644 783 1702 infinitum
802 1645 1004 1703 extenderetur.
1032 1661 1066 1702 ex
1085 1662 1140 1718 qno
1157 1651 1249 1704 autem
1261 1647 1388 1704 dominus
1399 1653 1490 1704 ratum
1504 1663 1560 1704 non
1571 1647 1701 1718 babuerit,
1718 1657 1740 1700 rs

273 1735 406 1792 eommitti
424 1733 533 1791 uidetur
550 1735 703 1806 stipulatio,
727 1735 778 1791 sed
796 1750 850 1791 non
869 1740 933 1791 ante
951 1751 986 1792 ex
1004 1750 1039 1791 ea
1056 1736 1102 1806 agi
1119 1737 1234 1807 poterit,
1258 1751 1339 1807 quarn
1357 1737 1392 1793 de
1410 1736 1538 1792 libertate
1556 1738 1701 1794 iudioatnm

273 1822 362 1894 fuerit,
381 1824 453 1894 quia,
472 1823 496 1878 si
513 1839 610 1880 seruus
628 1825 665 1880 sit
683 1824 828 1896 indisertus,
847 1824 950 1880 inutilis
968 1823 1001 1880 fit
1017 1825 1167 1896 stipulatio,
1185 1841 1247 1882 oum
1266 1831 1302 1896 et,
1321 1826 1344 1881 si
1362 1840 1418 1897 qua
1435 1827 1473 1882 sit
1484 1825 1646 1897 aetio-eam
1657 1826 1700 1883 de

272 1913 346 1970 mino
365 1912 518 1982 munitiore
535 1913 709 1984 intellegitur.

236 2001 255 2061 9
326 1999 477 2058 Uerrertue
499 1999 568 2058 libro
592 2017 664 2058 nono
687 2001 722 2058 ad
745 2002 873 2058 edietum
911 2001 998 2058 sotor
1020 2018 1038 2059 a
1060 2006 1151 2060 tutore
1174 2002 1257 2060 datus
1274 2003 1431 2060 omnimodo
1450 2007 1547 2060 oauet:
1580 1998 1699 2072 ῖεῗιιῗε
1722 2007 1742 2062 K

273 2095 350 2149 aeter
367 2091 487 2148 eiuitstis
505 2105 556 2148 neo
573 2091 632 2164 ipse
650 2095 745 2162 oauet,
763 2106 814 2148 nee
832 2091 964 2162 magister
982 2091 1180 2164 amaenitatis,
1199 2107 1250 2148 neo
1267 2098 1377 2148 enrater
1394 2091 1474 2150 bonis
1492 2107 1630 2150 consensu
1647 2108 1698 2150 ore
1713 2103 1734 2144 rr

273 2181 391 2239 ditorum
409 2180 500 2237 datus.

218 2270 257 2330 10
326 2271 403 2328 luem
420 2270 489 2326 libro
507 2269 694 2339 octogensimo
712 2269 748 2325 ad
765 2267 895 2326 edietum.
922 2269 1062 2326 Interdum
1081 2283 1115 2326 ex
1134 2269 1315 2326 oonuentioue
1332 2270 1474 2340 stipulatio
1486 2287 1529 2327 ra·
1549 2264 1697 2354 ῌΓεζιῖῖο
1718 2272 1738 2329 li

273 2367 330 2418 tam
349 2376 406 2416 rem
424 2359 559 2431 interponi
577 2360 657 2430 solet,
674 2363 706 2416 ut
723 2363 792 2430 puta
809 2359 833 2415 si
850 2359 916 2430 quid
934 2364 1094 2430 proourator
1112 2364 1161 2414 aut
1177 2359 1281 2416 uendat
1297 2363 1346 2414 aut
1363 2360 1435 2416 lueet
1446 2365 1498 2416 aut
1509 2361 1533 2416 si
1545 2345 1697 2422 sfodra&
1715 2405 1717 2408 -

218 2450 253 2508 11
326 2451 585 2507 Hnseoennrrrus
606 2446 676 2504 libro
694 2452 773 2504 sexto
791 2448 857 2504 iuris
876 2449 1065 2519 epitomarum.
1096 2449 1141 2504 uel
1158 2448 1306 2519 proteritur
1322 2450 1367 2504 uel
1386 2448 1529 2520 quodlibet
1547 2443 1694 2535 [affin
1709 2451 1738 2506 'l’

273 2539 348 2597 aliud
365 2539 474 2596 nomine
492 2537 614 2596 absentis
632 2538 715 2608 gerit:
1708 2547 1727 2589 ss

218 2628 255 2686 12
326 2626 476 2684 Unsrerus
493 2627 563 2684 libro
580 2627 769 2698 ootagensimo
787 2626 822 2682 ad
841 2625 969 2682 edietum.
996 2641 1051 2696 quo
1069 2626 1141 2682 enim
1156 2626 1257 2682 tutiore
1268 2626 1328 2682 looo
1340 2627 1385 2697 sit,
1403 2628 1451 2697 qui
1463 2643 1529 2685 oon·
1562 2621 1732 2712 ffffli

242 2729 254 2774 1
273 2715 357 2772 trabit
374 2715 409 2772 de
427 2721 487 2774 rato
505 2717 574 2772 solet
591 2717 724 2788 stipulari.
754 2717 822 2772 Rem
840 2715 950 2772 heberi²
969 2719 1057 2772 ratam
1075 2715 1127 2772 boo
1144 2721 1188 2772 est
1203 2716 1380 2786 comprobare
1392 2717 1618 2790 adgnoscereqne
1629 2715 1693 2788 quod

241 2811 367 2862 eertum
385 2810 429 2862 est
446 2822 464 2862 a
479 2805 550 2863 salso
568 2809 752 2877 proouratore.
788 2805 908 2862 lulianus
927 2805 966 2861 ait
984 2805 1125 2876 interesse,
1144 2805 1254 2876 quando
1272 2805 1398 2862 dominns
1416 2822 1458 2862 ra·
1492 2819 1534 2866 im
1547 2819 1694 2876 1).se‚art

273 2901 330 2952 tam
353 2893 454 2952 babere
477 2895 591 2952 deberet
612 2895 775 2952 solutionem
798 2894 826 2949 in
844 2899 1046 2966 procuratorem
1065 2893 1179 2965 laetam,
1204 2896 1257 2950 an²
1274 2899 1340 2952 tune
1358 2895 1484 2966 demum,
1508 2899 1694 2968 cumprimum

274 2986 374 3042 eertior
391 2983 481 3042 iaetus
499 2990 581 3042 esset.
610 2983 662 3040 hoo
680 2988 772 3040 antem
790 2982 820 3040 ir
839 2983 925 3040 raiae
945 2983 1133 3055 reeipiendum
1151 2988 1180 3040 et
1197 2999 1259 3040 eum
1277 2984 1395 3055 quodam
1408 2986 1500 3056 spatio
1511 2987 1694 3058 temporisne
1706 2991 1723 3033 o

275 3075 387 3132 minimo
404 3089 456 3131 neo
473 3075 592 3130 maximo
610 3079 639 3130 et
655 3073 729 3144 quod
747 3073 837 3144 magis
853 3073 991 3128 intellectu
1003 3073 1115 3144 percipi,
1134 3087 1217 3143 quam
1229 3075 1382 3130 eloeutlons
1394 3075 1513 3146 exprimi
1522 3077 1620 3146 possit
1631 3068 1693 3161 Q

275 3163 341 3235 quid
360 3179 441 3235 ergo,
460 3165 496 3234 si,
516 3163 590 3234 quod
608 3163 697 3234 primo
715 3167 803 3218 ratum
823 3177 877 3218 non
895 3160 1003 3232 babuit,
1022 3166 1119 3233 postea
1136 3161 1248 3220 babebit
1265 3163 1374 3220 ratum?
1403 3163 1489 3220 nihilo
1508 3166 1597 3236 surgis
1616 3163 1627 3236 ΙΙ
1642 3177 1692 3236 pro
1704 3150 1749 3214 lili

274 3253 356 3310 fioere
374 3253 409 3308 ad
426 3253 627 3324 impediendam
646 3253 780 3308 sotionem
791 3249 875 3307 'suam
894 3256 922 3306 et
940 3250 977 3306 ob
993 3251 1035 3322 id,
1059 3251 1133 3322 quod
1150 3252 1238 3323 primo
1256 3267 1310 3309 non
1327 3252 1425 3310 babuit
1441 3259 1549 3326 ratum,
1572 3255 1690 3310 adonem

275 3343 380 3400 saluam
399 3341 500 3404 habere
518 3343 565 3398 ait.
592 3341 709 3412 ideoque
727 3341 765 3412 ei,
783 3341 858 3411 quod
875 3341 1044 3412 procuratori
1062 3339 1152 3398 luerat
1168 3343 1300 3413 solutum,
1319 3343 1456 3414 exegerit,
1476 3345 1524 3415 agi
1541 3343 1650 3414 perinde
1664 3355 1690 3396 er

274 3447 309 3490 ea
326 3433 501 3503 stipulatione
518 3431 627 3502 poterit,
646 3445 679 3486 ao
697 3431 721 3486 si
739 3434 827 3486 ratum
846 3429 947 3486 habere
965 3445 995 3486 se
1012 3435 1110 3501 postea
1126 3445 1181 3488 non
1199 3431 1321 3488 dixisset.
1349 3431 1399 3488 sed
1416 3446 1471 3504 ege
1489 3437 1559 3504 puto
1571 3431 1720 3503 exeeptiolt

242 3531 256 3576 a
274 3536 337 3578 nem
361 3520 417 3576 doli
434 3521 498 3577 mali
515 3521 605 3577 loeum
623 3519 786 3576 babituram.
823 3518 888 3574 Siue
906 3520 967 3589 qum
985 3524 1062 3590 petat
1079 3520 1138 3576 sine
1157 3523 1380 3592 oompensatioue
1397 3527 1506 3594 utatur,
1530 3521 1691 3580 summittitur

275 3611 367 3668 setim
385 3615 473 3666 ratam
491 3626 548 3666 rem
567 3609 706 3664 domiuum
725 3608 880 3666 habitururn
899 3609 1051 3678 stipulatio:
1076 3625 1139 3666 nam
1156 3611 1380 3684 qualiterqualiter
1396 3613 1459 3683 quis
1478 3613 1598 3670 eundem
1614 3615 1689 3669 semu

275 3704 413 3771 retrudet,
430 3699 477 3770 qui
495 3715 513 3754 a
529 3703 705 3770 procuratore
723 3703 801 3756 aetus
819 3702 870 3768 est,
889 3698 1021 3754 oommitti
1039 3699 1242 3769 stipulationem
1260 3704 1376 3770 oportet.

219 3789 257 3848 13
327 3791 447 3846 Psunue
469 3787 537 3844 libro
562 3787 783 3858 septuagensimo
804 3793 883 3843 sexto
900 3787 936 3842 ad
954 3787 1083 3843 edietum.
1119 3787 1149 3844 Si
1167 3789 1311 3844 oommissa
1328 3793 1372 3844 est
1389 3789 1532 3860 stipulatio
1551 3779 1723 3874 [ffli

275 3881 363 3936 ratam
387 3894 444 3934 rem
469 3878 609 3936 dominum
631 3875 801 3948 habiturum,
825 3877 852 3933 in
874 3881 980 3932 mnium
1005 3877 1146 3948 oompetit,
1169 3877 1352 3947 inquantum
1375 3892 1439 3934 mee
1455 3879 1595 3950 interfuit,
1617 3879 1643 3936 id
1656 3877 1718 3931 ostii

243 3978 256 4023 1
276 3973 407 4040 qnantum
426 3967 491 4024 mibi
509 3966 588 4024 abest
605 3972 791 4038 quantumque
810 3966 907 4022 luerari
925 3967 1010 4037 potui.
1037 3965 1067 4024 st
1085 3967 1143 4023 siue
1158 3966 1248 4024 iudioe
1258 3967 1429 4040 presuratori
1439 3967 1564 4040 legatum
1578 3969 1688 4030 soletur,

276 4067 369 4114 tauers·
386 4056 487 4113 debere
504 4057 670 4127 Pomponius
688 4056 735 4112 ait.
811 4051 813 4060 '

220 4146 258 4204 14
328 4147 407 4201 lnnrr
427 4145 496 4202 libro
519 4147 600 4202 tertio
624 4146 661 4202 ad
678 4146 823 4201 Plautium.
859 4144 889 4201 st
912 4146 974 4216 quis
998 4146 1045 4202 uni
1068 4161 1104 4202 ex
1121 4145 1175 4202 reis
1192 4144 1349 4217 promiserit
1365 4161 1424 4202 rem
1442 4152 1532 4204 ratam
1550 4134 1689 4231 [Q
1708 4137 1724 4198 i

275 4235 416 4292 dominnm
439 4235 594 4291 habiturum
616 4238 665 4291 aut
685 4235 801 4306 amplius
819 4249 879 4290 eam
898 4250 953 4291 non
970 4236 1041 4306 peti,
1063 4235 1208 4294 dieeudnm
1227 4240 1271 4291 eet
1287 4235 1494 4306 stipsdatiouem
1513 4237 1654 4306 oommitti,
1671 4229 1689 4286 tl

275 4324 311 4382 ab
329 4340 363 4382 eo
380 4328 498 4397 petatur,
516 4325 563 4396 qui
580 4324 703 4380 eiusdem
721 4323 896 4396 obligationis
912 4325 1004 4381 sooius
1022 4329 1072 4382 eet
1703 4325 1722 4369 ⁸⁵

276 4431 466 4503 MYMOU)

276 4595 285 4630 ¹
305 4590 406 4648 habete
424 4593 502 4660 (edd)
573 4593 646 4663 'aul
665 4600 805 4665 requiritur·
825 4595 854 4648 et
870 4591 909 4648 ait

277 4749 839 4819 lna'n'otnsF21ad'b'exhibendumF‘
883 4750 960 4808 the
1013 4749 1694 4823 20magisteruninersitatis]inposcrboricisl·

275 4822 334 4879 beri
352 4823 378 4876 F
433 4823 600 4893 Braturele]
620 4825 749 4880 natureae
767 4824 802 4878 Ε*
861 4825 960 4881 ileon·
1013 4823 1222 4890 eocBiriaoe)
1276 4825 1310 4879 31
1329 4825 1485 4882 elooatione
1503 4827 1539 4880 F¹
1593 4827 1627 4882 el
1644 4837 1695 4896 pet

275 4895 436 4950 maeoniam
455 4895 491 4947 F¹
507 4896 512 4962 Ι
527 4895 683 4966 imponeF¹
733 4897 766 4952 11
785 4895 961 4966 perreritr’
1012 4894 1087 4966 inde]
1105 4896 1150 4960 Ρ,
1167 4893 1282 4966 proinde
1300 4895 1337 4948 F’
1390 4895 1426 4952 et
1444 4897 1563 4966 qualiter
1580 4891 1693 4968 qualiter!

277 4967 311 5022 12
328 4967 537 5024 eonstitueritF
584 4967 618 5022 13
635 4965 805 5024 in⁴teriuerit
818 4967 854 5020 Γ*
870 4968 875 5034 Ι
890 4968 960 5037 peri·
1012 4976 1050 5024 sir
1076 4967 1137 5022 ilat.
1162 4986 1219 5022 eam
1247 4967 1290 5022 B:
1320 4965 1510 5035 bumcbr'ruore,
1539 4969 1653 5042 qualiter
1678 4963 1701 5020 i

276 5038 369 5094 elitere
382 5039 416 5093 F¹
463 5039 496 5094 19
514 5038 691 5109 adedietum]
706 5039 961 5110 parturiamus*
1013 5040 1046 5094 41
1065 5038 1162 5097 leotari
1180 5038 1215 5092 F¹
1268 5038 1305 5094 42
1323 5053 1424 5096 eruere
1443 5040 1471 5094 F
