3638 5460
109 257 374 308 mmm
777 235 862 318 237
1227 241 1361 310 XXXVI
1383 245 1400 309 1
1423 249 1538 306 m-ns

109 397 232 470 partibus
248 397 365 455 heredes
382 397 477 469 seripti
495 413 599 468 aequae
615 402 709 468 partes
727 398 792 456 dare
810 399 951 470 iubentur,
976 408 1090 471 propius
1114 405 1170 471 est,
1194 405 1225 456 ut
1243 401 1336 456 uitilea
1353 401 1474 472 reoipere
1492 401 1537 458 de·

108 486 205 544 mant:
223 488 248 544 si
264 501 331 545 uero
349 502 457 544 summa
473 487 606 558 peouniae
618 486 866 559 dandaeoongruit
876 488 1055 560 portionibus,
1073 487 1252 546 hereditarias
1263 490 1403 562 portiones
1415 492 1539 562 aooipere

108 575 258 636 debebunt

45 665 88 744 tt)
161 669 342 724 Parmmrsue
367 665 437 723 libro
463 666 558 738 quinto
581 667 688 724 deoimo
709 667 910 738 quaestionum.
952 667 1160 737 Nonnumquam
1188 671 1280 724 autem
1306 685 1342 725 ex
1365 664 1539 753 W
1558 671 1599 725 *P

107 757 251 814 uoluntate
267 757 344 814 uarie
361 757 522 826 resoriptum
540 761 567 812 et
582 756 733 814 iudioatum
751 759 802 828 eat,
820 756 949 813 uidelioet
966 757 990 812 si
1007 771 1063 813 non
1074 755 1126 813 sub
1138 759 1320 828 appellatione
1331 758 1471 829 heredum,
1489 758 1539 814 aed
1557 765 1571 806 t

105 847 225 919 propriis
241 845 397 904 nominibus
413 846 553 917 expressis
570 844 809 902 hdeioommiaeum
827 847 1003 916 relinquatur.
1159 849 1160 852 ’

45 933 86 1012 tt)
160 937 303 993 leuues
319 935 390 992 libro
405 936 567 1006 trigensimo
585 949 658 993 nono
676 935 854 1006 digestorum.
887 935 1003 1002 Quidam
1020 936 1061 991 ita
1078 940 1243 992 testamento
1261 937 1345 1007 serip-
1363 931 1538 1021 Q
1571 939 1592 994 S

105 1029 195 1082 aeret:
219 1024 244 1080 'a
259 1029 303 1096 te,
325 1024 418 1096 heres,
436 1031 501 1096 peto
518 1023 637 1096 fideiqne
659 1030 725 1080 brae
747 1024 901 1095 oommitto‚
924 1028 956 1082 ut
978 1026 1112 1096 quidquid
1135 1041 1170 1082 ex
1193 1025 1345 1082 hereditate
1365 1041 1430 1082 mea
1451 1027 1488 1082 ad
1509 1031 1538 1082 te

105 1113 295 1186 'pediueuerib
317 1112 374 1170 hiio
391 1129 453 1172 meo
470 1115 559 1186 prima
575 1129 685 1185 quaque
702 1113 747 1169 die
765 1120 827 1185 aut,
851 1114 876 1170 si
897 1114 973 1184 prius
997 1115 1112 1186 quid·ei
1135 1115 1278 1186 wederit,
1302 1115 1383 1171 matri
1405 1115 1464 1171 eius
1488 1115 1538 1172 des
1555 1117 1628 1166 tiit

105 1202 232 1260 'reddas‘.
257 1203 410 1280 quaeritur,
433 1219 496 1260 oum
514 1209 661 1274 antequam
679 1202 794 1260 adeatur
811 1201 949 1260 hereditas
971 1219 1040 1274 puer
1057 1204 1219 1274 deoeseerit,
1244 1217 1280 1260 an
1297 1202 1537 1260 fideieommissum
1557 1212 1586 1252 ¹⁰

104 1295 188 1350 matri
206 1291 348 1350 debeatur.
374 1293 516 1365 respondi,
539 1295 563 1350 si
581 1307 662 1364 puer,
685 1297 832 1363 antequam
850 1291 910 1350 dies
927 1291 1132 1350 tideioommissi
1149 1291 1243 1364 nodat,
1266 1292 1444 1364 deoesshset,
1461 1292 1537 1350 tidei-

103 1384 283 1440 oommissum
299 1383 463 1440 transistum
485 1397 548 1440 esse
565 1381 601 1438 ad
619 1385 748 1452 matrem,
772 1387 869 1452 postea
891 1387 983 1438 autem
1007 1397 1090 1452 quam
1114 1382 1173 1438 dies
1196 1381 1399 1442 hdeioommiasi
1422 1383 1538 1440 aedit-si

103 1473 270 1542 domuerit,
294 1471 330 1528 ad
352 1471 480 1530 heredem
501 1471 580 1542 pueri
602 1469 1014 1542 fideioommisaumpartinere.
1040 1471 1092 1530 sed
1113 1488 1148 1527 an
1172 1485 1206 1528 ea
1228 1472 1357 1528 uoluntas
1378 1471 1431 1528 fuit
1452 1473 1538 1544 patris

103 1561 237 1633 famniae,
254 1566 299 1632 ut,
317 1561 342 1616 si
359 1565 423 1618 ante
440 1561 597 1616 restitutum
613 1559 855 1617 fideioommissnm
872 1573 941 1631 puer
958 1561 1135 1633 decessisset,
1154 1562 1235 1618 matri
1252 1561 1345 1632 potius
1362 1577 1444 1632 quam
1461 1562 1538 1618 here-

103 1651 189 1710 dibus
211 1655 409 1722 praestaretur,
435 1653 547 1720 praetor
570 1649 728 1706 aestimabit
750 1665 786 1706 ex
808 1665 926 1721 persona
951 1651 1046 1706 matris
1073 1656 1102 1708 et
1124 1667 1160 1708 ex
1181 1666 1301 1722 persona
1322 1649 1430 1706 heredis
1451 1653 1585 1722 possiti

103 1741 301 1798 mantue:
324 1739 533 1796 sedtestatoria
550 1739 685 1796 uoluntati
708 1755 859 1810 oongruum
883 1744 939 1810 est,
963 1740 1195 1812 quaudooumque
1208 1727 1277 1812 puer
1294 1739 1456 1811 decesserit,
1479 1741 1538 1796 siue

104 1839 254 1902 antequam
272 1829 332 1886 dies
348 1827 552 1886 ddeioommissi
569 1829 643 1884 eadit
660 1829 720 1884 sine
742 1833 854 1900 postes,
877 1828 912 1885 nd
935 1835 1050 1886 matrem
1070 1828 1213 1888 eambrri
1236 1828 1490 1900 fideioommissum,
1513 1830 1539 1886 si

71 1935 85 1979 ι
103 1937 162 1979 non
178 1922 235 1977 iam
252 1933 322 1992 puer
339 1917 391 1976 hoo
408 1918 554 1989 aooeparit,
570 1933 660 1989 eoque
677 1918 736 1974 iure
754 1919 864 1975 utimur:
897 1918 927 1974 si
944 1933 1027 1975 seruo
1043 1919 1144 1975 herede
1162 1919 1263 1989 aoripto
1281 1919 1408 1974 murinus
1425 1925 1538 1989 rogatos

71 2023 87 2069 a
104 2016 150 2066 est
167 2009 256 2066 eidem
274 2023 356 2064 seruo
373 2007 518 2063 restituere
534 2006 724 2078 hereditatem,
742 2023 805 2064 oum
822 2007 991 2078 liberasset,
1009 2009 1076 2064 utile
1093 2007 1333 2064 fldeioommissnm
1351 2011 1404 2063 eat.
1429 2005 1460 2064 Si
1477 2009 1538 2079 quis

103 2099 191 2156 titium
209 2113 290 2154 auum
307 2111 343 2154 ex
360 2111 424 2154 asse
439 2095 569 2153 hmedem
586 2097 705 2167 instituit
727 2102 759 2153 et
773 2096 917 2168 oedioiihs,
939 2111 1010 2168 quoe
1031 2102 1096 2167 post
1119 2102 1233 2153 mortem
1256 2095 1305 2152 tbi
1328 2097 1427 2167 aperiri
1449 2098 1537 2171 iussit,
1556 2106 1585 2148 ao

104 2187 171 2246 fidei
187 2189 248 2244 eius
265 2187 410 2258 oommisit,
427 2191 467 2256 nt,
484 2185 509 2242 si
527 2185 586 2242 siue
603 2185 696 2243 liberie
713 2185 870 2257 deoesserit,
889 2186 1069 2242 hereditatem
1087 2199 1166 2243 suam
1183 2187 1270 2243 sorori
1287 2201 1355 2242 suae
1372 2187 1537 2259 restitueret,
1556 2211 1557 2216 ¹

70 2331 74 2338 .
104 2283 135 2335 et
149 2276 225 2334 filius
243 2291 305 2334 eum
322 2276 418 2347 sehet,
436 2274 511 2346 quod
528 2276 557 2331 in
574 2275 706 2332 oodioiitis
723 2277 854 2347 seriptum
872 2281 954 2346 esset,
973 2274 1096 2332 Stichum
1114 2291 1225 2332 seruum
1242 2274 1436 2332 hereditarium
1454 2281 1537 2334 nata

104 2373 199 2425 mento
217 2381 268 2424 suo
285 2365 401 2424 liberum
418 2379 481 2422 ease
498 2365 592 2422 iussit:
615 2365 731 2422 heredes
752 2363 801 2422 iiiii
823 2366 940 2436 pretium
962 2365 1022 2422 eius
1044 2365 1118 2422 serui
1139 2364 1226 2422 sorori
1250 2362 1379 2424 defuncti
1395 2369 1536 2435 praestare

103 2456 209 2514 debent
231 2454 359 2512 libertate
379 2453 474 2512 iauore
497 2455 541 2510 sui
563 2459 682 2511 seruata
709 2455 762 2512 boe
779 2455 898 2525 amptius
914 2458 944 2510 et
960 2453 986 2510 si
1002 2456 1156 2526 ignorasset
1178 2454 1250 2510 filius
1267 2454 1407 2510 oodioiilos
1425 2459 1537 2525 epatre

103 2545 203 2618 home,
221 2545 305 2602 nihilo
322 2545 413 2602 minus
429 2543 546 2600 heredes
562 2545 623 2600 eius
640 2545 759 2615 pretium
776 2550 918 2615 praestare
935 2543 1088 2616 debebunt,
1109 2559 1146 2599 ue
1161 2542 1265 2600 foetum
1280 2544 1441 2614 *autumnum
1458 2546 1537 2602 alteri
1556 2552 1585 2595 aa

73 2635 237 2693 tdamnnm
255 2633 372 2692 adierat
407 2631 463 2690 Sed
480 2634 551 2690 etei
568 2649 666 2690 seruus
683 2634 736 2690 isto
756 2649 774 2689 a
790 2633 951 2704 Sempronio
974 2633 1054 2690 heres
1076 2634 1218 2690 institutus
1240 2634 1278 2689 sit
1299 2633 1415 2704 eamque
1432 2633 1536 2694 heredi·

104 2729 207 2798 tatem,
232 2729 413 2795 posteaquam
436 2737 472 2779 ex
492 2727 660 2779 teatamemo
682 2721 774 2780 fratris
797 2723 833 2780 ad
855 2722 1015 2780 libertatem·
1031 2729 1211 2794 peruenerat,
1239 2721 1349 2793 adierit,
1377 2722 1536 2782 hereditatis

104 2829 217 2889 quoqne
234 2813 451 2872 medonem
469 2811 585 2869 heredes
602 2810 695 2870 framis
712 2813 799 2868 sorori
823 2811 883 2868 eius
905 2817 1049 2882 praestare
1067 2810 1183 2884 dehent,
1205 2821 1283 2884 quta,
1306 2813 1330 2868 si
1353 2815 1536 2872 manumissus

104 2920 160 2962 non
177 2909 261 2976 emet,
279 2903 357 2960 insen
375 2901 495 2958 mutiens
513 2901 589 2960 adire
606 2895 668 2960 eam
685 2903 830 2973 potuisset
858 2902 882 2956 si
899 2915 966 2958 uero
984 2901 1098 2957 uiuente
1113 2899 1169 2956 titio
1181 2900 1361 2971 'Sempronius
1377 2901 1535 2976 doooase'riq

104 2994 243 3052 hereditas
260 2993 289 3050 in
305 3007 393 3050 eausa
408 2989 612 3050 hdeioommissi
629 3007 684 3048 non
701 2991 894 3048 dedueeretur:
913 2991 1015 3062 quippe
1032 2989 1068 3047 ab
1085 2991 1146 3061 ipso
1161 2988 1216 3048 filio
1228 2990 1305 3048 adire
1321 2992 1413 3048 iussus
1430 2992 1535 3054 benedt
1554 3003 1583 3046 eo

104 3089 191 3142 tatem
209 3083 237 3140 ei
254 3081 418 3154 adquireret
509 3117 511 3122 .
530 3107 531 3112 κ
1088 3087 1089 3092 ’
1203 3111 1204 3116 1

45 3167 90 3248 6)
157 3175 279 3231 Pennus
301 3170 371 3228 iibro
392 3171 524 3242 singulari
546 3169 581 3249 de
606 3175 730 3226 senatus-
741 3169 880 3226 oonsultis.
922 3169 1056 3226 Omnibus
1075 3167 1247 3240 deitatibus,
1270 3184 1341 3240 quae
1361 3166 1535 3256 [We
1569 3177 1605 3233 S·

105 3261 158 3322 tob
179 3263 294 3334 imperio
316 3261 411 3332 populi
433 3261 550 3318 Romani
572 3265 648 3330 sunt,
675 3260 783 3318 restitui
809 3258 911 3316 debere
937 3265 1069 3330 etposse
1091 3257 1271 3314 hereditatem
1296 3249 1534 3318 fideieommffl

105 3352 293 3424 apronianum
311 3355 424 3408 aeneum
441 3351 596 3408 oonsultrrm
612 3348 698 3405 iubet.
726 3349 776 3406 sed
792 3353 822 3405 et
839 3349 961 3405 sationes
979 3347 1007 3404 iu
1025 3363 1073 3404 eas
1090 3347 1430 3420 praemeditatorium
1447 3355 1534 3408 trans·

106 3440 182 3499 ierri:
199 3440 250 3498 sad
267 3439 419 3510 municipes
437 3435 474 3496 od
491 3455 539 3496 eae
556 3440 738 3496 admittuntur
1554 3442 1583 3484 to

45 3517 91 3602 ⁷)
156 3531 300 3586 immarus
315 3527 385 3586 hbro
402 3529 633 3600 quadragensimo
649 3529 827 3600 digestorum.
854 3528 904 3584 ita
920 3529 1037 3596 ament,
1055 3531 1088 3582 ut
1105 3525 1134 3581 hs·
1150 3525 1250 3596 quibus
1267 3527 1344 3583 resti·
1362 3514 1536 3605 Q
1567 3525 1589 3582 S

79 3625 90 3670 1
106 3623 197 3676 tuetur
205 3617 344 3674 hereditas
354 3623 474 3675 satorem
487 3620 590 3690 eligant
601 3624 630 3676 et
641 3617 677 3674 ad
689 3617 826 3689 agendum
838 3621 867 3673 et
878 3615 915 3672 ed
926 3615 1102 3686 exeipieudaa
1114 3617 1244 3673 aetianos.
1262 3616 1292 3674 Si
1324 3629 1374 3676 (tsi.
1381 3629 1396 3675 1.
1405 3631 1435 3678 eo
1440 3616 1535 3687 't‘ssst

106 3721 215 3766 seruum
233 3707 427 3764 bereditarium
445 3707 537 3779 hem,
555 3709 603 3779 qui
619 3712 734 3764 ooaotrra
751 3705 862 3778 adierit,
883 3706 1010 3762 iussisset
1026 3705 1103 3762 adire
1120 3704 1299 3762 hereditatem
1317 3705 1353 3762 ab
1371 3707 1424 3764 aiio
1445 3695 1535 3764 eidem

105 3811 186 3855 seruo
202 3795 325 3854 relietum
343 3801 373 3852 et
389 3801 456 3854 tuno
472 3796 661 3868 hereditatem,
678 3811 761 3868 quam
779 3800 935 3866 suspeotam
953 3793 1005 3851 sibi
1022 3809 1085 3852 esse
1096 3793 1211 3867 dixerat,
1223 3796 1387 3867 restituerit,
1405 3797 1535 3854 anetiem

106 3901 165 3944 eam
182 3885 372 3956 hereditatem,
389 3900 461 3956 quae
477 3901 527 3958 per
544 3903 654 3944 seruum
670 3884 811 3956 adquisita
827 3890 909 3955 emet,
926 3884 1071 3942 restituere
1088 3883 1209 3955 deberet,
1227 3883 1381 3955 quaesitum
1400 3889 1451 3942 est.
1479 3885 1535 3944 dixi
1553 3896 1582 3938 ro

82 4039 88 4060 ἱ
105 3992 159 4035 uon
176 3976 266 4046 magis
283 3973 354 4030 hano
371 3973 551 4032 hereditatem
568 3977 597 4032 in
614 3975 815 4032 restitutionem
832 3974 938 4044 uenire,
963 3989 1046 4044 quam
1068 3973 1144 4043 quod
1160 3989 1257 4030 seruus
1275 3973 1456 4032 hereditarius
1472 3982 1536 4047 post

105 4065 207 4123 aditam
224 4063 404 4120 hereditatem
416 4065 562 4148 stipulatus
573 4063 671 4121 fuisset
680 4072 726 4120 aot
736 4079 786 4134 per
796 4063 969 4120 traditionem
981 4063 1134 4132 aooopieset
1145 4069 1193 4118 aut
1206 4061 1320 4135 fruetus,
1338 4065 1432 4134 quiex
1450 4062 1534 4152 Q

104 4155 186 4212 rebus
203 4153 375 4212 hereditariis
392 4153 514 4226 percepti
531 4153 661 4225 subsunt,
685 4153 781 4224 utique
799 4153 823 4208 si
841 4153 914 4210 nulla
931 4169 1008 4210 mora
1031 4151 1242 4210 fideicommissa
1260 4151 1334 4208 faeta
1352 4149 1458 4212 fuisset.
1485 4156 1535 4216 sed

105 4243 212 4316 siquid
230 4249 295 4300 auto
313 4244 416 4301 aditam
434 4243 613 4301 hereditatem
631 4258 728 4300 seruus
751 4242 898 4313 stipulatus
921 4239 1019 4300 suisset
1040 4247 1090 4300 aut
1111 4259 1160 4314 per
1182 4241 1356 4302 traditionem
1374 4245 1533 4316 aeoepieset,
1605 4309 1606 4313 Ἰ

104 4341 347 4413 rrwnnororr)

105 4485 261 4542 senone
1400 4553 1402 4560 ,

104 4618 265 4690 ipropriua
288 4618 427 4684 reward,
449 4617 526 4689 prius
548 4620 586 4684 D,
608 4619 746 4690 proprium
764 4617 796 4672 K
845 4617 1047 4674 itiadierratF
1081 4617 1478 4688 itiquoquao'o'stimationem
1488 4619 1532 4684 Ρ,

103 4691 165 4746 tat
193 4689 277 4746 esti?
315 4690 579 4761 isortpsoratw
624 4689 790 4759 ieiusdea]
844 4705 953 4760 quoque
967 4690 1185 4745 aestimationem
1199 4687 1266 4760 1²²¹}
1284 4689 1357 4760 quia]
1371 4691 1532 4758 WEQiOK,

103 4761 145 4818 eiu
181 4759 673 4834 emWDEQiOKtenpr-ae.ai.eius)
706 4764 791 4830 line
844 4775 900 4832 qua
922 4761 950 4825 i}
976 4760 1049 4832 quod
1073 4759 1102 4814 D
1160 4762 1199 4816 -33
1221 4759 1478 4818 hdeioommisaam⁴
1496 4761 1532 4816 pu

103 4831 207 4906 ditlffi,
221 4832 351 4890 ossis
392 4835 427 4888 16
439 4833 603 4890 uoluntati‘s'
612 4832 662 4887 1³²¹
705 4835 792 4889 liee-
844 4835 880 4888 36
898 4831 1143 4902 quadragensimo
1159 4834 1200 4901 F!
1215 4832 1253 4903 hi]
1270 4833 1312 4889 hie
1325 4835 1351 4887 F
1397 4835 1532 4890 titatium

103 4903 212 4960 darm
260 4905 296 4960 18
313 4903 507 4961 nerede‘a‘fflt
552 4907 588 4962 ii
605 4903 792 4961 etflhnsoum
845 4919 906 4960 eam
920 4903 980 4959 ‘sihi
998 4919 1059 4960 ease
1076 4901 1184 4960 dixerat
1199 4912 1264 4960 rest.
1278 4903 1532 4960 aretiam'heredi·

103 4977 275 5033 beinthem
294 4975 503 5032 itoodioill‘i’os
512 4976 549 5030 F‘
567 4973 791 5046 refirmasset
843 4981 931 5031 tatem
944 4977 981 5029 F¹
1020 4977 1056 5031 42
1067 4973 1165 5032 hieme
1176 4977 1233 5047 aut]
1248 4975 1423 5042 WD‘EQIO,
1436 4975 1533 5032 inisset

104 5047 275 5120 mnam}
295 5047 330 5114 G,
347 5048 536 5120 eiusquamF,
559 5049 619 5106 eiua
632 5045 797 5114 WDEQIK
847 5045 1076 5114 emissemus,
1091 5065 1139 5103 om.
1153 5055 1218 5105 tntu
1229 5051 1283 5104 atta
1295 5049 1337 5102 D·
1371 5047 1533 5105 usuum
