3608 5460
283 263 461 332 mxliii
483 265 619 331 27-11
958 259 1047 340 624
1428 283 1476 330 na
1498 283 1706 332 nxuasrmus

285 422 384 494 deinde
403 422 580 478 hereditatem
599 425 684 492 petat,
705 423 749 477 uct
767 426 863 478 contra
881 421 904 477 si
923 427 987 476 acte
1004 420 1182 476 hereditatem
1202 421 1311 492 petierit
1328 426 1356 477 et
1373 421 1471 493 postea
1489 421 1612 478 debitum
1628 427 1707 492 petat:

284 529 347 567 narn
373 519 401 567 et
419 511 462 568 hic
481 509 602 566 obstabit
620 511 758 581 exceptio:
783 527 845 566 nam
864 525 926 566 cum
944 509 1124 566 hereditatem
1142 515 1220 582 peto,
1245 517 1274 566 et
1291 527 1406 583 corpora
1423 518 1453 568 et
1471 512 1595 568 actiones
1613 526 1708 580 omnes,

283 617 354 671 qnae
372 601 399 656 in
417 600 570 656 hereditate
588 605 659 669 sunt,
678 599 807 655 uidentur
823 601 851 654 in
869 599 1027 670 petitionem
1046 600 1153 656 deduci.

246 689 265 748 8
337 691 477 747 lucianus
494 688 563 746 libro
581 689 827 759 quinquagensimo
844 689 932 760 primo
950 688 1126 758 digestorum.
1155 690 1223 746 Item
1242 693 1320 760 parte
1338 687 1415 745 fundi
1433 689 1522 760 petita
1536 699 1560 745 n·
1579 683 1709 774 [is-'Eam
1727 695 1752 716 ⁵
1773 694 1802 748 Α

283 778 401 835 familiae
419 778 615 834 herciscundae
634 781 677 834 uei
697 779 834 834 communi
852 777 1003 834 diuidundo
1022 779 1087 849 agit,
1107 793 1194 849 seque
1212 779 1373 849 exceptione
1391 777 1610 836 submonebitur.
1727 789 1776 828 5

247 869 264 927 9
336 868 486 924 Unesanus
504 867 572 924 iibrn
591 867 814 938 septuagensimn
831 867 927 938 quinto
946 867 980 922 ad
996 868 1125 924 edictum.
1153 867 1252 924 Siste
1264 866 1443 924 hereditatem
1456 873 1558 940 petam,
1578 862 1709 954 [ffl
1783 875 1802 928 i

283 973 346 1014 cum
364 957 429 1013 nihii
448 957 610 1028 possideres,
630 956 738 1026 deinde,
756 955 804 1012 obi
823 957 947 1027 coeperis
964 955 1066 1027 ciiqnid
1083 957 1233 1028 possidere,
1252 955 1428 1012 hereditatem
1447 963 1550 1028 petam,
1569 975 1605 1013 an
1619 963 1712 1014 noceat

284 1047 409 1117 exceptio
432 1046 505 1102 ista?
537 1052 566 1101 et
582 1051 689 1116 putem,
716 1046 775 1101 siue
793 1043 845 1100 fnit
863 1045 1012 1102 iudicatum
1031 1045 1209 1101 hereditatem
1229 1061 1319 1101 meam
1338 1062 1414 1116 esse,
1438 1048 1497 1102 siue
1516 1046 1711 1122 aduersarins¹,

251 1149 262 1193 1
283 1137 348 1207 quia
365 1135 431 1192 nihii
448 1134 619 1206 possidebat,
642 1134 784 1190 absolutus
802 1139 853 1204 est,
871 1150 925 1190 nnn
944 1149 1042 1190 nocere
1061 1135 1258 1205 exceptionem.
1295 1135 1324 1191 Si
1343 1136 1404 1206 qnia
1421 1133 1546 1206 fundum,
1564 1151 1645 1206 quem
1663 1151 1710 1205 pn·

283 1223 408 1280 tabutas
427 1225 575 1295 possidere,
594 1223 761 1295 detenderit,
784 1223 848 1280 ibcx
865 1223 974 1278 emerit:
999 1239 1028 1278 re
1047 1223 1196 1279 secundnm
1216 1217 1361 1294 petitorem
1379 1225 1500 1280 indicata
1518 1241 1554 1281 an
1572 1226 1711 1281 maduere
1738 1236 1802 1275 :nr

283 1314 417 1384 cogatur?
443 1317 472 1368 et
489 1314 528 1368 sit
545 1313 681 1382 Neratius,
700 1313 723 1368 si
742 1313 827 1368 actori
845 1313 944 1368 iterum
963 1313 1067 1382 petenti
1085 1311 1219 1368 obiciatur
1231 1315 1356 1384 exceptio
1369 1315 1407 1369 rei
1420 1315 1565 1384 indicatae,
1585 1316 1712 1385 replicare

250 1417 345 1462 teum
368 1407 495 1472 oportere
520 1402 562 1457 de·
578 1417 607 1458 re
630 1401 781 1458 secundom
806 1417 836 1458 se
859 1401 988 1458 iudicata.
1026 1403 1147 1458 lulianus
1165 1402 1260 1458 scribit
1278 1405 1465 1474 exceptionem
1485 1404 1524 1459 rei
1542 1403 1711 1459 iudicataea

282 1507 400 1563 persona
418 1492 537 1547 auctoris
556 1491 591 1546 ad
610 1492 760 1562 emptorem
778 1491 894 1547 transire
913 1491 1009 1561 sciere,
1027 1497 1099 1547 retro
1118 1497 1210 1547 autem
1229 1491 1264 1548 ab
1279 1499 1402 1564 emptore
1414 1492 1450 1547 ad
1463 1499 1602 1549 auctorem
1614 1492 1711 1548 renerd

283 1597 337 1638 non
355 1580 464 1637 debere.
491 1596 575 1651 quare
590 1582 613 1636 si
626 1581 817 1637 hereditariam
829 1595 885 1636 rem
899 1579 1064 1651 condideris,
1082 1596 1135 1651 ego
1148 1581 1263 1637 eaodem
1275 1581 1310 1636 ab
1323 1589 1446 1652 emptore
1457 1583 1562 1653 petiero
1575 1585 1604 1637 et
1616 1583 1710 1650 cicero,

282 1672 385 1742 petenti
403 1669 453 1726 tibi
471 1685 525 1726 non
544 1685 680 1742 opponam
699 1671 888 1741 exceptionem
907 1669 944 1724 'at
961 1669 983 1724 si
1002 1685 1036 1725 ea
1053 1685 1097 1725 res
1115 1670 1236 1726 iudicata
1254 1686 1307 1726 non
1326 1671 1363 1727 sit
1379 1673 1450 1727 inter
1468 1687 1513 1727 me
1531 1677 1560 1727 et
1578 1686 1649 1741 enm,
1669 1669 1710 1726 cni
1754 1675 1802 1718 πᾶ

282 1759 454 1816 ‘uendidisti'.

227 1851 265 1910 10
334 1851 476 1906 lucianus
499 1847 567 1904 iibrc
591 1847 835 1918 quinquagensimo
852 1848 941 1918 primo
959 1847 1135 1920 digestorum.
1172 1849 1241 1905 item
1260 1849 1284 1905 si
1303 1849 1393 1904 nictus
1411 1847 1503 1921 inere,
1526 1853 1558 1906 tu
1591 1844 1710 1916 affl]
1758 1849 1788 1871 ⁴

282 1939 415 1994 aduersus
434 1953 477 1992 me
495 1937 684 2007 exceptionem
703 1952 756 1993 non
775 1935 896 1992 babebis.
1663 1925 1710 1932 “”

125 2093 132 2110 ,
226 2031 261 2088 11
338 2027 486 2084 Uuernuus
508 2025 577 2082 libro
596 2025 819 2098 septuagensimo
836 2027 931 2097 quinto
950 2026 986 2081 ad
1004 2027 1132 2083 edietum.
1170 2027 1199 2083 Si
1217 2031 1305 2082 mater
1321 2024 1370 2082 dlii
1387 2026 1538 2097 impuberis
1556 2022 1709 2111 [Eum—0
1781 2023 1802 2076 Ε

283 2115 406 2172 defuncti
425 2131 459 2172 ex
477 2119 590 2171 senatus
608 2117 732 2172 consulto
750 2115 824 2171 bona
841 2115 1021 2172 uindicauerit
1034 2117 1144 2188 idcireo,
1162 2118 1227 2186 qnia
1239 2115 1355 2186 putabat
1366 2121 1447 2186 rupte
1458 2117 1545 2188 patris
1557 2103 1708 2174 enthea}
1741 2119 1793 2162 ’θ

282 2211 375 2262 mento
397 2205 533 2260 nemiuem
557 2219 619 2261 esse
642 2203 832 2274 substitutum,
857 2205 984 2276 uictaque
1009 2204 1102 2278 inerit,
1126 2207 1191 2276 quia
1211 2209 1404 2262 testamentum
1423 2207 1510 2276 patris
1528 2212 1639 2277 ruptum
1657 2221 1709 2261 non

282 2301 349 2365 erat,
367 2300 464 2366 postea
482 2299 574 2350 autem
593 2295 695 2366 apertis
712 2291 890 2364 pupillaribus
909 2293 1009 2350 tabulis
1027 2295 1153 2366 apparuit
1170 2310 1225 2351 oon
1243 2309 1305 2350 esse
1321 2295 1347 2350 ei
1359 2293 1553 2350 substitutum:
1572 2295 1596 2350 si
1607 2297 1710 2365 peteret

282 2399 376 2440 narsus
399 2383 592 2453 hereditatem,
615 2382 785 2439 obstaturam
810 2383 997 2453 exceptionem
1016 2384 1055 2439 rei
1072 2384 1209 2440 indicatae
1227 2384 1354 2440 Neratius
1372 2385 1418 2440 cit.
1452 2399 1504 2456 ego
1523 2385 1707 2455 exceptionem

282 2473 380 2529 obesse
399 2473 424 2528 ei
442 2472 481 2528 rei
499 2471 636 2528 iudicatae
654 2487 708 2527 non
726 2469 836 2527 dubito:
855 2471 904 2526 sed
923 2487 957 2527 ex
975 2487 1060 2528 causa
1077 2473 1290 2529 succurrendum
1308 2473 1360 2528 erit
1372 2474 1406 2542 ei,
1425 2489 1496 2544 quae
1508 2489 1592 2530 unam
1605 2479 1708 2529 tantum

249 2574 261 2618 1
282 2577 393 2618 causam
417 2561 475 2630 egit
497 2561 571 2630 rupti
594 2560 760 2616 testamenti.
796 2559 922 2631 Denique
946 2565 975 2616 et
993 2561 1089 2618 &laus
1107 2561 1213 2632 scribit,
1237 2563 1260 2618 si
1277 2561 1414 2618 hominem
1432 2563 1552 2633 petiero,
1576 2577 1656 2632 quem
1675 2560 1708 2617 ob
1727 2563 1762 2610 2⁵

282 2667 342 2708 eam
365 2666 422 2706 rem
446 2665 537 2705 mecm
557 2663 618 2705 esre
636 2647 804 2718 existimaui,
828 2648 901 2719 quod
920 2649 985 2705 mihi
1001 2637 1118 2706 traditus
1137 2651 1172 2706 ab
1191 2653 1317 2722 atinent,
1342 2665 1404 2706 cum
1422 2652 1446 2707 is
1465 2655 1474 2722 ΙΙ
1494 2667 1529 2708 ox
1547 2650 1708 2707 hereditaria
1722 2649 1783 2702 ssu

249 2753 264 2797 a
282 2755 367 2796 cansa
385 2753 463 2795 meus
480 2743 562 2809 esset,
581 2752 675 2794 rursus
693 2737 796 2808 petenti
815 2737 880 2792 mihi
898 2737 1067 2796 obstaturam
1085 2740 1283 2811 exceptionem.
1319 2739 1428 2812 Siquis
1447 2745 1538 2796 autem
1556 2745 1636 2812 petat
1651 2738 1707 2796 ion·

283 2828 348 2884 dum
373 2843 453 2884 sunm
472 2843 533 2883 esse
551 2841 597 2898 eo,
622 2827 696 2898 quod
713 2826 803 2882 Titius
821 2841 883 2882 sum
902 2827 954 2884 sibi
971 2829 1128 2900 tradiderit,
1152 2831 1174 2885 si
1193 2835 1291 2900 postea
1308 2830 1361 2885 aiia
1378 2845 1413 2885 ex
1431 2845 1516 2886 cansa
1533 2835 1612 2900 petat
1630 2845 1708 2886 caum

249 2930 264 2975 s
283 2917 403 2987 adiecta,
427 2931 481 2972 non
504 2915 587 2973 debet
604 2915 771 2972 summoneri
788 2916 958 2987 exceptione.
994 2919 1063 2975 item
1081 2919 1202 2974 lulianus
1220 2917 1328 2974 scribit:
1352 2934 1413 2975 cnm
1432 2935 1484 2990 ego
1503 2923 1532 2974 et
1548 2925 1580 2974 tn
1598 2917 1708 2975 bmedes

282 3007 356 3062 'litio
380 3007 594 3075 exstitissemus,
618 3005 642 3060 si
663 3011 693 3060 tu
711 3009 816 3074 partem
834 3003 925 3078 fundi,
949 3023 1029 3078 quem
1048 3011 1136 3064 toturn
1154 3007 1347 3064 hereditarium
1366 3007 1490 3078 dicebas,
1515 3023 1533 3063 a
1550 3006 1708 3078 Sempronio
1724 3015 1745 3058 st

282 3096 393 3166 petieris
413 3101 441 3152 et
458 3096 549 3151 uictus
561 3093 664 3165 'fuerim
687 3109 751 3150 mox
769 3094 883 3151 candem
902 3101 1006 3166 partem
1025 3113 1043 3153 a
1061 3095 1221 3167 Sempronio
1239 3112 1343 3167 emero,
1367 3099 1461 3167 agenti
1478 3096 1529 3152 tibi
1547 3111 1655 3153 mecum
1672 3095 1709 3152 is·

283 3185 373 3240 miliae
396 3183 573 3240 erciscundae
597 3185 722 3254 exceptio
741 3183 875 3254 obstabit,
899 3185 964 3255 quia
980 3201 1024 3242 res
1042 3187 1163 3242 iudicata
1181 3187 1217 3242 sit
1234 3187 1305 3242 inter
1323 3192 1351 3242 te
1369 3192 1398 3242 et
1415 3185 1587 3243 uenditorem
1607 3202 1709 3244 meum:

282 3290 345 3330 nam
365 3279 393 3330 et
411 3275 433 3330 si
452 3275 535 3330 aute²
553 3273 668 3329 eandem
687 3277 792 3344 partem
810 3274 940 3343 petissem
953 3279 1102 3345 etegerem
1115 3274 1234 3330 familiae
1246 3274 1431 3345 erciscundae,
1449 3273 1575 3332 obstaret
1587 3276 1710 3347 exceptio

249 3375 264 3420 t
283 3363 363 3434 'qnod
385 3378 430 3418 res
453 3363 574 3419 indicata
592 3364 629 3419 sit
646 3364 716 3418 inter
734 3377 778 3417 me
796 3367 825 3418 st
841 3361 886 3418 te'.
923 3363 1045 3420 Eandem
1064 3381 1175 3420 causam
1192 3363 1259 3420 iacit
1276 3365 1359 3420 etiam
1377 3365 1456 3434 origo
1473 3365 1642 3436 petitionum.
1670 3379 1711 3420 ce·

282 3458 369 3508 terum
395 3453 418 3507 si
441 3450 519 3508 sorte
534 3453 638 3522 petiero
661 3450 775 3506 fundum
799 3451 843 3506 uel
866 3451 1017 3521 hominem,
1040 3469 1103 3510 mox
1122 3454 1175 3510 etia
1195 3469 1280 3509 cansa
1297 3468 1370 3509 nona
1387 3459 1451 3524 post
1468 3451 1631 3524 petitionem
1648 3453 1713 3509 mihi
1729 3463 1754 3504 ss

282 3541 442 3612 accesserit,
462 3557 533 3612 quac
551 3541 616 3596 mihi
633 3539 782 3596 dominium
801 3539 912 3612 tribuat,
931 3557 985 3598 non
1004 3557 1047 3598 me
1064 3544 1177 3614 repellet
1194 3543 1248 3598 ista
1266 3543 1400 3614 exceptio,
1420 3543 1472 3599 nisi
1489 3541 1561 3600 torte
1579 3543 1713 3599 intermis-

282 3645 342 3686 sum
367 3630 516 3687 dominium
539 3631 567 3686 in
586 3630 676 3686 medio
694 3634 818 3700 tempore
835 3629 916 3685 rediit
933 3631 1050 3701 quodam
1069 3631 1243 3709 postiiminio.
1274 3632 1445 3702 quidecim,
1469 3631 1608 3703 abono,
1631 3646 1713 3702 quem

281 3721 423 3790 petieram,
441 3719 477 3775 cb
495 3718 619 3774 hostibus
637 3718 719 3774 haesit
730 3725 836 3789 captus,
856 3735 919 3775 mox
932 3722 1095 3789 postliminio
1108 3723 1254 3791 receptus?
1280 3721 1323 3777 hic
1335 3723 1497 3792 exceptione
1509 3720 1713 3790 snnnccebcr,

281 3809 346 3880 quia
363 3809 460 3864 eadem
478 3823 522 3864 res
540 3823 601 3864 esso
619 3808 792 3877 intellegitur.
820 3812 850 3864 at
867 3808 890 3862 si
909 3823 943 3864 ex
961 3809 1016 3864 alia
1033 3825 1117 3865 causa
1135 3809 1283 3866 dominium
1302 3809 1398 3867 inerim
1411 3816 1517 3881 nactus,
1536 3825 1593 3866 nnn
1605 3808 1715 3880 nocebit

281 3899 419 3970 exceptio:
438 3901 467 3953 st
484 3897 546 3953 ideo
564 3897 588 3954 si
605 3895 675 3954 forte
693 3896 745 3953 sub
762 3899 922 3954 condicione
940 3913 985 3954 res
1001 3899 1093 3969 tegata
1110 3897 1176 3954 mibi
1194 3898 1284 3969 inerit,
1302 3899 1402 3956 deinde
1420 3898 1511 3956 medin
1529 3903 1654 3969 tempore
1667 3899 1715 3956 sd·
1732 3910 1759 3950 rs

281 3987 381 4057 quisito
400 3986 520 4042 dominio
537 3991 642 4057 petam,
661 4001 726 4042 mox
743 3987 879 4044 existente
896 3988 1054 4044 condicione
1071 3989 1156 4060 iegati
1174 4001 1267 4045 namus
1285 3994 1391 4060 petam,
1408 3995 1503 4060 putem
1522 3987 1715 4059 exceptionem

249 4091 337 4137 tucn
355 4075 480 4132 obstare:
499 4076 552 4132 alia
570 4077 642 4131 enim
661 4091 745 4132 causa
762 4075 815 4132 init
831 4079 929 4147 prioris
946 4077 1067 4148 dominii,
1085 4077 1154 4134 haec
1171 4093 1244 4134 noua
1260 4095 1334 4135 nunc
1351 4078 1477 4134 accessit.
1506 4077 1606 4147 ltaque
1619 4076 1716 4148 adqui-

282 4165 365 4222 situm
389 4165 499 4236 quidem
521 4169 619 4236 postea
641 4165 791 4221 dominium
816 4167 896 4221 aliam
919 4183 1030 4222 cansam
1053 4164 1128 4222 iacit
1161 4171 1267 4224 mcmta
1290 4174 1381 4226 autem
1402 4168 1495 4238 opinio
1513 4167 1644 4237 petitoris
1659 4181 1717 4223 uon

282 4253 356 4310 iacit.
383 4259 414 4310 ut
431 4259 499 4325 puta
516 4253 679 4326 opinabatur
696 4270 731 4311 ex
749 4271 834 4312 causa
851 4254 1015 4313 hereditaria
1031 4271 1062 4311 se
1081 4255 1230 4313 dominium
1248 4255 1362 4313 babere:
1382 4257 1501 4313 mutauit
1515 4256 1675 4327 opinionem
1688 4261 1718 4314 et

281 4371 474 4440 amsans)

283 4527 334 4583 ¹si
353 4526 405 4583 init
422 4527 571 4584 indicatum
589 4529 767 4586 hereditatem
787 4545 876 4588 meam
893 4545 963 4601 esse,
982 4531 1006 4587 si
1023 4530 1217 4588 aduersarius?
1270 4530 1373 4600 ²ante]
1387 4532 1493 4599 stein.
1507 4531 1557 4600 tq?
1612 4533 1718 4604 ⁸crigu

282 4599 431 4670 petitionis]
450 4601 526 4670 origo
545 4605 608 4656 ante
625 4602 806 4672 petitionem?

281 4767 488 4838 2etactiones]
502 4769 658 4826 exactiones
672 4771 708 4823 ΓΙ
743 4771 807 4840 tsi]
820 4769 967 4836 XYMOO,
1020 4771 1199 4826 staturan
1249 4771 1285 4826 at
1307 4769 1406 4826 obesse
1424 4770 1464 4826 'ei'
1482 4771 1523 4827 rei
1548 4773 1586 4826 Ρ
1607 4773 1613 4842 Ι
1633 4773 1715 4844 quael

282 4859 330 4894 om.
343 4843 376 4896 F:
396 4839 525 4904 diatreta
538 4839 576 4895 toi
590 4841 659 4912 nepes
672 4839 751 4906 &spei
764 4843 844 4897 κικῶιι
857 4842 966 4913 Ῠοτεροιι
1020 4844 1116 4912 qued*
1155 4841 1443 4897 achartumnam
1487 4845 1524 4898 27
1538 4844 1646 4900 me'i'us
1660 4847 1717 4916 ΡΙ

283 4931 304 4964 κ.
317 4929 339 4964 τ.
352 4921 375 4966 a.
395 4912 421 4966 B
438 4912 547 4981 (Accu.)
602 4915 731 4983 tpetam
756 4915 800 4984 an]
822 4915 866 4980 Ρ,
887 4919 967 4986 petas
1020 4913 1190 4970 obstaturam
1211 4913 1247 4966 ΙΝ
1300 4913 1337 4969 32
1350 4911 1564 4972 'h'e'rcisocndse
1583 4917 1623 4970 F’
1644 4919 1649 4984 Ι
1668 4915 1717 4972 ob·

282 4982 306 5036 si
330 4999 365 5038 an
388 4984 424 5037 ΡΙ
481 4985 514 5039 15
536 4983 574 5054 at]
598 4993 636 5041 sic
659 5003 703 5040 nec
726 4994 860 5070 quaequam
884 5005 929 5039 ens.
948 4986 973 5038 F
1019 4986 1105 5041 stanit
1122 4987 1148 5039 F
1186 4985 1222 5040 33
1240 4985 1314 5056 tute]
1333 4985 1359 5050 F}
1379 4990 1443 5042 arc
1460 4985 1717 5058 XYdlooib'tt·

283 5054 317 5109 19
334 5051 527 5126 fiiii's'impub.
541 5056 578 5110 Ρ*
622 5058 657 5112 20
672 5057 823 5127 patrimi*
867 5057 902 5112 23
919 5055 966 5113 cb·
1019 5055 1167 5113 ciscundae
1185 5057 1223 5110 F*
