3464 5444
257 255 466 324 xxxxviiii
488 257 530 321 14
549 263 647 318 s-re
930 249 1017 331 878
1546 269 1591 316 nn
1611 270 1685 318 mun

222 413 241 472 7
311 413 390 468 Inus:
411 411 480 467 libro
503 411 748 481 quinquagensimo
772 416 871 480 quarto
895 409 931 465 ad
954 410 1084 466 edictum.
1120 407 1149 464 st
1170 405 1255 463 fiscus
1273 406 1357 462 alicui
1375 409 1466 461 status
1483 407 1686 462 controuersiam

259 499 356 570 faeiat,
374 499 434 555 fisci
452 501 605 556 aduocatns
624 499 723 555 adesse
740 498 832 554 debet.
866 513 951 569 qnare
969 500 993 554 ei
1012 499 1071 554 sine
1088 496 1149 552 fisci
1167 497 1305 552 aduocato
1322 495 1531 564 pronuntiatum
1548 496 1596 564 sit,
1613 494 1687 552 diuus
1728 572 1732 576 Ἴ

258 589 368 644 Marcus
384 589 526 658 rescripsit
542 587 608 642 nihil
626 603 688 643 esse
706 593 796 642 actum
816 591 845 641 et
862 587 925 642 ideo
943 602 978 641 ex
996 587 1104 656 integro
1122 586 1253 654 cognosci
1271 589 1409 653 oportere.

222 678 241 738 8
312 678 506 733 Moneerruue
523 675 592 731 libro
610 677 705 744 quinto
723 677 1060 745 regularum.·Bonorum
1078 674 1145 732 fisco
1165 673 1366 728 uindicaturum
1385 677 1494 728 actores
1511 671 1656 726 uenuudsri
1697 724 1732 753 x

259 763 481 836 procuratoribus
499 779 553 820 non
571 768 695 835 possunt,
713 768 750 833 et,
769 765 793 819 si
811 763 1006 832 distrahantur,
1024 764 1129 819 irritam
1146 761 1207 816 deri
1224 761 1411 817 uenditionem
1430 762 1591 830 rescriptum
1608 765 1655 814 eet

222 856 240 915 9
312 853 390 908 iners
408 853 476 908 libro
494 853 611 922 septimo
630 851 737 908 decimo
755 867 958 922 responsorum.
987 852 1090 907 Lucius
1108 851 1198 905 Titius
1216 849 1283 904 fecit
1300 849 1417 904 heredes
1435 845 1700 933 [ᾗέῑιῖιῗιιιιιχ

259 956 381 997 sororem
399 957 477 996 suam
496 957 531 996 ex
549 941 691 1010 dodrante,
709 955 822 996 urorum
842 941 976 996 liaeuism
990 945 1018 995 et
1030 955 1154 995 socerum
1168 953 1203 993 ex
1215 915 1731 1030 reliquisportr'onffus'seiu-ffitesQ'

259 1036 381 1084 mentum
405 1035 533 1100 postumo
553 1035 618 1084 nato
637 1035 746 1099 ruptum
765 1035 821 1099 est,
844 1030 898 1108 qui
909 1035 1055 1099 postumus
1074 1027 1151 1084 hreni
1169 1029 1275 1098 etipse
1293 1027 1429 1096 decessit,
1452 1032 1537 1096 atque
1553 1027 1590 1081 its
1605 1041 1702 1114 Qu

260 1118 397 1174 hereditas
421 1117 457 1172 ad
480 1122 594 1173 matrem
612 1119 733 1187 postumi
751 1117 883 1174 deuolute
900 1122 951 1172 est
983 1133 1061 1174 soror
1077 1117 1219 1172 testatoris
1236 1117 1373 1171 ltaeuiam
1392 1114 1520 1170 ueneficii
1536 1115 1564 1168 in
1581 1116 1686 1195 hucin„

259 1206 378 1261 Titium¹
403 1207 557 1261 accusauit:
581 1222 643 1261 cum
666 1221 721 1261 nou
745 1207 923 1275 optinuisset,
948 1205 1122 1276 prouocauit:
1145 1207 1251 1261 interes
1273 1205 1396 1259 decessit
1418 1219 1479 1258 rea:
1503 1203 1583 1258 nihilo
1602 1205 1702 1280 mium„

259 1297 353 1348 mmen
375 1296 492 1364 apostoli
515 1295 615 1349 redditi
640 1301 712 1348 sunt.
745 1309 862 1364 quaero,
887 1309 923 1348 ιιι
940 1301 1022 1363 putes
1040 1294 1165 1348 extincte
1181 1309 1230 1348 rea
1245 1293 1434 1363 cognitionem
1452 1292 1627 1361 appellationis
1638 1303 1666 1358 q.

260 1381 414 1437 ducendam
431 1387 544 1452 propter
556 1382 735 1438 hereditatem
749 1384 911 1452 quaestum
939 1382 1109 1438 Modestinus
1122 1382 1265 1452 respoudit
1276 1387 1365 1436 morte
1377 1395 1442 1436 reae
1453 1381 1563 1434 cumina
1573 1383 1662 1445 ιιϋωι

260 1473 478 1540 pemecntionem
497 1486 600 1538 eorum,
618 1485 689 1540 quae
708 1471 811 1526 scelere
829 1471 968 1540 adquisita
985 1469 1095 1540 probari
1112 1474 1237 1540 possunt,
1255 1469 1323 1526 hsce
1342 1471 1500 1539 competere
1517 1483 1596 1538 posse.

205 1561 245 1620 10
314 1559 392 1613 lunas
409 1560 478 1615 libro
497 1560 628 1629 singulari
645 1559 681 1614 de
699 1558 969 1629 praescriptionibus.
1006 1559 1067 1615 Nun
1086 1564 1153 1629 putu
1171 1560 1330 1630 delinquere
1348 1573 1427 1628 enm,
1449 1558 1497 1628 qui
1514 1558 1540 1612 iu
1555 1554 1655 1640 [stiffi
1665 1572 1682 1624 p

261 1645 351 1702 dubiis
370 1648 577 1717 quaestiouibus
595 1654 691 1702 contra
708 1645 805 1704 fiscum
823 1647 904 1703 faede
922 1648 1102 1717 responderit.
1568 1634 1654 1644 *-
1665 1665 1682 1704 u

205 1741 242 1797 11
313 1736 483 1791 iuncturus
504 1737 574 1792 libro
597 1751 670 1791 nouo
693 1737 880 1806 epistularum.
917 1737 978 1792 Non
1001 1741 1118 1807 possunt
1138 1736 1195 1790 ulla
1211 1735 1285 1791 bona
1302 1733 1339 1789 ad
1356 1731 1456 1790 fiscum
1473 1734 1603 1804 periinere,
1618 1737 1680 1791 uisil

260 1839 332 1894 quse
350 1824 530 1880 creditoribus
548 1821 724 1894 superfutura
742 1830 817 1879 sunt:
836 1824 865 1878 id
883 1825 955 1879 euim
974 1823 1109 1880 honorum
1127 1825 1260 1895 cuiusque
1278 1839 1341 1879 esse
1358 1823 1532 1893 intellegitur,
1548 1823 1653 1892 qnodsei

261 1914 350 1967 alieno
368 1919 502 1982 superest
1259 1970 1265 1982 ,

205 2003 243 2062 12
315 2001 541 2057 Gsnnssrusrus
564 1999 634 2056 libro
657 2005 737 2056 serto
760 2001 795 2056 de
819 1999 1030 2070 cognitionibus.
1067 2001 1098 2055 in
1116 2001 1256 2056 metallum
1275 1999 1414 2055 damnatis
1431 1998 1539 2054 libertas
1555 1999 1680 2069 adimitql

262 2103 325 2144 cum
349 2090 432 2144 etiarn
451 2087 612 2145 uerberibus
630 2089 777 2145 seruilibus
794 2093 964 2144 coercentur.
997 2105 1063 2144 sane
1081 2105 1132 2159 per
1149 2089 1304 2144 huiusmodi
1322 2103 1468 2157 personam
1484 2086 1545 2142 fisco
1560 2088 1610 2142 nihl
1622 2088 1681 2142 :du

262 2178 332 2247 qniri
350 2179 432 2234 diuus
449 2179 515 2234 Pius
533 2179 687 2248 rescripsit:
705 2183 735 2233 et
753 2177 815 2233 ideo
833 2177 908 2248 quod
926 2179 1047 2247 legatum
1066 2182 1126 2233 erat
1138 2179 1172 2248 ei,
1190 2179 1236 2247 qui
1248 2182 1347 2248 postea
1358 2178 1388 2232 iu
1400 2177 1536 2232 metallum
1546 2177 1653 2231 ἀιιιιιιιι

262 2271 329 2336 erat,
349 2267 384 2321 sd
402 2265 499 2322 fiscum
519 2283 573 2322 non
591 2268 728 2337 pertinere
745 2268 887 2337 rescripsit
905 2268 1048 2336 magisque
1066 2267 1106 2321 ait
1123 2281 1228 2336 poenae
1246 2282 1295 2322 eos
1313 2281 1397 2335 quam
1415 2265 1475 2320 fisci
1492 2281 1577 2320 seruos
1590 2279 1638 2319 esse.

207 2357 244 2416 13
316 2355 326 2421 i
346 2355 466 2410 Psunue
488 2354 557 2410 libro
580 2357 698 2425 septimo
722 2355 757 2410 sd
781 2357 871 2425 legem
895 2356 990 2410 lutiam
1016 2361 1044 2410 et
1066 2355 1188 2424 Papiam.
1224 2355 1325 2409 Edicto
1346 2354 1406 2410 diui
1423 2355 1538 2422 Traiani,
1554 2349 1653 2435 [u‘ssje‘n
1665 2358 1681 2412 l
1693 2361 1702 2406 t
1714 2392 1727 2414 „

262 2442 335 2512 quod
353 2443 498 2513 proposui,
516 2441 700 2514 significatur,
719 2449 762 2514 ut,
782 2445 805 2498 si
824 2445 900 2514 quis,
919 2449 1066 2513 autequam
1085 2459 1171 2498 cause
1188 2444 1247 2498 eius
1265 2443 1301 2497 ad
1319 2444 1455 2498 aerarium
1473 2441 1601 2511 deferatur,
1613 2455 1653 2510 pro

262 2531 353 2587 fessus
371 2537 446 2586 esset
463 2547 524 2588 eam
543 2547 600 2587 rem
619 2517 701 2602 quam
720 2533 874 2602 possideret
890 2547 989 2602 capere
1007 2533 1059 2588 sihi
1078 2547 1133 2587 non
1151 2533 1247 2598 licere,
1266 2547 1302 2586 cx
1319 2545 1354 2586 ea
1372 2539 1478 2602 partem
1495 2529 1558 2586 fisco
1572 2528 1682 2596 inferrus
1724 2533 1725 2536 ’

230 2635 243 2678 ι
262 2624 368 2690 partem
386 2620 446 2690 ipse
463 2621 602 2676 retineret.
638 2621 715 2676 idem
733 2625 832 2690 postes
849 2621 940 2676 edicto
959 2619 1134 2690 significauit,
1156 2625 1194 2689 ut,
1212 2635 1404 2690 quascumque
1421 2617 1542 2689 professa
1556 2623 1615 2673 esset
1626 2617 1655 2671 uel

263 2710 353 2780 palam
373 2709 416 2764 uel
435 2709 519 2763 tacite
537 2710 662 2764 relietum
681 2708 733 2764 sibi
752 2709 826 2778 quod
845 2724 944 2778 capere
962 2725 1017 2764 nou
1034 2715 1130 2778 posset
1146 2715 1176 2763 et
1192 2707 1338 2778 probasset
1356 2709 1428 2764 iam¹
1441 2708 1470 2762 id
1482 2707 1516 2762 sd
1527 2705 1607 2762 hacun
1616 2719 1655 2774 pst·

262 2798 365 2853 tinere:
383 2797 490 2852 etiamsi
508 2796 537 2851 id
555 2813 610 2852 non
628 2797 789 2868 possideret,
807 2813 843 2854 ex
861 2813 903 2868 eo,
921 2797 995 2868 quod
1014 2797 1155 2852 reductum
1173 2803 1250 2852 esset
1266 2813 1284 2850 a
1300 2797 1451 2866 praefectis
1462 2797 1569 2863 aersdo,
1583 2801 1655 2864 putem

199 2897 214 2942 a
232 2897 246 2940 e
263 2885 404 2941 dimidiam
422 2885 501 2940 fuat.
531 2885 604 2941 Nihil
622 2893 714 2942 antem
732 2888 855 2956 interest,
874 2901 945 2958 quse
964 2901 1049 2941 censa
1066 2885 1199 2956 impediet
1215 2887 1259 2940 ius
1276 2885 1413 2955 capiendi.
1440 2884 1473 2939 ld
1490 2890 1574 2939 autem
1588 2879 1656 2936 deferri

230 2973 354 3043 edebot,
373 2973 447 3044 quod
465 2975 541 3044 latet,
560 2989 614 3028 nou
632 2975 660 3029 id
678 2975 753 3044 quud
771 2975 831 3030 fisci
849 2981 900 3030 est.
929 2975 975 3030 Ad
993 2974 1109 3030 heredes
1127 2976 1194 3043 eius,
1213 2974 1259 3044 qui
1279 2989 1310 3028 se
1322 2973 1468 3042 detulerat,
1486 2988 1538 3027 uun
1549 2971 1610 3026 uide
1623 2963 1683 3051 [lusu

263 3061 345 3118 hattrr
361 3063 512 3132 praemium
531 3063 661 3118 munstre:
684 3063 733 3118 scd
752 3063 834 3118 diuus
852 3063 1008 3119 Hadrianus
1027 3063 1180 3132 rescripsit,
1197 3067 1243 3132 nt,
1262 3063 1327 3116 licet
1345 3065 1410 3116 ante
1428 3061 1584 3116 decessisset
1596 3059 1614 3113 is
1626 3057 1657 3127 qui

263 3165 294 3204 se
312 3151 457 3218 detulerat,
476 3156 622 3220 antequam
641 3151 670 3207 id
688 3151 763 3221 quod
781 3151 918 3208 detulerat
935 3151 1002 3208 heco
1021 3151 1202 3220 addiceretur,
1221 3151 1316 3206 heredi
1333 3151 1394 3205 eius
1411 3149 1558 3219 praemium
1572 3149 1656 3202 ιιιιιιι.
1727 3222 1728 3225 ¹

230 3249 245 3296 ι
262 3239 363 3293 Exstat
380 3239 503 3294 eiusdem
521 3240 653 3295 Hadriani
672 3241 797 3311 epistula,
816 3247 856 3310 ut,
874 3241 897 3296 si
916 3241 940 3295 is
958 3241 1004 3310 qui
1023 3255 1054 3295 se
1071 3239 1178 3295 deferre
1196 3243 1305 3309 poterat
1322 3243 1411 3292 morte
1430 3231 1587 3307 praeuentus
1596 3233 1657 3300 frent,
1729 3236 1730 3239 ’

262 3327 342 3382 heres
360 3328 428 3396 cius,
447 3327 471 3382 si
488 3327 624 3396 detulerit,
642 3329 793 3399 praemium
813 3335 1010 3399 consequatur:
1030 3328 1060 3383 'si
1078 3328 1188 3397 tamen',
1206 3329 1302 3398 inquit,
1321 3325 1445 3396 'liquebit
1462 3324 1605 3380 defunctum
1618 3322 1657 3376 eiu
1726 3375 1727 3380 ,

263 3415 353 3470 'animi
371 3413 465 3484 fuisse,
484 3421 515 3471 ut
533 3431 563 3470 se
580 3417 665 3472 uellet
682 3415 811 3472 deferre':
830 3418 854 3472 si
873 3431 940 3472 uere
952 3417 1053 3472 idcirco
1066 3417 1287 3486 dissimulanerit,
1305 3415 1372 3469 dum
1385 3429 1444 3469 rem
1457 3411 1684 3480 occultsnspersttl

230 3515 244 3561 t
262 3502 391 3558 heredem
412 3503 471 3558 eius
490 3503 561 3558 ultra
578 3505 693 3574 uulgare
711 3506 862 3575 praemium
881 3505 947 3562 nihil
965 3512 1186 3561 consecuturum.
1221 3504 1290 3558 Item
1309 3503 1368 3558 diui
1385 3501 1485 3557 fratres
1502 3501 1658 3571 rescripserunt

262 3591 378 3646 heredes
396 3605 499 3662 eorum,
519 3591 620 3662 quibus
637 3594 752 3648 tacitum
771 3591 1012 3649 fideicommissum
1029 3595 1153 3649 relictum
1171 3595 1223 3661 est,
1241 3593 1281 3646 ita
1297 3591 1409 3646 demum
1428 3606 1464 3645 ex
1481 3587 1657 3645 beneficiolis

261 3681 318 3736 isui
335 3678 442 3735 deferre
461 3695 492 3734 se
509 3695 601 3750 posse,
619 3682 643 3736 si
661 3683 694 3751 is,
713 3683 758 3736 eui
775 3681 871 3737 datum
889 3681 987 3752 fuerat,
1006 3687 1095 3737 morte
1112 3685 1279 3752 praeuentus
1293 3684 1370 3734 esset
1381 3684 1410 3734 et
1421 3678 1484 3734 ideo
1496 3695 1544 3749 per
1554 3673 1657 3745 anastas

230 3769 394 3838 'itemporis
416 3767 524 3824 deferre
546 3783 576 3824 se
594 3785 649 3824 non
667 3769 795 3840 potuerit.
832 3771 900 3826 Cum
919 3777 984 3826 ante
1001 3775 1127 3840 apertum
1144 3769 1358 3824 testamentum⁸
1375 3768 1491 3823 tacitum
1509 3761 1658 3822 fideicommis-
1719 3841 1722 3846 η

262 3871 323 3912 sum
346 3856 500 3912 condatum
519 3863 593 3912 esset
611 3857 647 3912 ab
665 3857 722 3927 his,
745 3858 793 3928 qui
811 3857 893 3914 fldem
912 3860 1024 3914 tacitam
1036 3863 1236 3928 susceperuut,
1260 3855 1362 3911 duisme
1379 3861 1446 3926 post
1462 3859 1566 3925 apertas
1580 3869 1594 3908 ι
1606 3848 1681 3906 ties

262 3945 450 4000 commissario
473 3945 594 4002 delatum
617 3951 707 4014 esset,
730 3945 812 4002 dinus
829 3947 986 4002 Antoninus
1003 3947 1088 4016 recipi
1105 3943 1304 4015 professionem
1322 3945 1384 4000 eius
1401 3945 1496 3999 iussit:
1518 3957 1595 4012 neque
1608 3939 1657 3994 uin
1722 3952 1723 3955 ’

262 4031 374 4102 dignm
398 4048 460 4090 esse
482 4035 606 4104 praemio
629 4039 685 4088 tam
710 4035 887 4104 praecipitem
906 4035 1111 4091 festinationem
1129 4033 1241 4103 prioris,
1264 4039 1373 4088 etcum
1391 4034 1455 4102 quis
1472 4047 1502 4087 se
1519 4031 1656 4086 nuntetnou

230 4133 245 4179 8
262 4135 370 4190 capere,
388 4122 480 4191 potius
499 4121 623 4177 confiteri
640 4123 676 4177 de
694 4138 744 4178 sno
762 4123 821 4178 iure
839 4139 922 4193 quam
940 4124 1032 4178 aliud⁴
1050 4121 1157 4177 deferre
1175 4121 1292 4176 uidetur.
1319 4121 1365 4176 Ad
1383 4136 1433 4176 eos
1451 4119 1598 4176 heneficium
1611 4116 1656 4170 Te

261 4209 318 4264 iani
335 4211 466 4279 pertinet,
490 4211 537 4280 qul
555 4227 590 4265 ex
608 4209 730 4266 defuncti
749 4213 891 4268 uoluntate
909 4213 1033 4268 relietum
1052 4211 1104 4266 sihi
1123 4223 1222 4280 capere
1240 4225 1295 4264 non
1312 4215 1440 4278 pessunt
1471 4223 1535 4278 ergo
1551 4221 1593 4262 nec
1604 4200 1654 4267 ilud.

229 4309 244 4355 ι
262 4297 337 4367 quod
355 4313 436 4354 seruo
454 4313 516 4354 meo
534 4300 658 4356 relictum
677 4305 733 4370 est,
751 4298 859 4356 deferre
876 4307 982 4371 potero.
1017 4301 1083 4370 Εοι,
1101 4299 1149 4369 qui
1167 4297 1246 4368 quasi
1263 4297 1369 4367 indigni
1387 4298 1555 4368 repelluntur,
1570 4293 1682 4349 sumneti

262 4403 454 4474 F(XYMOO)

263 4560 319 4614 ¹in
338 4561 452 4615 Lucium
471 4561 584 4630 Titium]
607 4561 635 4616 in
653 4559 739 4617 filium
762 4565 892 4625 (similiter
911 4563 1064 4631 Ueserim?
1152 4563 1216 4618 ’et
1237 4561 1386 4634 probasset
1410 4559 1511 4617 etiam?
1582 4555 1652 4608 'itit
1719 4623 1720 4628 η

261 4637 372 4700 apertas
389 4631 520 4686 ubulssi
591 4633 703 4688 ⁴slium
722 4633 821 4700 (addit
1721 4638 1722 4645 ’

262 4783 424 4842 θῑιιιιιῆιίἰ
442 4788 480 4841 F’
534 4791 567 4844 11
585 4788 778 4860 inducendam]
797 4789 951 4846 conducen-
1004 4790 1198 4862 nul'trau'gare
1220 4790 1254 4844 ps
1307 4793 1343 4847 37
1362 4789 1496 4848 ιιιΊνίιιιί
1511 4789 1546 4843 Ρ
1586 4775 1651 4864 38,Ῥῖ

262 4856 326 4940 dum
351 4858 388 4909 F¹
453 4859 489 4912 20
511 4861 678 4928 personat*
737 4864 773 4916 te
795 4861 956 4917 inferratF
1004 4864 1029 4918 is
1042 4865 1079 4916 F’
1127 4865 1164 4918 to
1182 4863 1415 4932 susceperant?
1458 4863 1493 4918 43
1509 4851 1651 4914 passure

262 4927 528 4996 291mpedia'm’td‘
568 4930 824 4986 ³0uideb⁴aturF³
860 4935 893 4988 31
904 4932 950 4987 de·
1005 4931 1076 4989 ferre
1095 4933 1132 4988 F*
1148 4936 1152 5002 Ι
1168 4933 1304 4988 tra'hiaui
1323 4935 1361 4987 Ρ

261 4999 409 5053 cessisset*
422 4998 458 5052 F*
502 5001 538 5056 ιι
555 5003 725 5071 praemium
741 5005 776 5054 Ρ*
826 5003 861 5059 36
880 5005 952 5060 ultra
