3644 5460
154 254 216 302 um
239 253 431 304 roesrnrnss
834 231 921 314 589
1261 236 1426 304 xxxxln
1449 238 1487 303 17
1509 245 1588 300 1-s

156 392 261 463 ‘quenti
282 407 327 449 res
350 393 414 449 erit:
437 393 510 450 intre
527 406 642 462 ennom,
666 405 721 462 quo
738 392 856 464 primum
875 393 1036 465 experiundi
1053 397 1177 466 potestus
1194 392 1289 466 fuerit,
1315 409 1397 464 egere
1415 394 1588 465 permittsm'.

121 491 135 535 1
154 482 217 538 Hoc
234 481 408 538 luterdiotum
427 481 462 539 do
480 481 531 539 soli
547 485 723 553 possessore1
740 482 871 554 scriptum
884 488 934 555 est,
954 499 1034 555 quem
1047 485 1179 555 potiorem
1192 488 1302 554 preetor
1313 485 1341 539 ln
1353 485 1404 540 soli
1415 463 1589 554 posse'ssiono

121 581 137 626 s
155 569 271 642 bsbeet,
294 576 323 627 et
345 575 389 626 est
404 570 612 641 prohibitorium
630 572 666 628 ed
683 572 852 628 retinendam
872 573 1082 642 possessionem.
1118 574 1207 630 Huius
1225 578 1316 630 eutem
1336 573 1474 628 interdicti
1490 588 1589 644 propo-

155 661 240 728 nendi
257 675 342 716 conse
359 659 428 716 bsec
444 657 504 729 fuit,
523 660 598 731 quod
616 667 743 731 seperate
757 675 818 717 esse
831 661 914 718 debet
926 663 1064 733 possessio
1077 679 1094 718 e
1105 663 1284 734 proprietate:
1303 660 1362 718 lieri
1375 663 1475 718 etenim
1487 665 1588 732 potest,

155 755 189 805 ut
206 751 275 806 ulter
290 764 435 821 possessor
453 749 497 820 sit,
515 749 642 806 domiuus
660 765 715 806 non
733 750 777 822 sit,
796 751 865 807 elter
882 750 1010 808 domiuus
1028 751 1138 822 quidem
1157 752 1201 822 sit,
1219 767 1363 822 possessor
1380 767 1446 808 uero
1464 765 1519 806 non
1538 751 1587 806 sit:
1608 761 1621 818 e

120 847 137 893 s
155 837 215 894 lieri
233 842 338 910 potest,
359 845 391 894 ut
407 843 437 895 et
453 853 596 909 possessor
613 839 685 894 idem
704 845 733 895 et
750 839 877 896 dominus
896 841 940 896 sit.
977 841 1052 897 lutor
1068 841 1220 912 litigatores
1239 856 1304 912 ergo
1323 842 1450 912 quotiens
1468 846 1511 897 est
1528 856 1589 911 pro·

155 929 280 1000 prietatis
297 929 492 999 conuouersio,
511 933 560 984 eut
576 929 706 985 conuenit
723 929 794 985 inter
805 930 966 1000 litigetores,
984 935 1046 986 uter
1057 945 1201 1000 possessor
1212 931 1256 1001 sit,
1277 935 1336 986 uter
1348 931 1456 1001 petitor,
1475 935 1524 985 eut
1535 945 1589 985 non

155 1017 293 1074 conuenlt.
321 1017 345 1073 si
364 1017 505 1089 conuenit,
524 1017 679 1074 absolutum
698 1021 755 1096 est:
773 1019 818 1074 ille
836 1019 1003 1090 possessoris
1021 1019 1174 1090 commodo,
1193 1034 1273 1090 quern
1293 1021 1423 1076 conuenit
1439 1019 1589 1090 possidere,

155 1107 220 1163 ille¹
237 1107 362 1178 petitoris
379 1121 461 1163 onere
479 1105 617 1178 iungetur.
645 1107 695 1164 sed
713 1108 736 1164 si
753 1108 824 1164 inter
840 1109 916 1178 ipsos
934 1108 1125 1179 contendatur,
1144 1114 1205 1164 nter
1216 1108 1365 1180 possideet,
1384 1109 1449 1179 quie
1460 1109 1589 1163 alteruter

155 1211 188 1252 se
206 1197 295 1266 mugio
311 1196 452 1266 possidere
471 1195 604 1266 adfirmet,
622 1201 697 1266 tunc,
716 1197 740 1252 si
757 1211 802 1253 res
820 1198 871 1253 soli
889 1198 933 1268 sit,
952 1197 998 1254 ιιι8
1012 1199 1090 1254 cuius
1102 1199 1276 1268 possessione
1289 1195 1471 1269 contenditur,
1490 1197 1525 1252 ed
1536 1196 1589 1253 boc
1608 1203 1636 1244 ¹⁰

118 1295 138 1342 s
156 1285 331 1342 interdictum
349 1285 529 1342 remittentur.
566 1286 618 1342 Est
634 1286 718 1356 igitur
735 1285 787 1344 boc
805 1286 994 1357 interdictum,
1013 1286 1087 1356 quod
1106 1287 1188 1357 uolgo
1206 1287 1246 1342 uti
1264 1287 1411 1356 possidetis
1429 1287 1589 1358 appelletur,

154 1374 316 1431 retinendus
333 1374 515 1446 possessionis
533 1376 607 1442 (nem
626 1375 706 1431 huius
724 1376 764 1431 rei
781 1391 866 1432 oeuse
883 1375 1019 1446 redditur,
1041 1391 1076 1432 ne
1094 1377 1137 1431 uis
1155 1374 1204 1431 list
1221 1375 1247 1430 el
1265 1375 1313 1444 qui
1329 1375 1461 1446 possidet)
1479 1381 1508 1431 et
1525 1390 1590 1432 ocu·

155 1469 303 1536 sequenter
323 1464 485 1536 proponitur
502 1469 566 1534 post
583 1464 758 1522 interdictum
776 1465 850 1521 unde
867 1466 905 1522 ui.
935 1463 1001 1520 illud
1020 1464 1093 1520 enim
1111 1464 1230 1520 restituit
1246 1465 1274 1519 ui
1293 1465 1421 1521 emissem
1439 1465 1589 1536 possessio

154 1567 228 1624 nem,
246 1553 299 1610 boo
316 1553 490 1610 interdictum
509 1558 609 1625 tuetur,
630 1569 664 1610 ne
683 1555 825 1610 emittetur
841 1555 989 1625 possessio,
1008 1553 1126 1624 denique
1144 1555 1271 1625 preetor⁴
1287 1553 1439 1624 possidenti
1457 1554 1512 1610 uim
1530 1551 1589 1609 lieri

138 1648 247 1713 ,uetstr
270 1647 299 1699 et
322 1641 389 1698 illud
412 1641 522 1713 quidem
547 1643 721 1698 interdictum
739 1642 882 1714 obpugnet
899 1658 1101 1713 possessorem,
1125 1641 1178 1700 boe
1196 1647 1295 1698 tuetur.
1329 1648 1357 1698 et
1374 1647 1405 1698 ιιι
1422 1642 1523 1698 Pedius
1542 1642 1588 1713 uit,
1608 1651 1636 1692 rs

155 1733 245 1788 omnis
263 1732 298 1788 de
316 1732 491 1803 possessione
509 1733 697 1789 coubouersie
715 1737 764 1788 eut
780 1747 814 1788 eo
831 1732 965 1803 pertinet,
983 1737 1028 1802 ut,
1046 1731 1120 1803 quod
1139 1745 1194 1787 nou
1211 1730 1397 1802 possidemus,
1416 1731 1494 1788 nobis
1512 1732 1588 1787 resti-

154 1826 257 1892 tustm,
275 1825 324 1877 eut
341 1819 378 1876 ed
396 1820 456 1892 hoe,
475 1825 507 1876 ιιι
523 1821 641 1878 retinere
659 1820 738 1878 nobis
756 1821 838 1877 liceet
855 1820 929 1892 quod
946 1820 1129 1892 possidemus.
1161 1821 1305 1876 restitutus
1322 1821 1506 1891 possessionis·
1522 1818 1589 1876 ordo

155 1915 205 1967 eut
226 1909 371 1966 interdicto
395 1909 539 1981 expeditur
562 1916 611 1967 eut
627 1926 677 1982 per
694 1911 845 1968 sotionem:
868 1910 1027 1966 retinendos
1044 1911 1137 1981 iisque
1155 1910 1336 1981 possessionis
1354 1909 1455 1982 duplex
1472 1909 1519 1965 uie
1536 1915 1589 1979 est,

118 2008 135 2056 ι
154 2004 204 2056 sut
226 1999 352 2070 exceptio
377 2004 426 2056 eut
445 1999 628 2056 luterdiotum.
660 2001 786 2071 exceptio
805 1999 887 2056 detur
904 2015 938 2055 ox
956 1999 1049 2056 multis
1067 2000 1158 2056 causis
1176 2001 1202 2056 ei
1220 1999 1267 2070 qui
1284 1997 1416 2070 possidet.
1453 1999 1589 2070 Perpetuo

155 2093 248 2145 eutem
270 2087 323 2145 boc
345 2089 492 2146 interdicto
514 2089 609 2145 insunt
627 2088 710 2146 heco:
730 2089 811 2160 ‘quod
829 2103 881 2144 neo
898 2089 926 2144 ui
945 2103 997 2144 nee
1014 2089 1084 2144 clem
1104 2104 1156 2144 nec
1172 2087 1296 2159 precerio
1314 2086 1350 2143 eb
1368 2087 1413 2144 illo
1431 2087 1588 2158 possides'⁸.
1607 2095 1636 2139 so

118 2177 333 2235 tluterdictum
357 2183 449 2236 eutem
473 2193 660 2248 possessorem
678 2177 783 2249 prsedil
801 2183 908 2248 tuetur,
931 2177 1006 2248 quod
1023 2182 1068 2232 est
1084 2177 1125 2232 uti
1143 2177 1299 2248 possidetis.
1330 2177 1403 2232 ectio
1421 2178 1492 2233 enlm
1512 2193 1588 2233 uum·

119 2275 135 2322 7
155 2283 238 2339 quem
261 2267 333 2324 ultro
356 2267 508 2339 possessori
531 2267 626 2338 detur,
650 2267 751 2338 qnippe
773 2264 875 2323 sufficit
897 2267 923 2322 ei
947 2265 1021 2336 qood
1044 2266 1193 2336 possideat.
1229 2267 1289 2322 Hoc
1306 2265 1481 2322 luterdiotum
1498 2267 1588 2323 locum

154 2356 252 2428 bsbet,
270 2357 329 2413 siue
347 2357 408 2428 quis
427 2361 514 2413 totum
533 2355 648 2412 mudum
666 2357 808 2426 possidere
826 2371 857 2412 se
875 2355 962 2426 dicet,
984 2355 1043 2411 siue
1060 2369 1110 2426 pro
1128 2359 1204 2412 certe
1220 2359 1307 2428 perte,
1325 2357 1385 2413 siue
1402 2371 1453 2426 pro
1471 2356 1588 2412 indiuiso

119 2455 135 2502 s
154 2445 305 2518 possideret.
341 2446 401 2502 Hoc
424 2445 599 2502 interdictum
618 2445 645 2501 in
663 2445 791 2503 omuibus
809 2446 891 2502 etiem
910 2443 1143 2516 possessionibus,
1167 2459 1239 2514 quse
1257 2445 1402 2517 suntsed,
1427 2445 1486 2500 sine
1505 2444 1588 2501 dubio

117 2543 135 2591 9
152 2536 244 2592 locum
262 2533 382 2606 hebebit,
401 2533 550 2592 dummodo
567 2534 703 2605 possideri
720 2535 816 2606 possit
847 2533 926 2602 Quod
944 2533 983 2589 sit
1000 2537 1111 2603 preetor
1124 2533 1152 2588 iu
1163 2533 1324 2591 interdicto:
1344 2534 1401 2590 'nec
1413 2535 1441 2590 ui
1453 2547 1505 2590 nec
1517 2535 1587 2590 olem
1606 2543 1636 2586 ss

154 2623 214 2681 ‘nee
231 2624 355 2695 preceris
373 2624 442 2680 ulter
460 2623 496 2680 sb
514 2625 600 2680 oltero
618 2623 782 2696 possidetis’,
805 2623 858 2680 hoc
876 2639 909 2680 eo
927 2624 1058 2694 pertinet,
1080 2627 1124 2693 ιιι,
1143 2622 1167 2678 si
1185 2623 1246 2698 quis
1263 2623 1388 2694 possidet
1405 2623 1434 2679 ni
1452 2628 1500 2679 sut
1517 2623 1587 2678 elem

154 2711 353 2783 suspiceres,
371 2713 395 2768 si
413 2713 523 2784 qrridem
542 2713 577 2770 eb
596 2714 659 2784 elio,
677 2713 765 2785 prosit
783 2713 808 2768 el
826 2713 973 2784 possessio,
993 2713 1016 2768 si
1034 2727 1101 2770 uero
1119 2711 1154 2768 eb
1173 2711 1331 2768 eduerserio
1343 2727 1402 2784 suo,
1421 2727 1475 2768 non
1488 2711 1589 2768 debeet

153 2815 218 2857 eum
234 2805 347 2872 propter
363 2800 417 2858 hoc
434 2802 508 2873 qood
526 2801 561 2859 sb
579 2817 613 2860 oo
631 2801 755 2874 possidet
772 2803 894 2858 uincere:
912 2801 963 2858 bus
981 2802 1053 2874 enlm
1070 2801 1260 2874 possessiones
1275 2816 1331 2858 nou
1343 2801 1444 2858 debere
1456 2799 1588 2873 proficere

152 2891 245 2963 pxlxrn
263 2894 315 2946 est
1606 2900 1635 2943 ss

113 2980 134 3039 2
207 2979 327 3036 Pennus
343 2977 413 3036 libro
431 2980 622 3052 sexagensimo
640 2981 735 3052 quinto
754 2979 789 3036 sd
807 2979 936 3036 edictum.
964 2979 1041 3036 Iuste
1058 2979 1129 3037 euim
1148 2994 1184 3036 eu
1201 2979 1303 3040 iniuste
1314 2979 1411 3036 eduer·
1429 2973 1587 3064 Q
1603 2985 1631 3040 Ε

153 3083 203 3126 sus
220 3073 327 3126 cetoros
344 3069 483 3139 possessio
501 3070 544 3142 sit,
563 3071 591 3126 in
608 3069 661 3126 boc
678 3069 822 3126 interdicto
840 3069 906 3126 nibil
926 3069 936 3138 ll
955 3067 1050 3126 refert:
1069 3069 1276 3140 qualiscumque
1293 3070 1365 3126 euim
1380 3084 1523 3140 possessor
1533 3069 1586 3126 hoe
1603 3075 1620 3123 i.
1631 3073 1685 3124 ιιι

152 3158 224 3229 ipso,
241 3157 315 3229 quod
332 3172 476 3229 possessor
492 3165 543 3230 est,
561 3160 623 3231 plus
641 3160 708 3215 iuris
726 3157 810 3216 hebet
827 3175 909 3230 quem
927 3159 972 3214 ille
990 3159 1037 3230 qul
1055 3173 1110 3214 uon
1127 3159 1259 3228 possidet.

112 3247 133 3306 3
207 3246 357 3304 Uenerios
374 3246 444 3304 libro
462 3249 653 3319 sexagensimo
671 3263 743 3304 nono
761 3247 797 3303 ed
814 3247 944 3304 edietum.
971 3245 1001 3303 Sl
1015 3247 1070 3303 duo
1082 3262 1145 3318 pos·
1164 3244 1297 3331 [utere
1308 3263 1330 3308 ι.
1345 3259 1585 3316 tenerescere
1602 3252 1630 3308 E

151 3335 263 3392 sideent
279 3335 444 3407 insolidum,
463 3337 614 3408 uideamus,
633 3337 699 3408 quid
712 3337 749 3393 sit
760 3337 915 3394 dicendum.
943 3337 1016 3408 quod
1029 3337 1145 3408 qualiter
1156 3337 1296 3410 procedet,
1314 3343 1472 3409 tractemus,
1490 3338 1586 3408 siquis

151 3429 319 3498 proponeret
336 3427 537 3496 possessionem
555 3429 656 3484 iustem
675 3432 704 3482 et
721 3427 859 3483 iniustum.
887 3441 940 3497 ego
956 3425 1086 3496 possideo
1104 3443 1138 3482 ex
1156 3425 1230 3482 iuste
1247 3442 1338 3497 oense,
1357 3431 1388 3482 tu
1400 3428 1429 3483 ui
1441 3431 1489 3482 eut
1501 3427 1585 3482 olem:
1604 3435 1633 3478 ss

153 3515 180 3570 si
197 3531 215 3570 e
232 3530 276 3572 me
293 3515 426 3588 possides,
445 3517 568 3588 superior
586 3533 646 3573 sum
666 3515 818 3587 interdicto,
837 3516 860 3571 si
875 3530 941 3571 uero
953 3529 1008 3571 nou
1025 3530 1106 3587 eme,
1124 3521 1219 3572 neuter
1230 3521 1352 3572 nostrum
1366 3515 1503 3572 uincetur:
1522 3532 1585 3570 nem

116 3619 131 3664 ι
153 3607 185 3660 et
201 3607 232 3660 bs
249 3603 375 3676 possides
387 3609 415 3662 et
427 3620 488 3676 ego.
515 3607 575 3664 Hoc
588 3605 762 3662 interdictum
775 3605 877 3676 duplex
889 3609 931 3660 est
947 3609 975 3662 et
986 3603 1022 3676 bi,
1040 3603 1140 3676 qulbus
1156 3606 1295 3676 competit,
1315 3610 1343 3662 et
1355 3609 1459 3662 setores
1471 3609 1500 3660 et
1516 3601 1586 3689 [ej]

116 3707 133 3754 t
152 3693 194 3749 rei
208 3699 281 3750 suut
308 3694 369 3750 Hoc
386 3693 560 3752 interdictum
578 3693 681 3752 sufficit
697 3695 732 3766 ei,
750 3695 797 3765 qui
816 3691 961 3750 eodldcere
978 3694 1006 3749 iu
1024 3709 1075 3750 suo
1092 3693 1263 3765 prohibetur:
1282 3693 1383 3751 etenim
1400 3693 1503 3750 uideris
1522 3693 1587 3749 mibi

116 3797 133 3842 s
152 3782 337 3854 possessionis
360 3785 573 3841 controuersiem
595 3782 700 3855 iecore,
723 3784 770 3855 qui
790 3782 918 3854 prohibes
936 3783 1039 3838 menti
1057 3797 1118 3840 mee
1134 3783 1317 3855 possessione.
1353 3783 1422 3840 (ium
1441 3783 1587 3854 inquilinus

152 3871 295 3928 domiuum
319 3871 404 3928 sedes
426 3871 538 3931 relicere
562 3874 698 3930 uolentem
719 3870 888 3944 prohiberet,
913 3887 1001 3943 seque
1018 3877 1174 3944 competere
1190 3872 1364 3930 interdictum
1382 3873 1423 3928 uti
1439 3872 1589 3943 possidetis
1605 3881 1634 3924 so

113 3975 132 4024 4
151 3961 258 4034 plecult
274 3962 424 4034 mstndqm
441 3961 581 4020 dominum
599 3977 654 4020 non
671 3961 814 4034 probibere
825 3961 995 4033 inquilinum,
1013 3977 1048 4018 ne
1059 3961 1204 4033 bebiteret,
1222 3961 1272 4018 sed
1283 3975 1319 4017 no
1329 3961 1490 4033 possideret.
1517 3961 1587 4018 Item

152 4051 308 4121 uideamus,
326 4052 351 4107 si
367 4055 463 4108 suntor
480 4053 564 4109 uicini
581 4053 622 4108 tui
640 4067 675 4108 ex
692 4051 777 4108 fundo
796 4055 845 4108 tuo
862 4052 933 4107 uites
951 4051 980 4108 in
997 4067 1061 4108 sues
1079 4050 1190 4109 arbores
1203 4050 1366 4122 manuduxit,
1385 4049 1451 4122 quid
1463 4052 1529 4108 iuris
1541 4052 1586 4108 sit.

152 4145 185 4196 et
206 4142 247 4197 eit
262 4140 430 4212 Pomponius
450 4155 532 4212 posse
549 4146 579 4198 te
596 4142 623 4198 ei
640 4141 800 4200 denuntlrre
818 4145 847 4196 et
863 4141 935 4197 uites
951 4141 1124 4213 proscidere,
1148 4138 1232 4211 idque
1249 4145 1278 4196 et
1294 4139 1388 4197 Lebeo
1406 4139 1515 4214 scribit,
1538 4146 1588 4198 eut

152 4229 278 4286 uticum
296 4229 414 4288 debere⁸
432 4231 577 4290 interdicto
595 4230 636 4288 oti
653 4230 801 4302 possidetis
819 4230 854 4287 de
872 4244 906 4287 eo
923 4231 992 4301 loco,
1010 4244 1065 4301 quo
1082 4229 1189 4288 rudioes
1206 4229 1381 4286 eontinentur
1392 4229 1505 4286 uitium:
1523 4245 1586 4286 nem

150 4327 348 4398 rrxrrroo)

152 4471 164 4508 ¹
184 4469 220 4526 de
238 4470 290 4526 soli
307 4471 476 4542 possessore]
494 4469 529 4527 de
548 4471 603 4528 eoi
694 4473 706 4506 ²
724 4486 805 4542 quem
823 4470 952 4526 conuenit
970 4483 1024 4526 non
1041 4469 1183 4541 possidere
1202 4477 1249 4525 ens.
1343 4469 1410 4538 ⁸iu]
1435 4469 1469 4526 de
1488 4471 1587 4538 (elidii

149 4545 166 4578 ⁴
184 4541 238 4597 boc
254 4541 408 4611 interdicto,
426 4558 461 4598 ne
480 4543 620 4608 emittetur
637 4544 784 4614 possessio,
802 4547 912 4614 pruetor
929 4543 987 4609 (det.
1000 4547 1094 4598 tuetur
1105 4547 1128 4597 et
1140 4539 1288 4612 deniqnel'l
1358 4543 1369 4578 ι
1389 4539 1420 4612 ἐξ
1433 4543 1488 4596 46
1506 4549 1585 4598 conti-

149 4613 273 4669 smudcs
290 4621 369 4669 meets
388 4613 433 4685 §5
450 4617 573 4670 collocuta
589 4617 644 4670 loeo
661 4634 711 4670 oon
728 4633 774 4671 suc
845 4616 857 4650 ⁸
875 4628 937 4670 cum
956 4611 1056 4670 debere
1075 4615 1121 4668 del.
1140 4615 1268 4681 (similiter
1286 4612 1402 4680 Politen)

151 4745 369 4816 spernerem
408 4744 624 4802 eureseim
662 4746 845 4818 sempers-
898 4746 1017 4804 oensem
1059 4743 1308 4817 superserere
1349 4743 1539 4800 senescere
1552 4743 1587 4798 rs
1635 4725 1664 4768 ·'

149 4819 212 4873 tete
231 4817 268 4871 ι’
328 4818 431 4874 duero
448 4833 504 4873 uon
526 4817 641 4905 ‘ibim
658 4823 751 4906 potest
768 4823 846 4906 utet
897 4817 1042 4906 ibedicto
1060 4819 1096 4872 Ρ
1155 4817 1190 4872 35
1207 4817 1425 4905 proponeretis¹
1451 4817 1514 4900 Ω36
1531 4831 1585 4870 uon

149 4889 726 5032 wilibisilfflpbbiiti'
733 4891 834 5028 ..tlt
898 4892 1191 5024 letltetttl.
1204 4889 1372 5028 britii
1400 4887 1589 5020 sistit

150 5031 191 5088 20
207 5028 414 5102 pr's'eoerioF¹
461 5033 496 5088 22
514 5029 651 5089 sufficiet
664 5033 701 5087 Ρ
747 5033 782 5090 25
796 5031 844 5089 be·
896 5033 933 5090 42
951 5031 1070 5102 erbores]
1089 5032 1255 5089 eruoresl'1
1306 5029 1436 5099 4301th
1454 5029 1491 5082 F¹
