3644 5460
264 248 414 318 XXXXII
439 252 575 336 lja-12
942 239 1029 324 536
1396 267 1442 314 on
1465 267 1510 314 aa
1533 263 1693 316 rnuscsra

265 413 374 478 tempus
392 406 505 462 indicati
524 406 639 461 audonis
658 409 864 475 computamus,
888 407 979 460 utnrm
998 418 1033 460 ex
1050 419 1105 474 quo
1123 404 1260 460 sententia
1277 405 1383 476 prolatu
1401 410 1444 461 est
1462 421 1497 462 au
1517 421 1584 462 uero
1603 421 1638 462 ex
1657 423 1695 477 eo,

265 513 300 553 ex
323 513 377 567 qno
390 497 459 552 ‘dies
482 501 603 551 statutus
626 494 786 565 praeteriit?
813 493 862 549 sed
887 494 910 549 si
933 493 1043 563 quidem
1067 493 1197 549 minorem
1222 494 1294 550 diem
1319 497 1447 550 statuerit
1469 495 1553 552 iudex
1575 499 1696 566 tempore

265 587 401 656 legitimo,
424 587 545 656 repletur
562 600 597 640 ex
615 585 684 655 lego,
703 583 777 654 qnod
795 577 941 639 sententiae
960 582 1058 638 indicis
1077 581 1168 638 deest:
1194 584 1237 639 siu
1261 587 1353 640 autem
1376 585 1536 654 ampliorem
1556 601 1695 641 numerum

266 676 371 731 dierum
390 691 441 730 sua
458 671 616 730 definitione
635 673 717 728 index
736 673 878 744 amplexus
897 678 948 742 est,
967 669 1171 742 computabitur
1188 687 1235 728 reo
1252 678 1281 728 et
1292 674 1443 742 legitimum
1456 679 1567 744 tempus
1585 679 1615 730 et
1626 673 1696 744 qnod

233 777 349 836 usupra
366 765 394 820 id
412 763 496 819 iudex
514 763 658 833 praestitit.
686 762 904 818 condemnatum
923 761 1048 832 accipere
1066 759 1199 817 debemus
1217 778 1289 832 eum,
1308 763 1355 832 qui
1367 763 1418 818 rite
1434 763 1635 830 condemnatus
1648 769 1726 834 ests
1794 774 1818 814 ι·

266 859 298 909 ut
315 854 451 908 sententia
469 853 574 908 ualeat:
594 857 714 907 cetorum
733 851 757 906 si
775 852 867 920 aliqua
884 851 990 906 ratione
1008 851 1145 906 sententia
1162 851 1262 908 nullius
1280 853 1410 908 momenti
1428 853 1472 922 sit,
1490 853 1639 910 dicendum
1657 858 1698 908 cst

234 942 501 1000 scondemuationis
523 939 638 996 uerbum
661 956 715 996 uon
740 947 842 996 tenere.
884 939 1006 996 Solnisso
1033 941 1158 1011 accipere
1181 940 1313 996 debemus
1337 956 1392 996 uon
1415 946 1521 996 tautum
1547 956 1626 1011 oum,
1654 941 1698 1011 qni

266 1033 361 1100 soluit,
385 1047 479 1086 uerum
504 1045 611 1085 omnem
636 1029 759 1099 omniuo,
783 1029 830 1098 qui
847 1043 882 1084 ea
899 1027 1066 1100 obligatione
1089 1028 1220 1086 liberatus
1244 1035 1300 1101 ost,
1323 1045 1393 1100 quae
1418 1045 1452 1086 ex
1477 1045 1563 1086 causa
1586 1030 1698 1086 indicati

234 1133 248 1180 e
267 1120 417 1177 descendit.
444 1119 540 1174 Celsus
558 1117 660 1189 scribit,
679 1119 703 1174 si
722 1119 813 1174 noxali
831 1117 1030 1176 condemnatus
1047 1133 1109 1174 enm
1129 1133 1247 1188 seruum,
1266 1119 1295 1176 iu
1312 1134 1367 1190 qno
1385 1135 1452 1176 usus
1470 1117 1583 1196 ἰιοοιιιο1
1595 1119 1699 1174 alicnus

266 1215 317 1280 est,
336 1224 425 1266 noxae
443 1208 552 1278 dedisti,
570 1223 653 1278 posse
670 1213 761 1263 tecum
774 1207 864 1262 adbuc
882 1208 928 1277 agi
939 1207 1065 1264 iudicati:
1084 1207 1133 1262 sed
1146 1208 1170 1263 si
1182 1223 1249 1264 usne
1261 1206 1365 1264 boetus
1377 1209 1518 1278 interierit,
1531 1207 1641 1264 liberari
1653 1209 1698 1264 ait
1716 1220 1781 1260 ru)
1793 1219 1818 1257 ι

230 1300 248 1358 5
320 1298 471 1354 Uusrauns
488 1297 557 1352 libro
575 1297 822 1368 quinquagensimo
841 1311 913 1352 nouo
932 1296 968 1350 ad
985 1296 1115 1352 edictum.
1144 1295 1192 1352 Ait
1208 1302 1330 1367 praetor:
1350 1296 1508 1368 'cuiusllde
1526 1313 1561 1354 sa
1579 1293 1699 1382 Q
1715 1302 1818 1360 ΕΞ

266 1389 303 1443 ‘re
320 1386 471 1443 iurisdictio
489 1384 549 1440 est'.
577 1385 673 1441 melius
691 1386 859 1456 scripsisset:
879 1385 965 1440 ‘ouius
989 1385 1024 1440 de
1049 1400 1082 1441 ea
1105 1400 1134 1440 re
1157 1385 1232 1440 notio
1255 1385 1320 1441 eat’:
1343 1387 1444 1442 etenim
1463 1385 1582 1442 notionis
1600 1402 1699 1444 nomeu

266 1477 349 1532 otiam
367 1475 403 1532 ad
421 1489 469 1531 eos
486 1475 648 1546 pertineret,
673 1475 721 1544 qui
738 1473 953 1530 iurisdictionem
972 1491 1026 1530 nou
1044 1473 1160 1543 babent,
1184 1474 1234 1530 sed
1251 1473 1354 1531 habent
1371 1475 1407 1530 de
1425 1475 1524 1546 queuis
1543 1475 1598 1531 alia
1616 1491 1700 1532 osnes

234 1579 246 1622 1
266 1565 414 1622 notionem.
452 1563 481 1619 Si
499 1563 583 1620 iudex
601 1563 718 1634 aliquem
737 1563 777 1618 sic
795 1563 972 1632 condemnet,
997 1569 1041 1632 nt,
1063 1563 1138 1634 quod
1162 1563 1245 1620 habet
1263 1579 1298 1620 ex
1316 1569 1481 1620 testamento
1505 1565 1550 1619 uel
1568 1564 1700 1620 codicillis

266 1655 374 1724 Maeuii,
393 1653 549 1708 restitueret
561 1653 643 1722 Titio,
662 1652 702 1706 sic
715 1651 903 1722 accipiendum
916 1657 966 1721 est,
985 1652 1063 1722 qnasi
1076 1653 1258 1722 quantitatem
1270 1653 1431 1723 nominauit,
1449 1667 1521 1723 quac
1533 1658 1699 1709 testamento
1717 1666 1771 1708 ιε
1798 1661 1818 1698 1

265 1743 311 1799 uel
329 1741 459 1798 codicillis
477 1743 572 1798 relicta
590 1747 642 1797 est.
668 1739 719 1796 sed
736 1744 765 1794 et
783 1740 806 1795 si
825 1737 1066 1798 fideicommissum
1084 1741 1143 1798 siue
1161 1742 1539 1814 scripturaprounutiausml,
1556 1741 1631 1798 idem
1650 1742 1700 1799 erit

265 1831 446 1904 probandum.

229 1924 247 1982 6
317 1921 395 1977 Ιοιιοι
412 1919 481 1976 libro
500 1919 691 1989 sexagensimo
710 1923 788 1974 sexto
807 1917 842 1973 ad
860 1919 989 1974 edictum.
1026 1920 1118 1990 Miles,
1142 1920 1189 1990 qui
1207 1918 1260 1976 sub
1278 1925 1384 1976 armam
1402 1917 1569 2004 [blesus
1587 1933 1699 1990 uuus
1716 1915 1818 1984 ΕΞ

266 2010 363 2066 militia
380 2009 517 2080 stipendia
535 2008 646 2080 meruit,
671 2007 868 2064 condemnatus
886 2013 1014 2078 eatenus,
1038 2011 1109 2078 qnai
1128 2007 1217 2064 iacere
1239 2013 1345 2080 potest,
1364 1996 1699 2103 cogituf's‘olmaxeffffi)

234 2111 246 2155 t
265 2101 369 2156 Decem
387 2105 436 2156 aut
454 2113 548 2156 noxae
560 2097 660 2154 dedere
678 2097 876 2154 condemnatus
889 2097 1006 2168 iudicati
1016 2098 1044 2152 in
1056 2096 1153 2154 decom
1165 2103 1241 2156 teue-
1260 2094 1700 2183 [besem-Qasr&
1717 2107 1818 2159 ¹1⁰²

265 2195 324 2246 tur:
343 2187 501 2244 facultatem
520 2187 591 2242 eninr
611 2201 699 2242 uoxao
718 2186 860 2242 dedendae
879 2202 914 2244 ex
931 2187 993 2258 iege
1012 2186 1120 2256 accipit
1148 2193 1178 2242 at
1189 2188 1221 2256 is,
1239 2175 1446 2258 quistrpfflas'us
1461 2192 1505 2244 est
1516 2177 1700 2275 docemffl

266 2283 315 2334 aut
332 2293 420 2334 noxae
439 2277 552 2347 dedere,
577 2292 632 2332 uon
649 2281 741 2346 potest
759 2275 980 2346 decempetere,
1006 2275 1071 2345 quia
1095 2276 1123 2331 in
1146 2276 1322 2346 stipulatione
1345 2277 1454 2348 emperia
1471 2292 1521 2347 per
1538 2293 1569 2334 se
1587 2280 1702 2336 ueniunt

174 2351 180 2364 ¹
265 2383 307 2438 ea,
325 2382 396 2438 quae
414 2366 522 2436 singula
539 2365 687 2435 separatim
707 2365 830 2436 stipulari
848 2380 1007 2436 possumus:
1026 2369 1056 2420 at
1072 2364 1203 2420 indicium
1222 2365 1307 2421 solium
1324 2380 1413 2422 noxae
1430 2365 1580 2422 deditionis
1598 2369 1700 2424 nulium

265 2463 322 2528 est,
346 2457 396 2514 sed
413 2455 597 2528 pecuniariam
622 2455 876 2510 condemnationem
900 2454 1031 2524 aequitum.
1058 2453 1166 2510 ntideo
1190 2453 1302 2510 indicati
1321 2453 1417 2510 decem
1434 2456 1539 2526 agitur,
1561 2455 1607 2512 bis
1630 2457 1702 2513 enim

180 2537 181 2542 ’
233 2547 331 2602 aeolis
350 2546 560 2602 condemnatur:
586 2559 674 2600 noxae
698 2543 801 2600 deditio
824 2544 852 2599 in
877 2543 1013 2600 solutione
1035 2544 1091 2612 est,
1115 2557 1186 2612 quae
1204 2557 1220 2598 e
1237 2544 1300 2614 lege
1320 2542 1457 2602 tribuitur.
1492 2545 1545 2612 Qui
1563 2533 1702 2622 [ᾗῇ-οξ
1720 2533 1818 2596 οὔ

265 2635 378 2691 iudicati
391 2633 463 2690 bona
475 2634 638 2690 anctoritate
651 2649 702 2690 sna
714 2632 849 2702 distraxit,
869 2630 934 2688 furti
945 2633 1053 2688 audone
1065 2635 1095 2688 et
1111 2633 1139 2688 ui
1151 2631 1285 2688 bonorum
1297 2638 1437 2704 raptorum
1450 2635 1477 2690 ei
1488 2639 1610 2692 tenetur.
1629 2633 1703 2719 [popl

233 2736 248 2779 e
265 2725 383 2780 ludicati
395 2724 467 2778 actio
478 2727 612 2794 perpetua
624 2728 667 2779 est
681 2729 710 2778 et
721 2723 761 2778 rei
772 2721 991 2792 persecutionem
1004 2722 1138 2778 continet:
1157 2722 1224 2777 item
1235 2721 1329 2778 heredi
1341 2727 1370 2777 et
1380 2723 1408 2778 in
1420 2721 1549 2778 heredem
1562 2715 1703 2796 mmpe‘tt

230 2811 248 2870 7
320 2811 414 2868 Gerus
430 2809 500 2866 libro
653 2811 689 2866 ad
707 2811 826 2866 edietum
844 2811 978 2881 praetoris
996 2809 1094 2866 urbani
1111 2810 1194 2867 tituto
1212 2810 1247 2866 de
1265 2826 1294 2866 re
1312 2807 1446 2894 [aaut
1467 2823 1510 2884 sp.
1521 2825 1560 2880 ts,
1572 2826 1603 2872 nu
1616 2823 1744 2879 murell

266 2900 396 2958 iudicata.
427 2899 503 2956 lutra
521 2899 580 2954 dies
598 2901 771 2970 corretitutos,
790 2901 916 2970 quamuis
934 2899 1046 2956 indicati
1065 2899 1111 2968 ogi
1128 2914 1183 2955 nou
1201 2901 1296 2970 possit,
1314 2901 1408 2956 multis
1423 2906 1518 2956 tamen
1529 2901 1622 2957 modis
1635 2902 1704 2958 iudi·

267 2995 359 3046 catum
378 2987 487 3044 liberari
504 3003 587 3058 posse
604 2987 685 3044 bodie
703 3005 758 3046 uon
775 2989 925 3058 dubitatur,
943 2987 1008 3058 quia
1026 2988 1236 3044 constitutorum
1255 2989 1361 3045 dierum
1374 2989 1493 3060 spatium
1508 3005 1560 3061 pro
1572 2991 1704 3063 indicato,
1722 3010 1749 3052 sc

268 3097 323 3136 nou
341 3083 437 3135 contra
454 3077 603 3133 iudicatum
622 3079 776 3148 perlegam
796 3079 974 3134 coustitutum
993 3083 1044 3134 est.

230 3169 250 3228 8
320 3169 440 3224 Psunus
462 3166 531 3222 libro
554 3157 648 3236 quinto
672 3166 707 3222 ed
725 3168 871 3222 Plautium.
908 3165 938 3222 Si
962 3166 1043 3222 bomo
1067 3181 1102 3222 ex
1125 3166 1259 3237 stipulatu
1281 3167 1384 3238 petitus
1404 3175 1469 3238 post
1485 3168 1562 3224 litem
1582 3165 1706 3255 Q]
1721 3166 1752 3238 Β

268 3263 451 3314 contestatam
469 3255 627 3326 decesserit,
646 3255 845 3313 absolutionem
863 3270 917 3312 uon
930 3254 1084 3312 faciendam
1096 3261 1125 3311 et
1136 3253 1272 3312 fructuum
1285 3256 1418 3312 radonem
1432 3255 1591 3314 habendam
1604 3261 1706 3331 placet.

231 3348 249 3406 9
320 3349 492 3404 Pourousus
509 3345 578 3402 libro
596 3345 692 3416 quinto
710 3360 745 3402 ex
763 3346 878 3402 Plautio.
913 3345 1028 3402 Fumone
1046 3345 1184 3402 saumatis
1202 3360 1219 3400 a
1235 3343 1326 3402 iudice
1343 3346 1388 3402 uel
1407 3344 1442 3402 ab
1461 3345 1564 3404 arbitro
1583 3345 1707 3436 Q
1725 3362 1749 3416 Ε

268 3437 322 3492 dici
340 3452 395 3494 uon
412 3439 512 3507 potest.
957 3497 959 3502 ,
1726 3457 1753 3498 aa

213 3528 251 3587 10
321 3526 501 3582 Mansuetus
518 3523 587 3580 libro
605 3522 726 3580 secundo
745 3523 923 3594 digestorum.
953 3521 1014 3593 Qui,
1033 3537 1094 3578 cum
1114 3537 1144 3578 se
1162 3537 1211 3594 pro
1228 3527 1308 3593 patre
1324 3519 1401 3578 fauri-
1420 3519 1750 3612 ΜΕ

267 3617 318 3672 lias
336 3614 466 3686 fingeret,
490 3617 612 3670 mutuam
629 3612 773 3684 pecuniam
792 3611 899 3683 accepit
916 3615 945 3668 et
962 3610 1077 3668 exheres
1095 3616 1208 3682 epatre
1231 3612 1276 3668 uel
1294 3612 1482 3683 emancipatus
1500 3614 1552 3684 sit,
1576 3619 1708 3686 quamuis

269 3704 359 3762 iacere
377 3721 432 3760 nou
450 3704 545 3774 possit,
564 3701 648 3758 debet
665 3701 848 3758 condemnari.

214 3797 249 3855 11
322 3795 437 3850 Cuneus
457 3792 527 3849 libro
550 3792 646 3862 quinto
669 3792 848 3862 digestorum.
891 3789 921 3846 Si
943 3789 1068 3846 kalendis
1095 3787 1154 3846 fieri
1176 3788 1281 3859 aliquid
1303 3788 1450 3860 stipulatus
1472 3805 1544 3862 sum,
1564 3787 1707 3880 Q
1727 3805 1752 3860 Β

269 3900 368 3954 nempe
386 3883 615 3954 quandocumque
632 3887 696 3952 post
714 3881 847 3936 kalendas
864 3884 978 3952 accepto
996 3878 1097 3936 iudicio
1115 3879 1186 3934 muti
1203 3883 1297 3934 tamen
1308 3878 1480 3936 aestimanda
1490 3879 1525 3936 lis
1538 3887 1592 3954 est,
1612 3886 1709 3956 quanti
1727 3901 1755 3940 so

269 3972 393 4030 interfuit
410 3989 472 4030 mea
488 3971 614 4028 kalendis
632 3971 661 4027 id
678 3969 750 4026 lieri:
774 3985 810 4030 ex
833 3984 867 4026 eo
890 3969 962 4026 euim
985 3972 1108 4040 tempore
1126 3967 1247 4040 quidque
1264 3969 1439 4039 aestimatur,
1461 3969 1537 4040 quod
1555 3974 1710 4032 nouissime

269 4063 339 4119 solui
357 4062 483 4134 poterut

214 4156 252 4213 12
323 4153 503 4208 massanus
529 4150 598 4206 libro
621 4153 717 4220 quarto
740 4148 920 4223 digestorum.
962 4147 994 4202 lu
1021 4145 1139 4216 depositi
1165 4148 1210 4202 nel
1237 4147 1403 4204 commodati
1428 4147 1541 4222 iudicio,
1565 4147 1751 4235 Πῖῇζῑᾱε

270 4256 436 4312 quamquam
455 4239 518 4298 dolo
536 4239 685 4296 aduersarii
703 4255 748 4295 res
766 4237 851 4310 absit,
870 4237 1051 4294 condemnato
1069 4237 1191 4294 succurri
1209 4236 1291 4308 solet,
1315 4243 1346 4292 ut
1363 4237 1389 4292 ei
1407 4237 1563 4296 actionibus
1581 4230 1709 4301 afflo-

270 4331 361 4386 minus
378 4329 467 4385 cedat.
1524 4361 1537 4388 ,
1728 4348 1756 4391 4,

272 4427 462 4498 F(XYM00)

272 4555 282 4589 ¹
300 4552 459 4622 pronuntiat
476 4550 592 4607 datum?
662 4553 673 4585 ‘³
692 4553 828 4620 quatenus
846 4553 861 4604 l.
871 4570 937 4623 pem.
1008 4549 1020 4585 ⁸
1038 4563 1093 4618 qno
1111 4549 1260 4606 nouissime
1278 4550 1349 4605 solui
1365 4549 1456 4620 potnit
1473 4549 1575 4618 (addet

246 4685 429 4740 ‘lectiones
443 4683 480 4736 Fr
524 4683 708 4754 ipraeterint
721 4683 759 4736 fr
804 4682 959 4754 3rcple‘a'-
1012 4681 1164 4740 actioue'm'
1183 4683 1219 4736 F²
1281 4684 1316 4738 28
1343 4691 1455 4756 spatium
1481 4703 1594 4740 meacm
1618 4691 1711 4761 reliqna·

272 4763 316 4812 tur
334 4757 372 4808 F²
392 4759 396 4823 Ι
416 4755 521 4811 seutiae
540 4755 565 4806 F
612 4753 752 4810 ddierum
765 4755 812 4809 ‘in'
825 4770 876 4810 sua
894 4754 959 4810 defi·
1011 4761 1117 4827 propter
1139 4755 1186 4818 23,
1209 4753 1238 4820 3,
1261 4755 1298 4808 54
1368 4755 1404 4810 30
1431 4757 1649 4814 mustituturum
1674 4759 1709 4812 Ρ

272 4827 392 4883 uitione¹
421 4828 458 4880 F²
528 4827 560 4880 11
588 4825 723 4896 ulpianus]
749 4826 796 4890 F',
823 4827 895 4882 idem
924 4829 960 4881 F’
1009 4829 1048 4892 ,32
1075 4823 1236 4896 stipulatu's'
1258 4827 1294 4880 F’
1365 4827 1400 4880 33
1427 4825 1652 4885 absolutionem*
1672 4829 1711 4884 F*

273 4900 307 4954 14
325 4899 382 4953 slc⁴
402 4899 439 4952 Ρ
493 4899 526 4953 16
544 4897 593 4952 sed
612 4903 641 4952 et
659 4897 682 4952 si
699 4897 760 4970 seq]
785 4893 817 4951 rb
838 4896 902 4960 aiud
921 4899 959 4953 aui
1012 4899 1048 4954 36
1060 4898 1107 4967 qui
1116 4897 1161 4952 'se'
1171 4913 1233 4954 cum
1246 4912 1277 4953 se
1289 4898 1328 4952 F'
1371 4897 1709 4972 39quinto'tsrtio'dige

272 4969 310 5056 ’sni
330 4969 447 5056 ippieoq
464 4969 621 5056 lupercali
659 4969 705 5056 ὶ23
724 4983 811 5054 eaque
830 4969 869 5036 ΡΙ
885 4969 960 5024 dodi·
1013 4970 1173 5054 septemb*
1226 4970 1262 5024 40
1280 4967 1429 5040 a‘u'ccepto
1443 4971 1504 5057 Flu
1526 4973 1561 5028 41
1574 4971 1710 5081 quidque}

272 5041 434 5102 nonense
472 5041 592 5101 tdboua
607 5055 659 5098 sua
675 5044 838 5100 auctoritate
847 5041 959 5112 suaF³l
1014 5039 1194 5116 qmdqurdffl
1243 5039 1497 5100 licendomnstos
1516 5045 1644 5102 succurri
1658 5043 1697 5104 Ρ
