3614 5460
101 287 191 338 rusor
774 263 861 345 877
1021 301 1036 318 ι
1168 269 1377 337 xxxxviiii
1399 271 1442 336 14
1459 277 1540 332 3-6

65 435 83 480 a
102 423 337 484 aooommodrsse.
374 423 490 490 Quando
507 430 598 480 autem
617 423 692 481 trans
711 425 872 496 interposita
891 425 1031 495 uideatur,
1057 425 1194 495 agendum
1214 431 1270 495 est,
1294 426 1322 480 id
1341 430 1385 482 est
1403 421 1541 508 [ιιῗῖιι]

102 518 194 570 utrum
219 514 310 569 exitus
329 513 448 583 speetari
465 512 632 570 deberetur
650 514 807 588 eonsilium:
831 512 903 570 torte
921 513 945 569 si
963 519 1042 583 tuno,
1064 529 1126 568 oum
1144 513 1229 570 taeita
1246 513 1542 584 fideicommittebatur,

103 617 158 660 non
176 600 306 672 eripiebat
321 603 354 673 is,
373 603 418 658 oni
435 602 543 658 restitui
560 601 715 672 iubebatur,
733 602 829 658 mortis
847 617 914 658 uero
931 606 1055 670 tempore
1073 617 1172 672 oapere
1189 607 1306 673 poterat,
1324 603 1370 659 uel
1381 606 1485 658 eontra.
1513 607 1543 658 et

68 699 84 746 ι
102 691 208 762 plaouit
225 691 329 746 exitum
347 705 410 746 osse
428 691 618 762 spectandum.
650 691 749 746 Taoita
766 695 857 746 autem
876 689 1089 746 fideioommissa
1106 689 1263 761 frequenter
1280 692 1320 746 sio
1338 691 1471 761 deteguu·
1489 687 1541 774 [(Ιῖ)

102 785 157 850 tur,
176 779 201 835 ai
218 777 374 850 proteratur
391 778 610 850 chirographum,
628 793 684 849 quo
702 793 732 834 so
751 779 873 835 eruisset
890 780 968 836 ouius
986 777 1056 834 fides
1068 779 1186 849 eligitur,
1205 779 1279 850 qnod
1291 779 1327 834 ad
1339 794 1402 835 eum
1415 794 1450 834 ex
1462 778 1542 834 bonis
1561 792 1574 832 ι
1617 847 1620 854 1

102 866 226 924 defuncti
249 868 417 938 peruenerit,
442 869 641 924 restituturum.
674 867 724 922 sed
748 871 777 924 et
800 883 836 924 ox
859 868 919 922 aliis
936 867 1144 938 probationibus
1163 866 1392 923 manifestissimis
1410 867 1482 922 idem
1501 865 1540 923 fit.

67 955 172 1012 scum
196 971 232 1012 er
255 972 341 1012 oausa
360 956 437 1012 taeiti
455 955 658 1012 hdeioommissi
677 954 751 1012 bona
768 955 805 1011 ad
822 954 919 1012 haeum
937 957 1087 1026 pertinent,
1111 957 1217 1026 omnia,
1240 971 1311 1028 quae
1329 957 1357 1011 in
1375 959 1542 1012 testamento

67 1054 83 1101 ι
101 1044 205 1100 utiliter
221 1043 289 1100 data
305 1050 383 1115 sunt,
401 1045 508 1101 ualent:
532 1049 562 1100 et
578 1045 618 1100 ita
635 1045 717 1101 diuus
735 1045 801 1100 Pius
819 1045 966 1114 rescripsit
1004 1045 1069 1100 Diui
1086 1044 1184 1101 tratres
1201 1046 1386 1116 reoripserunt
1404 1041 1542 1127 [[ιρἷρ

100 1132 130 1188 iu
152 1131 358 1190 mundilionibus
380 1131 521 1190 limabbus
543 1132 626 1190 fidem
650 1138 679 1191 et
703 1133 872 1204 diligentiam
894 1125 915 1188 ‘a
938 1139 1115 1204 procuratore
1135 1134 1298 1203 exigendam
1317 1138 1346 1188 et
1363 1134 1436 1188 iusta
1453 1135 1542 1203 pretia

100 1235 157 1276 nou
180 1235 216 1276 ex
238 1222 388 1292 praeterita
406 1223 557 1292 emptione,
581 1222 631 1278 sed
650 1237 685 1278 ex
702 1221 841 1292 praesenti
860 1221 1050 1278 aestimatione
1067 1223 1212 1278 oonstbui:
1237 1223 1309 1278 siout
1326 1223 1398 1278 enim
1417 1221 1541 1292 diligenti
1560 1234 1588 1274 ιι

100 1309 210 1365 enltura
225 1311 315 1380 pretia
332 1311 506 1380 praediorum
525 1311 699 1380 ampliantur,
717 1311 765 1380 ita,
783 1309 807 1366 si
825 1309 1017 1379 neglegentius
1031 1309 1125 1366 habita
1137 1312 1200 1380 sint,
1220 1311 1305 1366 minui
1317 1327 1350 1368 ιι
1362 1325 1476 1366 ιιιιιιι
1489 1315 1540 1366 ιιι.

67 1410 82 1457 ι
100 1397 171 1454 (lum
189 1399 413 1469 quinquennium,
432 1399 460 1456 in
477 1402 549 1470 quo¹
568 1399 630 1468 quis
647 1413 698 1469 pro
715 1397 827 1469 publioo
844 1397 1028 1456 oouduotore¹
1046 1414 1077 1454 se
1095 1398 1237 1469 obligauit,
1255 1401 1383 1469 eroessit,
1402 1386 1541 1476 [Q

99 1487 241 1556 sequentis
262 1487 396 1558 temporis
419 1488 530 1543 nomine
552 1502 608 1544 non
630 1491 754 1543 tenetur:
780 1485 866 1557 idque
889 1486 1085 1557 prinoipulibua
1109 1488 1248 1558 resoriptis
1272 1489 1441 1558 exprimitur.
1465 1485 1541 1572 [hup]

82 1575 183 1652 ¹diuus
200 1575 283 1632 etiam
302 1576 458 1632 Hadrianus
476 1576 504 1632 iu
522 1575 591 1632 haeo
608 1574 695 1631 uerba
712 1575 869 1644 resoripsit:
889 1574 984 1632 'Ualdo
1002 1574 1167 1632 inhumanus
1185 1591 1245 1632 mos
1264 1580 1308 1632 est
1325 1577 1386 1646 iste,
1404 1591 1459 1646 quo
1477 1578 1540 1632 reti·

100 1663 207 1720 'nentur
230 1665 412 1720 oonduotores
436 1664 613 1734 neuhgalium
637 1663 809 1734 publicorum
832 1669 862 1719 et
885 1679 1013 1734 agrorum
1020 1705 1028 1734 ,
1053 1664 1078 1719 si
1095 1665 1228 1720 tantidem
1247 1665 1332 1720 looari
1350 1680 1405 1720 non
1422 1666 1545 1736 possint·
1560 1675 1589 1718 ιι

99 1751 171 1808 ‘mm
194 1757 224 1808 et
245 1750 353 1808 mollius
376 1753 552 1809 inueniuntur
575 1753 771 1822 eonduetores,
795 1752 819 1808 si
842 1752 954 1808 soieuiut
975 1751 1035 1808 iore
1052 1757 1097 1822 ut,
1121 1753 1145 1808 sl
1162 1757 1274 1822 peraeto
1292 1753 1379 1808 lustro
1397 1752 1540 1809 diseedere

68 1853 82 1900 ι
100 1839 258 1910 'noluerint,
276 1857 332 1897 non
349 1839 511 1898 teneantur'.
547 1841 578 1898 si
595 1842 740 1911 posteriori
758 1840 887 1896 eruditori
905 1839 987 1896 liaeus
1005 1842 1183 1910 suooesserit,
1201 1855 1235 1898 eo
1252 1841 1311 1896 iure
1329 1842 1425 1910 utitur,
1441 1857 1497 1911 quo
1515 1843 1540 1898 is

67 1942 200 1989 ausurus
222 1935 294 2000 erat,
317 1930 362 1985 oui
383 1931 526 1986 suooessit.
562 1930 572 2000 11
591 1930 677 1986 ΜιΙιι
700 1929 862 2000 principalia
885 1933 951 1984 sunt
968 1930 1114 2000 rescripta,
1136 1928 1237 1998 quibus
1255 1933 1370 1986 oauetur
1388 1946 1443 1986 non
1461 1931 1621 1998 aliterque
1640 1939 1657 1986 l.
1670 1939 1717 1986 ιιι

98 2014 196 2073 lisoum
215 2017 371 2074 debitorum
389 2033 501 2074 snorum
520 2017 658 2074 debitores
676 2019 836 2088 conuenire,
855 2017 908 2074 nisi
924 2019 1089 2088 prinoipales
1107 2017 1247 2074 debitores
1265 2016 1425 2089 deleuerlut,
1441 2019 1487 2076 uel
1505 2035 1540 2075 ex

97 2105 206 2162 ratione
226 2103 286 2162 dsoi
303 2107 416 2162 nomina
432 2104 507 2162 laeta
524 2107 628 2176 liquido
646 2107 811 2177 probentur,
837 2107 881 2162 uel
899 2122 934 2162 er
952 2109 1095 2162 eontraotu
1113 2103 1200 2160 iisoali
1218 2105 1357 2164 debitores
1375 2109 1539 2164 oouuenian·
1558 2119 1587 2160 ro
1617 2151 1621 2158 .

66 2208 81 2255 ι
98 2199 152 2250 ιιι.
189 2195 278 2250 Diuus
296 2194 453 2251 Hadrianus
470 2195 566 2251 Flauio
584 2196 700 2252 Prooulo
721 2195 875 2265 resoripsit,
898 2209 961 2250 oum
979 2194 1007 2250 in
1025 2193 1179 2250 libertatem
1198 2195 1351 2264 proolamat
1368 2195 1416 2266 qui
1434 2211 1469 2252 ex
1487 2192 1540 2279 [ssi

97 2281 179 2340 bonis
203 2283 238 2339 sd
258 2281 356 2340 flauum
370 2283 574 2354 pertinentibus
592 2299 654 2340 esse
672 2284 786 2354 dieitur,
810 2283 941 2339 indioium
960 2282 1020 2338 dari
1037 2281 1228 2352 praesentibus
1246 2288 1274 2338 et
1292 2283 1439 2353 agentibus
1456 2285 1538 2340 etiam

98 2370 150 2443 bis,
168 2371 216 2442 qui
234 2373 353 2442 negotiis
370 2371 430 2428 fisoi
448 2372 538 2428 solent
554 2373 733 2428 interuenire:
752 2377 781 2428 et
799 2371 955 2428 huiusmodi
969 2369 1096 2426 liberales
1107 2385 1217 2440 musae,
1236 2371 1260 2426 si
1272 2385 1326 2428 non
1339 2371 1539 2428 interueniente

54 2474 81 2520 ro
98 2458 159 2516 isui
181 2459 319 2516 aduoemo
343 2460 453 2516 deonas
473 2461 542 2530 sint,
566 2461 595 2517 in
615 2462 751 2531 integrum
770 2461 962 2522 restituuntur.
999 2457 1029 2514 Si
1047 2458 1075 2516 in
1093 2459 1161 2516 loois
1179 2457 1319 2514 madibus
1336 2459 1381 2514 uel
1400 2456 1538 2544 [[ιιῖζῇ

97 2547 216 2619 publicis
234 2549 405 2620 religiosisue
423 2554 472 2604 ant
489 2549 518 2604 in
536 2549 720 2605 monumentis
739 2549 879 2604 thensauri
896 2547 998 2618 reperti
1017 2545 1126 2617 tuerint,
1144 2543 1202 2603 diui
1216 2545 1315 2604 iratres
1329 2550 1538 2621 eonstituerunt,
1556 2560 1586 2602 ιι

98 2641 130 2692 ιι
153 2635 268 2692 dimidia
284 2653 349 2708 pars
366 2653 402 2693 ex
419 2637 462 2694 bis
479 2636 548 2694 lisoo
565 2637 760 2694 uindiosretur.
794 2638 861 2693 item
879 2637 903 2692 si
920 2636 949 2691 in
967 2635 1094 2692 Caesaris
1111 2636 1286 2705 possessione
1303 2642 1429 2705 repertus
1447 2635 1537 2710 luerit,

53 2739 79 2785 11
98 2724 239 2780 dimidiam
258 2741 346 2797 aeque
364 2732 470 2797 partem
489 2724 557 2782 fiseo
575 2725 717 2782 uindioarl.
748 2724 862 2782 Delerre
880 2731 973 2781 autem
992 2739 1023 2780 se
1041 2739 1122 2780 nemo
1140 2725 1256 2794 oogltur‚
1273 2725 1348 2794 quod
1359 2724 1538 2782 thensaurum

96 2813 242 2883 inuenerit,
261 2815 314 2870 nisi
331 2829 367 2870 ex
384 2829 418 2870 eo
436 2813 584 2870 thensauro
601 2830 667 2884 pars
684 2813 751 2871 lisoo
769 2813 912 2870 debeatur.
940 2813 987 2883 qui
1005 2818 1107 2882 autem,
1125 2829 1188 2868 eum
1206 2815 1235 2870 in
1252 2815 1314 2872 loeo
1331 2813 1391 2872 fisoi
1409 2815 1537 2872 thensau

97 2916 158 2956 rum
176 2901 319 2972 inuenerit,
337 2907 444 2972 partem
462 2902 498 2958 ad
515 2901 612 2959 lisoum
630 2903 812 2973 pertinentem
831 2903 1023 2973 suppresserit,
1041 2905 1129 2958 totum
1149 2918 1212 2959 oum
1230 2904 1317 2960 altero
1334 2909 1411 2960 tanto
1430 2905 1539 2975 degitur

97 2989 215 3046 soluere.
1555 3004 1585 3044 ao

61 3081 81 3138 l
151 3077 303 3134 Unsmrrus
324 3077 394 3134 libro
417 3083 498 3135 sexto
521 3078 557 3134 ad
575 3078 704 3135 edietum.
740 3079 772 3134 ln
789 3077 849 3134 iisol
867 3079 958 3134 oausis
975 3079 1050 3149 paoli
1068 3094 1131 3136 oum
1149 3079 1317 3138 delatoribus
1334 3095 1384 3152 pro
1402 3079 1537 3137 noniessis
1553 3077 1582 3132 Ii

97 3165 242 3236 habentur,
259 3167 284 3222 si
301 3166 384 3224 modo
401 3169 518 3238 pretium
536 3167 581 3223 nel
599 3167 737 3224 modioum
754 3167 899 3224 dederunt.

63 3259 81 3316 h
150 3255 230 3310 Iners
246 3253 316 3310 libro
333 3261 413 3311 sexto
431 3255 538 3312 dooimo
556 3256 593 3312 ad
610 3256 741 3312 edietum.
768 3255 799 3312 Si
816 3257 942 3312 eurator⁸
955 3255 1082 3312 Caesaris
1099 3271 1156 3312 rem
1175 3257 1296 3327 aliquam
1313 3271 1379 3313 uen-
1397 3252 1536 3340 [hjjajo
1555 3263 1582 3317 Ε

97 3342 207 3414 diderit,
225 3344 352 3414 quamuis
369 3343 482 3415 duplum
500 3345 546 3400 uel
563 3345 674 3415 triplum
691 3361 742 3416 pro
760 3345 897 3400 euiotione
915 3344 1078 3415 promiserit,
1099 3349 1192 3400 tamen
1210 3343 1294 3401 fisous
1312 3345 1439 3414 simplum
1458 3361 1535 3415 prae·

68 3448 77 3491 r
97 3430 191 3488 stabit.
219 3430 249 3488 Si
266 3431 302 3488 ab
320 3447 362 3503 eo,
381 3434 426 3489 oui
443 3434 487 3489 ius
505 3433 675 3491 distrahendi
692 3449 738 3490 res
755 3432 814 3489 fisoi
829 3433 924 3490 datum
936 3439 988 3504 est,
1007 3431 1091 3489 morit
1102 3432 1264 3488 disuaotum
1276 3433 1344 3502 quid
1355 3433 1424 3505 lisoi,
1442 3436 1536 3490 statim
1555 3446 1583 3487 ιι

97 3519 130 3577 lit
146 3521 287 3592 emptoris,
305 3522 394 3592 pretio
412 3528 505 3578 tamen
523 3523 623 3579 soluto.

63 3611 80 3670 6
148 3609 228 3666 Ιιιιι
250 3609 321 3666 libro
343 3611 535 3680 sexagensimo
558 3611 640 3666 tertio
663 3611 700 3666 ad
722 3610 852 3666 edietum.
889 3609 986 3666 Fissus
1007 3625 1070 3664 oum
1088 3610 1117 3665 in
1135 3609 1236 3680 priuati
1254 3610 1297 3666 ius
1316 3625 1376 3666 suo·
1396 3605 1535 3694 Q
1552 3617 1580 3672 Ε

96 3697 184 3768 sedit,
208 3699 310 3769 priuati
333 3699 392 3754 iure
413 3713 465 3768 pro
487 3698 670 3756 anterioribus
693 3713 761 3755 suae
781 3697 963 3755 suooessiouis
982 3699 1147 3768 temporibus
1165 3699 1264 3754 utitur:
1287 3705 1408 3754 ueterum
1427 3706 1535 3769 postea·

96 3803 180 3858 qnam
198 3787 341 3858 suooessit,
359 3785 473 3842 babebit
488 3787 663 3858 priuilegium
681 3803 771 3844 suum.
798 3787 849 3843 sed
866 3791 957 3842 utrum
970 3787 1064 3842 statim
1077 3791 1160 3856 atque
1172 3787 1264 3855 eoepit
1275 3786 1311 3842 ad
1323 3801 1387 3842 eum
1399 3788 1536 3856 pertinere

97 3889 206 3946 nomen,
224 3891 260 3930 an
278 3889 345 3932 uero
362 3880 543 3945 posteaquam
562 3876 691 3932 oouuenit
707 3875 869 3946 debitorem,
888 3891 923 3930 an
942 3879 1122 3945 posteaquam
1141 3875 1256 3930 relatum
1276 3881 1320 3930 est
1336 3875 1409 3932 inter
1426 3875 1537 3932 nomina
1555 3888 1584 3929 so

95 3963 266 4034 debitorum,
285 3964 433 4034 quaeritur.
463 3969 493 4019 ιι
509 3963 619 4034 quidem
638 3979 737 4020 rrsuras
754 3963 854 4020 exinde
872 3963 942 4033 petit
958 3961 1075 4032 lisoales,
1093 3963 1146 4018 etsi
1164 3962 1304 4018 breuiores
1322 3963 1482 4034 debeantur,
1501 3979 1536 4020 ex

96 4066 152 4122 quo
170 4052 301 4108 oonnenit
318 4056 423 4108 eertum
442 4051 593 4108 debitorem
611 4058 640 4108 ιι
657 4050 843 4109 renitentem.
871 4057 901 4108 at
917 4052 946 4107 in
963 4051 1108 4122 priuilegio
1126 4052 1202 4107 uarie
1218 4052 1381 4122 reseriptum
1393 4057 1450 4108 est:
1468 4057 1537 4123 puto

95 4144 191 4196 tamen
208 4139 308 4196 exinde
325 4140 470 4210 priuilegio
487 4155 550 4196 esse
567 4141 667 4211 loeum,
685 4155 720 4198 ex
738 4157 794 4211 qno
805 4143 877 4198 inter
889 4141 1000 4196 nomina
1011 4139 1167 4196 debitorum
1179 4140 1294 4196 relatum
1308 4156 1407 4197 nomeu
1419 4145 1470 4197 est.
1484 4137 1537 4224 [ᾧ

67 4243 78 4288 r
96 4227 296 4298 Quodcumque
313 4229 449 4300 priuilegii
466 4227 534 4285 lisoo
551 4230 692 4300 oompetit,
710 4229 763 4286 boo
780 4229 854 4286 idem
872 4233 901 4284 et
913 4229 1039 4286 Caesaris
1056 4228 1127 4284 ratio
1145 4231 1174 4284 et
1185 4226 1330 4299 Augustus
1342 4227 1444 4285 babere
1456 4230 1535 4286 solet.

95 4325 292 4395 satureo)

96 4467 105 4501 ¹
125 4464 221 4536 quod?
291 4465 372 4536 ’pro
389 4463 494 4535 publioi
512 4465 679 4521 oonduotore
697 4467 889 4535 (Gronouiua)?
906 4470 947 4522 ιιι
963 4466 1057 4538 populi
1075 4466 1191 4522 Romam
1209 4464 1319 4536 publloo
1338 4466 1474 4523 eonduoto
1492 4471 1536 4540 (cf

98 4535 160 4592 Gai.
172 4537 199 4601 4,
211 4535 277 4602 wli
347 4537 359 4572 ⁸
377 4541 537 4606 proourator
554 4537 652 4605 (edd)?

97 4670 132 4724 lh
150 4669 212 4738 quis
230 4683 280 4754 pro
297 4666 406 4738 publioo
418 4667 585 4725 oondnotore
597 4683 628 4724 se
645 4667 788 4738 obligauit}
842 4668 1013 4738 religiosiore
1037 4672 1086 4724 ant
1108 4669 1136 4722 in
1154 4671 1348 4740 monumentis]
1369 4669 1399 4724 ἐι
1418 4670 1535 4738 senecio

96 4739 323 4804 ὸέιηιιιιιιιοι
340 4738 387 4794 τὸιι
406 4738 458 4794 ini
479 4741 527 4801 τοῨ
546 4741 672 4802 ιιιιοιίογ
691 4749 789 4795 ulcero-
842 4739 916 4807 τόιιῳ
935 4740 950 4793 ir
969 4738 1145 4810 temperatio
1169 4741 1207 4795 sic
1224 4741 1342 4807 raeiralis
1361 4743 1489 4795 usuarios
1511 4743 1536 4795 B

96 4809 211 4866 ιιιιιοιι
231 4809 360 4896 strip),
382 4808 604 4875 distraherentur
624 4810 671 4865 rba
691 4820 788 4866 ιιιθω-
842 4813 929 4882 (Spa.)
965 4813 1000 4866 26
1009 4810 1131 4880 dimidia]
1142 4811 1186 4876 Ρ,
1197 4811 1334 4867 ιιιίὶιιίιι““Ι
1370 4810 1536 4880 hlaequ'u'e

97 4882 212 4936 siueaou
226 4879 312 4950 [teile
330 4880 524 4953 χρόιιογιΕριι.
569 4884 603 4937 16
614 4879 789 4937 inueui'u'en·
842 4883 880 4936 F‘
928 4883 962 4937 29
980 4883 1117 4937 inuenerit
1133 4887 1162 4938 et
1179 4887 1284 4952 partem
1304 4885 1330 4936 F
1376 4884 1412 4938 38
1430 4889 1535 4952 tompo-

95 4955 141 5007 ιιι
155 4954 191 5004 F*
206 4951 544 5054 taiperaotohuperaoto
556 4954 593 5006 Ρ
643 4955 675 5008 17
694 4953 788 5008 uolue
841 4953 879 5008 ris
903 4954 937 5008 F:
965 4951 1005 5006 ἐπὶ
1033 4955 1072 5020 τῷ
1099 4953 1150 5024 πρὸ
1176 4953 1225 5008 ric
1248 4953 1372 5023 ιιιιοχΐιι
1395 4952 1483 5022 χρόιῳ
1508 4953 1536 5008 Β

94 5023 208 5078 riuti*
273 5023 309 5078 24
326 5023 355 5078 in
372 5024 440 5079 loois
452 5021 591 5079 lisoalibus
609 5024 652 5078 uel
671 5021 788 5093 publicis
841 5025 877 5079 to
894 5029 1075 5094 posteaquem
1093 5024 1223 5080 conuenit
1240 5025 1277 5078 F¹
