3480 5460
259 269 393 338 XXXVI
415 271 432 336 1
455 275 571 332 etl—24
926 260 1014 343 236
1237 287 1284 336 sn
1307 285 1459 337 suerrus
1482 285 1688 338 consensuri

260 428 363 484 eisdem
382 427 559 497 emancipatis
577 443 595 482 a
611 431 690 497 petre
706 441 758 482 suo
773 427 888 483 ultrious
899 425 1052 482 restituisse
1063 425 1242 482 hereditatem
1255 426 1405 498 dieebatur,
1424 441 1489 484 mox
1500 427 1571 483 alter
1582 441 1617 482 ex
1628 424 1690 483 liliis

260 518 325 574 uiuo
343 523 421 588 patre
439 516 605 572 decessisse:
624 515 813 586 quaerebatur,
832 532 866 572 en
885 516 917 585 is,
936 516 982 585 qui
1002 520 1143 586 supererat
1160 530 1195 570 ex
1212 514 1283 586 liliis,
1301 521 1408 586 partem
1425 514 1504 571 fratri
1517 531 1570 572 suo
1581 516 1689 572 restitu-

260 611 316 662 tam
335 610 428 676 petere
446 605 535 676 possit
552 606 631 675 quasi
648 609 821 676 praemature
839 605 942 660 datam.
968 603 1102 660 Scaeuola
1118 605 1212 661 diuum
1224 605 1343 661 hiareum
1361 605 1390 660 iu
1401 605 1538 661 auditorio
1550 604 1586 660 de
1598 605 1690 661 huius·

260 697 334 751 modi
351 697 441 766 speeie
458 695 595 750 iudicasse
613 693 709 750 refert:
729 694 858 750 Bresidee
875 694 986 765 quidam
999 694 1233 750 Laoeduemouioe
1247 695 1290 750 uir
1302 695 1463 765 praetorius,
1482 709 1546 750 oum
1557 692 1623 750 filiis
1634 695 1691 752 suis

260 784 295 842 ab
313 801 399 840 uxore
417 785 535 842 diuortio
549 789 685 855 separata,
704 785 728 840 si
739 789 826 840 morte
838 785 924 855 patris
935 785 978 840 eui
989 784 1057 838 iuris
1068 783 1185 840 inissent
1195 783 1294 853 effecti,
1312 782 1553 840 fideioommiseum
1564 783 1690 840 relietum

259 879 341 943 esset,
360 889 408 930 eos
425 876 660 946 emeneipauerat:
679 878 749 944 post
759 873 1002 943 emanoipationem
1017 871 1257 930 hdeioommiseum
1269 872 1409 944 petebant
1436 872 1595 929 decreuisse
1607 873 1691 944 igitur

259 963 353 1019 diuum
371 963 491 1020 hiareum
509 963 593 1020 refert
610 963 848 1020 lideieommissum
868 963 908 1018 eis
926 963 1166 1034 repraestandum¹
1185 963 1323 1018 iutelleeta
1339 962 1433 1020 matris
1448 964 1602 1034 uoluntate,
1620 978 1691 1034 quae

259 1053 324 1122 quie
341 1069 396 1108 nou
414 1053 568 1110 crediderat
583 1059 690 1124 patrem
708 1067 756 1108 eos
774 1052 1016 1123 emenolpaturom,
1035 1051 1179 1108 distulerat
1195 1052 1224 1106 in
1241 1055 1357 1108 mortem
1374 1051 1434 1107 eius
1446 1049 1690 1109 fideicommissum

259 1157 314 1198 non
331 1142 449 1198 ddatura
466 1144 494 1198 id
512 1145 540 1198 iu
558 1143 758 1212 mortalitatem,
777 1143 801 1197 si
819 1157 882 1197 eum
899 1145 1133 1213 emenoipaturum
1146 1145 1293 1212 sperasset
1320 1141 1471 1197 seeundum
1482 1141 1552 1197 haee
1563 1141 1689 1198 dioebam

259 1235 288 1286 et
310 1232 338 1286 in
359 1233 500 1303 preposite
521 1233 680 1303 quaestione
702 1233 843 1287 deoretum
866 1232 924 1287 diui
941 1233 1025 1288 iderei
1048 1245 1110 1288 esee
1127 1230 1290 1286 trahendum
1308 1235 1338 1286 et
1354 1235 1430 1286 reete
1447 1229 1690 1288 fideieommieeum

228 1321 381 1391 tetrisque
404 1322 531 1377 solutum.
567 1321 629 1378 Non
652 1326 695 1377 est
717 1321 869 1377 dubitatum
893 1323 955 1392 eogi
976 1335 1059 1392 posse
1081 1319 1210 1375 heredem
1234 1321 1388 1376 institutum
1407 1319 1483 1376 edire
1500 1325 1530 1376 et
1546 1321 1691 1377 restimre

259 1409 438 1466 hereditatem
458 1411 557 1480 seruis,
576 1411 636 1466 elue
653 1410 757 1466 direeta
774 1411 833 1466 siue
850 1408 1104 1466 fideieommiseerie
1120 1408 1233 1466 libertus
1250 1409 1292 1465 eis
1309 1409 1374 1464 deta
1392 1407 1498 1480 fuisset,
1516 1425 1579 1465 eum
1598 1424 1690 1480 esper-

220 1481 222 1494 ’
260 1500 319 1554 neri
337 1499 489 1556 hereseon
507 1499 621 1556 deberet
636 1514 781 1570 personam
801 1499 938 1569 eugentis:
962 1499 1045 1554 hebet
1062 1499 1134 1554 enim
1151 1498 1196 1554 hio
1214 1513 1323 1569 quoque
1341 1498 1472 1570 editum¹,
1494 1504 1540 1570 ut,
1558 1499 1607 1570 qui
1624 1514 1690 1556 non·

260 1587 326 1645 dum
343 1594 436 1659 petere
455 1595 464 1659 {l
483 1587 761 1646 fideieommisseriam
780 1587 933 1644 libertatem
950 1588 1039 1659 possit
1050 1601 1102 1642 nee
1112 1587 1244 1642 direetem
1257 1586 1309 1642 sibi
1321 1587 1470 1660 uindicare,
1487 1591 1602 1660 propter
1613 1603 1688 1659 spem
1705 1611 1706 1616 ¹

228 1690 243 1734 a
259 1683 353 1734 tamen
371 1678 505 1734 libertatis
522 1685 552 1735 et
568 1677 727 1734 hereditatis
745 1677 849 1734 aditum
868 1678 904 1732 ed
922 1684 1076 1748 praetorem
1094 1681 1124 1732 et
1140 1691 1190 1747 per
1206 1691 1238 1731 se
1255 1675 1365 1733 hebeat.
1396 1676 1426 1733 Si
1443 1677 1523 1734 heres
1540 1681 1606 1750 post
1622 1679 1689 1734 mul·

260 1773 319 1824 tum
337 1769 467 1840 temporie
484 1769 624 1837 restituet,
647 1783 709 1822 oum
726 1767 865 1837 praesenti
885 1767 930 1822 die
947 1764 1011 1822 lidel
1028 1767 1204 1822 oommieeum
1222 1765 1271 1836 sit,
1295 1765 1414 1822 deducta
1431 1771 1531 1838 quarta
1547 1767 1688 1824 radere&

260 1856 364 1912 fruetus
382 1858 454 1912 enim
473 1859 519 1928 qui
537 1858 658 1928 pereepti
676 1863 741 1912 sunt
757 1857 932 1927 neglegentia
948 1856 1076 1926 potentie,
1095 1870 1150 1910 non
1168 1855 1268 1910 iudioio
1282 1853 1404 1911 defirneti
1418 1855 1688 1927 pereeptiuidentur.

260 1945 314 2002 ella
336 1961 421 2001 eausa
443 1951 499 2016 eet,
522 1947 546 2001 si
568 1946 620 2002 sub
643 1945 802 2002 eondieione
824 1947 870 2001 uel
887 1945 915 2000 in
933 1945 1005 2000 diem
1024 1947 1138 2014 rogatus
1155 1941 1251 2000 fuerit:
1274 1947 1341 1999 tune
1359 1945 1430 2000 enim
1448 1945 1524 2016 quod
1540 1947 1689 2018 pereipitur

260 2041 416 2092 summouet
427 2035 585 2105 Falcidiam,
602 2036 744 2090 sitantum
757 2033 846 2105 iussit,
865 2037 996 2104 quantum
1009 2039 1107 2105 quarta
1120 2031 1187 2088 feeit
1198 2037 1227 2088 et
1238 2038 1351 2104 quartae
1362 2032 1481 2090 meurs:
1498 2051 1563 2091 nam
1575 2033 1689 2106 maus,

227 2135 243 2180 e
260 2126 307 2196 qui
325 2125 415 2181 medio
432 2129 555 2194 tempore
571 2125 694 2194 pereepti
711 2129 784 2196 eunt,
803 2139 838 2180 ex
855 2123 956 2180 ludieio
973 2123 1101 2178 testem
1118 2123 1241 2194 pereepti
1258 2123 1394 2179 uidentur.
1422 2121 1477 2180 &d
1495 2125 1569 2180 euim
1587 2125 1612 2180 ai
1629 2125 1689 2195 quia

260 2219 372 2286 rogetur
395 2214 539 2270 restituere
562 2213 741 2269 hereditatem
762 2220 792 2269 et
808 2215 852 2269 uel
870 2213 943 2269 serui
960 2211 1130 2268 deessserlnt
1147 2213 1193 2268 uel
1210 2213 1280 2268 aliae
1297 2227 1342 2268 res
1359 2213 1501 2284 perierint,
1524 2214 1618 2284 plaeet
1634 2228 1689 2270 non

261 2305 323 2374 eogi
345 2319 409 2359 sum
431 2303 546 2359 reddere
568 2303 642 2373 qnod
664 2317 719 2359 nou
743 2302 839 2358 hebet:
864 2304 962 2373 eulpae
983 2303 1064 2374 plane
1086 2301 1201 2358 reddere
1221 2303 1367 2374 rationem,
1391 2301 1441 2359 sed
1459 2303 1519 2358 siue
1535 2317 1609 2373 quae
1627 2303 1690 2360 dolo

262 2393 385 2464 proxima
402 2399 453 2449 eet
484 2399 513 2448 et
529 2393 569 2447 ite
585 2393 713 2448 Neratius
733 2392 802 2448 libro
819 2393 906 2463 primo
924 2407 1116 2462 responsorum
1135 2391 1238 2448 seriblt.
1269 2391 1320 2448 sed
1343 2395 1373 2447 et
1394 2392 1432 2462 el,
1454 2407 1515 2448 oem
1538 2391 1690 2449 distrahere

261 2481 387 2553 deberet,
411 2497 466 2537 uon
483 2480 549 2538 lesit
565 2483 622 2538 late
640 2483 733 2552 eulpa,
756 2497 811 2538 uon
829 2483 883 2538 leui
901 2486 930 2536 et
945 2481 1028 2537 rebus
1046 2481 1103 2538 suh
1122 2485 1254 2538 eonsueh
1271 2481 1457 2552 neglegentia,
1476 2481 1634 2538 huiusmodi
1650 2484 1690 2540 rei

261 2572 392 2628 rationem
412 2571 514 2626 reddet.
543 2570 593 2626 aed
610 2577 639 2626 et
657 2573 681 2627 sl
699 2571 782 2628 aedes
800 2575 879 2627 ustae
897 2575 961 2626 suut
979 2571 1059 2642 eulpa
1077 2572 1144 2642 eius,
1162 2571 1260 2627 reddet
1277 2571 1419 2626 ationem
1444 2575 1590 2642 praeterea
1607 2572 1633 2628 sl
1644 2573 1690 2643 qui

260 2665 356 2732 partus
375 2663 470 2716 extent
487 2665 516 2715 et
532 2663 662 2730 partuum
680 2667 782 2731 partus,
800 2661 865 2731 quie
881 2661 910 2715 in
926 2657 1062 2716 iruodhus
1080 2659 1108 2716 hi
1125 2677 1180 2716 non
1198 2659 1359 2716 habentur⁸.
1386 2659 1436 2715 sed
1453 2665 1483 2715 et
1498 2659 1560 2731 lpse
1571 2661 1596 2716 si
1607 2677 1695 2731 mem

260 2755 399 2820 sumptum
421 2750 488 2806 lesit
509 2751 537 2805 ln
558 2765 603 2806 ree
620 2750 812 2820 hereditau'as,
836 2748 969 2806 dehabet
1004 2747 1078 2820 quod
1096 2751 1120 2805 ai
1138 2749 1198 2806 eine
1215 2749 1289 2806 laeto
1306 2749 1365 2804 eius
1383 2749 1540 2819 prolixitate
1558 2751 1700 2822 temporie

227 2849 243 2894 4
261 2837 345 2894 wdes
362 2853 414 2894 usu
432 2839 585 2909 adquisitae
603 2841 670 2909 sint,
689 2839 883 2910 aequissimum
901 2841 954 2896 erit
971 2839 1037 2895 nihil
1054 2855 1117 2895 sum
1135 2843 1283 2910 praestare,
1302 2853 1364 2894 oum
1380 2839 1465 2909 eripe
1481 2843 1584 2896 eareat
1621 2840 1697 2897 Cum

260 2933 458 2998 proponeretur
478 2929 589 2998 quidam
612 2927 696 2984 tiliam
719 2944 796 2985 suam
819 2929 946 2985 heredem
964 2929 1116 2984 instituisse
1133 2933 1162 2983 et
1178 2943 1293 2997 rogasse
1310 2943 1385 2998 eam,
1410 2933 1455 2999 ut,
1477 2929 1502 2984 ai
1520 2929 1581 2985 eiua
1597 2929 1699 2986 liberie

261 3017 438 3088 meosshset,
460 3017 638 3076 hereditatem
657 3019 730 3074 titio
753 3019 921 3090 restitueret,
947 3033 1031 3090 eaque
1054 3017 1146 3074 dotem
1165 3017 1263 3072 merito
1280 3015 1391 3072 dedisse
1408 3023 1499 3074 sertae
1517 3019 1693 3091 quantitatis,

261 3121 325 3162 mox
343 3106 479 3163 deoedens
491 3108 556 3164 ‘sine
573 3107 665 3164 liberis
683 3107 810 3164 heredem
828 3108 980 3164 instituisse
998 3107 1125 3163 maritum
1143 3121 1236 3176 mum,
1260 3111 1290 3162 et
1306 3109 1496 3178 quaereretur,
1520 3124 1557 3163 en
1574 3107 1627 3165 doe
1643 3109 1693 3166 de·

261 3195 331 3251 trahi
349 3197 444 3267 possit,
462 3197 519 3252 dixi
537 3213 592 3253 non
609 3212 691 3268 posse
709 3197 763 3252 diei
780 3197 809 3253 ln
827 3197 996 3254 euereionem
1014 3195 1218 3252 lideieommisei
1235 3193 1348 3266 laetum,
1366 3195 1439 3267 quod
1456 3202 1486 3253 et
1503 3198 1627 3256 mulieris
1641 3213 1688 3270 pu·

261 3285 370 3341 dathae
388 3291 416 3341 et
433 3287 519 3356 petris
537 3291 602 3343 uoto
621 3287 797 3358 congruebat.
824 3301 909 3356 quere
927 3285 1072 3342 dioendum
1090 3289 1134 3340 est
1151 3285 1243 3340 dotem
1262 3285 1403 3356 desedere,
1420 3301 1454 3342 ee
1471 3287 1584 3358 siquod
1596 3303 1688 3360 super

261 3371 358 3430 luisset
375 3380 472 3446 rogate
489 3382 563 3431 esset
580 3377 732 3432 restituere.
760 3375 834 3446 quod
852 3377 876 3432 ei
892 3381 984 3432 tarem
996 3374 1103 3431 lrnotua
1114 3389 1149 3430 ex
1161 3373 1313 3430 hereditate
1324 3376 1422 3432 mulier
1432 3378 1566 3448 pereepit,
1583 3383 1617 3434 ut
1626 3377 1686 3435 inde

260 3465 362 3534 poterit
383 3463 442 3519 doti
464 3463 604 3535 satisfieri,
617 3465 774 3520 ‘dicendum
793 3470 836 3520 est
853 3465 946 3534 potius
963 3463 1098 3520 iruotihus
1115 3463 1167 3520 hoe
1184 3477 1335 3533 emmaum
1352 3463 1495 3522 ferendum
1512 3481 1597 3538 quam
1614 3465 1706 3524 fidet-r

228 3563 243 3610 e
261 3553 416 3610 summisso.
448 3554 482 3608 Ut
499 3552 670 3609 Trebelliano
687 3555 764 3610 loeus
782 3559 869 3624 esset,
888 3569 942 3609 non
960 3551 1063 3608 suffieit
1080 3553 1115 3608 de
1132 3551 1285 3609 hereditate
1302 3555 1430 3624 rogatum
1448 3569 1523 3626 esse,
1542 3555 1592 3612 sed
1611 3559 1688 3629 quasi

260 3642 387 3698 heredem
410 3644 501 3714 rogeri
525 3647 640 3714 oportet.
671 3643 788 3713 denique
806 3643 829 3698 si
847 3644 890 3698 eui
910 3643 998 3714 portio
1015 3641 1175 3698 hemditetis
1192 3641 1275 3698 ieerlt
1291 3643 1384 3712 legata
1401 3644 1497 3714 (legari
1515 3646 1589 3702 enim
1608 3663 1688 3718 posse

260 3731 342 3788 etiem
364 3733 516 3802 portionem
534 3732 695 3788 hereditatis
710 3733 801 3802 plaoet
818 3731 908 3800 nohis)
926 3735 1093 3804 sopitusque
1110 3730 1193 3788 tuerit
1210 3731 1281 3788 haue
1297 3737 1404 3802 partem
1422 3735 1581 3806 restituere,
1605 3735 1688 3795 dubio

260 3822 354 3891 prooul
371 3837 425 3877 nou
442 3820 491 3877 liet
508 3823 644 3878 restitutio
662 3837 696 3877 ex
714 3827 827 3878 senatus
845 3823 970 3878 oonsulto
987 3821 1104 3892 ideoque
1122 3835 1173 3876 nee
1190 3825 1288 3892 quarta
1305 3822 1445 3878 minetur.
1654 3837 1655 3840 ¹
1704 3841 1706 3876 s

124 3909 163 3968 24
177 3907 242 3987 (23)
313 3911 451 3966 [narseus
468 3911 536 3968 libro
554 3912 713 3982 trigensimo
730 3925 804 3968 nono
822 3911 1000 3980 digestorum.
1032 3910 1394 3986 Quotienslpatert'emilias
1410 3927 1496 3968 unum
1514 3905 1706 4000 Q,

259 3999 304 4056 uel
322 3999 391 4055 duos
408 3999 523 4056 heredes
541 3999 719 4057 eoheredibus
737 4001 794 4056 suis
812 4001 956 4056 restituere
973 3999 1151 4056 hereditatem
1170 3998 1259 4070 iubet,
1282 4001 1449 4071 intellegitur
1466 4001 1578 4058 easdem
1596 4009 1690 4074 partes

260 4090 287 4143 in
305 4087 522 4145 fideieommissis
540 4088 639 4160 faeere,
657 4104 727 4159 quae
744 4090 773 4144 iu
784 4088 936 4144 hereditate
948 4088 1138 4145 distribuenda
1149 4087 1253 4144 feeerit
1280 4090 1330 4146 sed
1341 4091 1366 4146 ai
1378 4089 1524 4147 iubeantur
1534 4091 1572 4162 hi,
1589 4092 1690 4163 quibua

259 4177 497 4236 fideicommissum
516 4180 605 4250 datur,
622 4181 766 4250 peeuuiam
784 4193 927 4234 numerare
945 4183 1027 4248 etque
1044 4179 1085 4234 ita
1100 4177 1312 4250 hdeiopmmlssa
1327 4181 1463 4252 resipere,
1481 4195 1517 4236 ex
1536 4182 1691 4251 quantitate

258 4269 399 4339 pecuniae,
418 4273 499 4339 quam
518 4269 584 4324 dare
601 4269 736 4340 iubentur,
754 4269 882 4324 uoluntas
899 4268 1053 4340 eolligenda
1069 4273 1113 4324 est
1124 4269 1210 4339 patris
1222 4267 1348 4326 familias.
1375 4285 1438 4326 nam
1451 4269 1475 4326 ei
1486 4285 1522 4326 ex
1534 4269 1690 4340 disparibus

260 4367 502 4437 mwouqtois)

261 4509 548 4579 ¹repraesentaudum
567 4513 602 4578 (e.
616 4509 665 4578 t.)‘i
734 4509 878 4580 ¹editum]
897 4510 1006 4566 locum?
1076 4509 1253 4568 ⁸reddentnr
1271 4521 1318 4566 tna.
1439 4565 1440 4568 ,

259 4633 587 4712 ispeeieiiudioassei'l
602 4641 839 4699 laeedemoninsi'
869 4643 945 4714 5pa-
998 4645 1122 4700 oentiaF
1144 4641 1481 4711 aohmtamt‘thntsta
1491 4644 1525 4698 ἲ*
1553 4643 1690 4719 illidium]

259 4713 386 4768 trienii*
436 4715 709 4785 irepreeetandom]
733 4717 766 4780 F,
789 4730 946 4786 repraesen-
998 4715 1134 4772 ialeidiem
1153 4717 1189 4770 F¹
1205 4717 1211 4784 Ι
1226 4723 1304 4770 *etam
1319 4716 1367 4770 F’l
1410 4717 1556 4788 eoasque]
1570 4718 1691 4789 eequ‘a'e

260 4785 372 4840 undum
387 4785 480 4852 WDI,
498 4791 731 4856 repraesentatum
750 4789 787 4852 Ε,
805 4793 946 4858 praesten-
1000 4785 1049 4841 per
1064 4791 1069 4854 Ι
1085 4793 1194 4842 oerte⁴e
1213 4787 1263 4840 Ρ*
1316 4789 1350 4844 31
1369 4789 1538 4846 meritorii!
1557 4790 1690 4858 (erasti)

260 4857 324 4912 dum
346 4857 398 4912 GK
450 4859 483 4912 16
504 4859 663 4928 temporiti
712 4859 744 4912 li
764 4861 818 4929 qui}
838 4875 892 4930 que
911 4859 947 4912 F*
999 4860 1165 4984 3⁶¹²},W
1198 4859 1344 4930 3ioui1K,
1376 4859 1689 4932 uiilqueWDii‘QiG,

261 4930 294 4983 19
312 4929 624 4998 querta1WDEQIGK,
642 4933 803 4998 quartemF
844 4931 947 4988 theul-
1000 4949 1048 4984 em.
1085 4931 1096 4962 ¹
1131 4931 1341 5001 40ulpianusF
1408 4931 1529 4998 solor<
1565 4931 1688 4988 43fidei·

259 5015 312 5070 pae
334 5002 415 5070 plane
437 4999 552 5057 reddere
574 5001 655 5072 'quod
679 5017 733 5057 nou
759 5001 843 5058 habet
866 5004 949 5130 oulsse
1000 5003 1174 5058 oommiesum
1192 5001 1274 5058 datur
1287 5003 1589 5073 peeuniemnumsrere
1607 5011 1689 5075 atque

251 5072 346 5139 plane'
357 5073 490 5130 rationem
511 5073 546 5126 F‘
600 5074 635 5130 24
653 5074 766 5130 leuitet
783 5074 819 5128 F*
835 5076 841 5144 1
856 5091 891 5130 ue
1000 5073 1039 5130 ita
1055 5081 1094 5130 ter
1114 5075 1147 5128 Fi
1167 5077 1223 5143 (aa.
1236 5075 1299 5143 ΡΝ)
