3608 5460
216 331 219 344 ,
288 265 438 334 XXXXV
462 267 479 332 1
503 235 620 328 itt—83
830 283 834 304 ’
960 259 1048 341 662
1461 279 1509 330 us
1532 253 1744 330 unusosuu'

288 421 369 494 'qnod
387 437 440 494 sgo
459 422 588 493 uoluero',
605 422 674 490 haeo
691 421 788 478 electio
806 422 960 492 personalis
977 426 1029 492 est,
1047 427 1076 478 et
1093 421 1156 477 ideo
1175 435 1255 477 seruo
1270 423 1313 477 uel
1324 419 1380 476 filio
1393 421 1456 476 talis
1469 421 1570 476 electio
1582 419 1720 478 cohaeret:

256 523 268 567 1
287 513 316 568 iu
334 511 449 568 heredes
466 517 558 568 tamen
576 513 675 568 transit
692 510 823 582 obligatio
841 516 870 566 et
888 517 952 566 aute
970 511 1129 568 electionem
1149 517 1257 568 mortno
1274 511 1444 582 stipulatore.
1475 510 1545 566 Cum
1562 510 1722 580 stipulamur

288 601 429 673 ‘quidquid
446 605 474 658 te
492 601 558 657 dare
576 599 667 658 iacere
684 599 809 670 oportet',
828 599 856 654 id
874 599 948 669 quod
966 601 1105 670 praesenti
1123 599 1168 656 dle
1186 600 1330 656 dumtaxat
1347 599 1464 656 debetur
1477 601 1506 655 iu
1519 599 1721 670 stipulationem

288 691 445 761 deducitur,
472 705 527 746 uon
551 693 593 758 (nt
616 690 644 745 iu
666 689 784 756 iudiciis)
811 690 894 744 etiam
921 687 1056 746 futurum:
1083 695 1111 745 et
1137 690 1200 746 ideo
1224 691 1252 745 iu
1273 689 1449 760 stipulatione
1469 688 1591 744 adimitur
1611 687 1721 743 uerbum

288 778 456 852 'oportebit'¹
474 781 518 836 uel
535 780 575 834 its
592 779 729 850 ‘praesens
743 779 772 832 in
786 776 911 833 diemue'.
939 778 991 835 hoo
1009 779 1071 835 ideo
1089 777 1128 848 dt,
1147 779 1212 849 quis
1229 779 1277 848 qui
1288 778 1434 848 stipulatu
1451 777 1596 848 ‘quidquid
1614 783 1642 832 te
1659 777 1722 832 darc
1739 787 1751 827 e

287 868 411 941 ‘oportet‘
429 869 598 925 demonstrat
620 884 681 923 eam
705 867 849 940 pceummu
872 882 944 937 quae
967 869 1022 924 iam
1045 867 1175 924 debetur:
1198 867 1272 938 quod
1295 868 1319 923 si
1340 871 1428 924 totam
1447 867 1639 923 demonstrare
1656 866 1721 936 uult,

288 959 372 1016 dicit⁸
390 957 577 1030 'oportebitue'
595 961 635 1013 sel
651 958 691 1013 ita
708 955 846 1026 'praeseus
863 956 892 1011 iu
910 955 1035 1012 diemue’.

232 1047 270 1105 77
340 1048 418 1104 luurs
439 1047 508 1104 libro
532 1047 778 1118 quinquagensimo
803 1051 903 1102 octauo
927 1045 964 1101 ad
986 1046 1116 1102 edietum.
1151 1046 1197 1101 Ad
1221 1045 1293 1102 diem
1316 1045 1369 1102 sub
1392 1060 1482 1116 poena
1500 1059 1547 1116 pe·
1566 1039 1760 1130 [ξ’-ἘΗ

208 1157 209 1162 “
288 1137 370 1192 ouuia
386 1137 521 1206 promissa
538 1141 567 1193 et
585 1141 649 1192 anto
667 1135 740 1191 diem
758 1139 867 1192 mortuo
884 1135 1049 1205 promissore
1067 1135 1253 1191 committetur
1271 1149 1367 1206 poena,
1386 1136 1450 1190 licet
1467 1150 1523 1190 non
1536 1135 1573 1190 sit
1585 1134 1720 1190 hereditas

288 1226 348 1282 eins
364 1225 448 1281 adita.
998 1253 1000 1258 ·
1469 1260 1472 1266 ·
1736 1235 1758 1276 ro

231 1313 269 1373 78
340 1315 418 1370 lusu
438 1313 508 1370 libro
530 1315 721 1385 sexagensimo
744 1313 866 1370 secundo
889 1312 925 1368 sd
942 1311 1073 1368 edictum.
1110 1311 1140 1368 Si
1157 1311 1229 1368 iilius
1247 1311 1364 1368 familias
1382 1311 1434 1368 sub
1452 1311 1546 1368 condi·
1564 1306 1756 1396 [ΜΕ

288 1403 366 1460 oious
387 1403 533 1474 stipulatus
550 1403 738 1474 emancipatus
756 1401 852 1474 fuerit,
876 1401 976 1458 deiude
993 1401 1131 1457 exstiterit
1147 1401 1284 1471 condicio,
1307 1402 1379 1472 patri
1396 1401 1468 1457 actio
1486 1402 1633 1471 competit,
1656 1400 1717 1470 quia

288 1493 317 1548 in
335 1490 556 1563 stipulationibus
573 1491 601 1546 id
618 1497 727 1563 tempus
743 1495 885 1562 spectatur
895 1506 951 1562 qno
963 1489 1156 1546 tenuabimus.
1175 1485 1714 1574 [D·t⁰‚1⁷‚144‚¹·ffi}l‚⁷‚²mh·⁵·'ifil

256 1589 268 1635 1
289 1581 358 1638 (lum
375 1579 490 1637 fundum
508 1580 655 1651 stipulatus
672 1597 742 1650 sum,
760 1595 815 1636 uon
832 1579 947 1636 ueniunt
964 1578 1078 1648 hactus,
1097 1581 1143 1650 qui
1161 1580 1344 1651 stipulationis
1362 1585 1486 1649 tempore
1504 1577 1615 1634 ineunt
1729 1592 1751 1632 rs

231 1665 270 1726 ‘to
342 1669 492 1726 Unrmuus
511 1667 581 1725 libro
598 1670 820 1740 septuagensimo
838 1668 874 1724 ad
893 1668 1022 1725 edictum.
1058 1668 1088 1724 Si
1105 1669 1275 1740 procuratori
1293 1669 1445 1738 praesentis
1463 1667 1547 1724 fuerit
1564 1664 1655 1752 [ss—ss
1658 1665 1682 1736 1‘,
1685 1664 1712 1726 'to'
1727 1674 1749 1728 Ε

288 1764 407 1828 cautum,
425 1773 460 1814 ex
476 1758 606 1829 stipulatu
624 1759 759 1815 actionem
777 1759 871 1814 utilem
889 1759 1000 1815 domino
1018 1762 1174 1828 competere
1191 1771 1272 1813 nemo
1290 1756 1413 1827 ambigit.
1649 1743 1711 1810 ‘f'

230 1844 271 1905 80
339 1847 418 1903 lusu
439 1845 508 1903 libro
531 1847 755 1918 septuagensimo
779 1855 877 1919 quarto
899 1849 935 1904 ad
959 1848 1087 1904 edictum.
1124 1847 1257 1913 Quotiens
1274 1847 1303 1902 iu
1320 1845 1544 1917 stipulationibus
1562 1842 1743 1930 [Kssffili

288 1936 418 2008 ambigna
435 1935 522 1992 oratio
539 1941 590 2007 est,
609 1937 859 1996 commodissimum
878 1937 965 1994 estid
984 1937 1080 2008 accipi,
1099 1950 1154 2006 quo
1172 1951 1225 2004 res,
1243 1951 1299 2006 qua
1316 1935 1351 1992 de
1368 1935 1467 2005 agitur,
1486 1936 1515 1992 in
1532 1921 1708 1992 tntnsit*

231 2023 268 2084 81
340 2027 418 2082 luna
439 2023 508 2082 libro
530 2027 753 2096 septuagensimo
776 2027 894 2098 septimo
918 2027 953 2082 ad
977 2026 1105 2082 edictum.
1143 2024 1274 2090 Quotiens
1296 2025 1358 2094 quis
1381 2025 1462 2080 aliurn
1483 2025 1544 2080 sisti
1562 2021 1743 2109 [ΜΚ

286 2115 422 2188 promittit
437 2131 489 2172 neo
506 2115 591 2171 adicit
607 2131 738 2187 menam,
759 2121 827 2187 puta
844 2117 887 2172 uel
905 2131 1017 2172 seruum
1039 2131 1118 2172 suum
1136 2116 1182 2171 uel
1200 2113 1336 2170 bominem
1353 2111 1482 2184 liberum,
1506 2117 1658 2186 quaeritur,
1679 2131 1710 2170 au
1723 2124 1743 2166 st

287 2204 473 2260 committatur
495 2205 644 2276 stipulatio.
677 2209 706 2260 et
723 2205 820 2261 Celsus
838 2205 889 2275 ait,
913 2206 965 2260 etsi
983 2219 1037 2260 nou
1056 2210 1099 2262 est
1116 2203 1180 2260 huic
1198 2203 1366 2273 stipulationi
1384 2203 1508 2259 additum
1527 2204 1588 2261 ‘nisi
1606 2205 1709 2274 steten't,

287 2293 411 2365 'poenam
430 2293 505 2364 dari',
523 2295 568 2350 in⁸
586 2294 628 2364 id,
646 2294 742 2365 quanti
760 2293 876 2350 interest
893 2294 962 2364 sisti,
980 2293 1120 2350 contineri.
1147 2299 1176 2348 ct
1193 2307 1290 2348 nerum
1308 2299 1359 2363 est,
1378 2293 1451 2363 quod
1470 2293 1569 2350 Gelam
1587 2295 1639 2350 ait:
1655 2309 1709 2350 nam

255 2393 268 2439 1
287 2383 334 2455 qui
351 2383 434 2440 alium
452 2384 513 2438 sisti
529 2383 673 2454 promittit,
692 2381 744 2439 hoo
761 2385 897 2454 promittit
912 2384 941 2440 id
959 2399 990 2438 se
1008 2387 1141 2452 acturum,
1160 2385 1193 2436 ut
1209 2386 1272 2437 stat.
1299 2380 1328 2437 Si
1347 2387 1507 2452 procurator
1525 2384 1587 2440 sisti
1604 2385 1709 2454 aliquem

287 2473 345 2529 sins
363 2487 452 2544 poena
469 2473 616 2544 stipulatus
634 2473 684 2544 sit,
702 2479 794 2545 potest
812 2471 922 2530 delendi
940 2487 994 2528 nou
1013 2487 1105 2541 suam,
1124 2470 1174 2527 ssd
1192 2471 1260 2541 eius,
1279 2471 1358 2528 ouius
1376 2473 1517 2542 negotium
1536 2474 1632 2544 gessit,
1648 2473 1710 2530 utili·

286 2567 371 2620 tatem
392 2563 421 2618 in
439 2577 473 2619 sa
490 2577 520 2617 re
537 2560 700 2617 deduxisse:
724 2561 807 2632 idque
825 2561 922 2618 fortius
940 2561 1101 2632 dipondium,
1125 2562 1148 2616 si
1167 2561 1269 2632 ‘quanti
1286 2577 1321 2616 ea
1338 2575 1382 2616 rsa
1401 2559 1445 2616 sit‘
1462 2562 1607 2633 stipulatio
1623 2577 1709 2634 propo·
1723 2569 1742 2612 tl

287 2656 367 2710 ustor
383 2651 575 2722 procuratoris.

230 2737 269 2797 82
338 2741 417 2797 Inuus
432 2739 502 2796 libro
519 2739 742 2810 septuagensimo
760 2744 860 2796 ostano
878 2739 914 2795 ad
932 2740 1061 2796 edictum.
1097 2740 1184 2797 Nemo
1202 2755 1260 2795 rem
1278 2735 1741 2824 [Efflfflsssfflfflliffl

287 2845 365 2886 suam
383 2830 485 2886 utiliter
501 2830 660 2900 stipulatur,
678 2829 728 2884 sed
746 2829 861 2899 pretium
880 2829 920 2885 rei
938 2843 1004 2885 suae
1023 2845 1077 2886 nou
1095 2827 1240 2884 inutiliter:
1258 2844 1325 2884 saus
1342 2843 1400 2884 rem
1419 2843 1509 2884 meam
1528 2829 1596 2886 mihi
1613 2827 1710 2886 restitui

255 2929 268 2974 1
287 2923 362 2976 mota
380 2919 504 2990 stipulari
520 2917 624 2974 uideor.
661 2915 691 2974 Si
708 2922 773 2988 post
789 2933 893 2974 moram
912 2919 1084 2989 promissoris
1102 2917 1183 2974 bomo
1202 2917 1364 2987 decesserit,
1388 2921 1499 2973 tenetur
1516 2917 1603 2974 uibrlo
1621 2920 1710 2987 miuus,

254 3017 270 3064 t
286 3007 402 3080 prolude
413 3023 446 3064 ao
458 3007 482 3063 si
494 3006 574 3064 homo
586 3007 701 3062 uiueret
723 3007 760 3062 ut
772 3005 816 3062 bio
828 3021 932 3062 moram
943 3007 1053 3063 uidetur
1065 3007 1172 3077 iecisse,
1185 3008 1232 3077 qui
1243 3007 1350 3077 litigare
1363 3007 1459 3062 maluit
1469 3021 1552 3076 quam
1566 3010 1711 3066 restituere
1726 3018 1745 3060 st

230 3094 269 3154 83
340 3097 459 3154 Paunns
475 3094 545 3152 libro
563 3095 786 3166 septuagensimo
803 3096 924 3152 secundo
942 3096 979 3152 ad
996 3096 1125 3152 edictum.
1152 3097 1228 3152 luter
1245 3096 1420 3167 stipulantsm
1439 3100 1468 3151 et
1481 3113 1544 3167 pro·
1563 3093 1745 3183 [ΜΒ

287 3187 440 3242 mittentem
458 3185 598 3255 negotium
616 3183 793 3242 contrahitur.
817 3187 911 3256 itaque
929 3186 998 3241 alius
1016 3200 1065 3256 pro
1084 3186 1138 3241 alio
1155 3185 1316 3256 promittens
1331 3185 1458 3242 daturum
1470 3186 1646 3246 facturumue
1657 3204 1713 3246 sum

287 3290 341 3331 uon
359 3273 509 3345 obligatur:
527 3290 591 3330 nam
609 3273 644 3330 de
662 3289 693 3330 se
710 3265 847 3345 quemque
864 3275 1022 3345 promittere
1039 3280 1155 3345 oportet.
1186 3281 1215 3331 et
1232 3275 1280 3345 qui
1297 3275 1415 3345 spondet
1433 3275 1533 3333 ‘dolum
1552 3280 1654 3335 malum
1672 3277 1715 3334 ab

287 3365 356 3420 'esse
374 3362 568 3434 afuturumque
586 3361 663 3433 ssse',
682 3377 736 3420 uon
755 3363 870 3433 simplex
888 3363 1050 3420 abnutiuum
1062 3363 1187 3434 spondet,
1206 3363 1256 3419 sed
1268 3370 1425 3422 curaturum
1438 3380 1478 3435 ao,
1495 3370 1529 3422 nt
1540 3367 1623 3424 dolus
1635 3368 1716 3423 malus

286 3453 371 3510 absit:
390 3453 517 3524 idemque
534 3453 562 3508 iu
579 3451 631 3507 illis
650 3451 871 3522 stipulationibus
890 3451 998 3509 'habere
1014 3453 1104 3510 licere'
1122 3454 1187 3510 item
1206 3453 1302 3524 'usqne
1320 3469 1369 3524 per
1386 3461 1415 3510 te
1427 3470 1517 3526 neque
1529 3471 1581 3526 per
1592 3457 1716 3514 heredem
1732 3467 1756 3510 ss

255 3548 268 3593 1
286 3541 371 3599 'tuum
388 3541 456 3612 fieri,
473 3555 528 3612 quo
546 3541 635 3598 minus
652 3539 717 3597 tiat’.
748 3540 778 3597 si
796 3540 919 3598 Stichum
937 3543 1084 3612 stipulatus
1102 3543 1137 3598 de
1155 3544 1208 3600 alio
1227 3544 1352 3614 sentiam,
1370 3549 1401 3599 tu
1419 3543 1455 3600 ds
1467 3545 1531 3615 alio,
1549 3543 1618 3602 nihil
1631 3553 1717 3603 actum

286 3633 347 3688 erit
378 3631 451 3702 quod
468 3635 498 3686 et
514 3630 542 3686 iu
560 3629 667 3686 indiciis
685 3629 780 3687 Aristo
798 3631 979 3688 existimauit:
1002 3632 1052 3687 sed
1070 3631 1114 3687 hic
1133 3633 1221 3702 magis
1239 3637 1296 3702 est,
1315 3638 1346 3688 ut
1363 3633 1387 3688 is
1404 3635 1508 3703 petitus
1526 3635 1670 3707 uideatur,
1686 3635 1720 3692 ds

286 3735 341 3792 quo
365 3725 442 3778 actor
465 3719 560 3776 sensit.
594 3735 657 3775 uam
680 3720 821 3790 stipulatio
844 3735 878 3776 ex
901 3721 1044 3790 utriusque
1064 3737 1200 3778 consensu
1218 3723 1306 3792 udat,
1329 3721 1460 3778 iudicium
1479 3729 1574 3780 autem
1592 3726 1676 3782 etiam
1693 3725 1720 3781 iu

286 3810 401 3866 inuitum
419 3809 543 3866 redditur
559 3814 588 3864 et
605 3808 667 3864 ideo
686 3810 771 3865 actori
789 3810 881 3880 potius
899 3809 1064 3866 credendum
1084 3815 1140 3866 est:
1159 3812 1280 3881 alioquin
1292 3826 1400 3882 semper
1411 3812 1527 3882 negabit
1538 3829 1605 3870 reus
1618 3831 1649 3871 ss
1660 3831 1721 3871 oon·
1738 3827 1763 3868 ss

254 3899 414 3955 tssnsisse.
451 3897 481 3955 si
502 3899 650 3969 atipuante
668 3895 679 3970 ΙΙ
699 3913 743 3954 me
762 3897 885 3955 Stichum
909 3904 957 3955 sut
973 3899 1145 3971 Pamphilum
1167 3905 1199 3956 tu
1221 3916 1305 3958 uuum
1328 3901 1457 3957 daturum
1481 3907 1510 3958 te
1530 3903 1800 3974 spoponderunt*

254 3989 395 4046 soonstst
412 4003 467 4045 uon
483 3989 572 4044 teneri
590 3992 618 4043 te
636 4003 687 4043 uec
705 3988 741 4043 sd
758 3989 956 4059 interrogatum
974 4004 1036 4045 esse
1053 4005 1225 4062 responsum.
1252 3991 1370 4046 Diuersa
1388 4005 1474 4047 causa
1487 3997 1532 4048 est
1542 4008 1723 4064 summarum,

286 4077 371 4134 ueluti
390 4077 493 4133 'decem
517 4083 565 4133 ant
589 4077 687 4148 uiginti
710 4077 769 4133 dari
787 4077 934 4149 spondeat*
961 4078 1005 4134 hio
1023 4080 1095 4135 enim
1114 4079 1166 4135 etsi
1184 4079 1280 4136 decem
1299 4079 1493 4152 spoponderis,
1516 4088 1595 4140 recte
1613 4099 1724 4156 respou-

253 4173 346 4224 ssum
365 4171 417 4236 est,
436 4167 501 4238 quis
517 4182 626 4237 semper
643 4167 671 4222 in
689 4167 804 4223 summis
822 4167 858 4236 id,
877 4167 951 4238 quod
970 4168 1061 4224 minus
1079 4173 1129 4238 est,
1147 4169 1276 4240 sponderi
1294 4169 1411 4226 uidettu.
1438 4171 1509 4228 item
1528 4173 1552 4228 si
1565 4173 1725 4245 egoplures

286 4271 330 4312 res
348 4256 470 4326 stipuler,
488 4254 611 4312 Stichum
628 4259 697 4325 puta
714 4262 743 4312 et
759 4255 938 4327 Pamphilum,
956 4257 1022 4312 licet
1038 4273 1123 4313 unum
1141 4259 1329 4330 spoponderis,
1348 4259 1464 4315 teneris:
1482 4260 1590 4318 uideris
1603 4263 1677 4319 enim
1689 4263 1725 4319 ad

180 4367 181 4374 ¹
254 4352 268 4400 t
287 4361 368 4402 unam
387 4360 422 4400 ex
439 4343 548 4401 duabus
566 4343 786 4416 stipulationibus
804 4346 987 4416 respondisse.
1015 4345 1126 4402 Sacram
1144 4349 1190 4402 uel
1200 4348 1355 4418 religiosam
1369 4363 1426 4404 rem
1438 4351 1483 4406 nel
1496 4351 1596 4408 usibus
1607 4352 1726 4424 publicis
1743 4365 1770 4408 se

285 4435 314 4491 iu
336 4438 498 4505 perpetuum
521 4434 642 4490 relictam
668 4435 715 4502 (ut
736 4433 825 4490 forum
851 4440 898 4491 ant
918 4434 1075 4504 basilicam)
1094 4441 1143 4492 aut
1159 4436 1295 4493 bominem
1314 4435 1428 4494 liberum
1446 4439 1584 4504 inutiliter
1602 4445 1726 4516 stipulor,

285 4539 478 4610 F(XYMOO)

286 4695 297 4730 ¹
315 4689 488 4764 oportebitue
506 4693 541 4758 (a.
555 4693 603 4760 tii
673 4695 684 4729 ²
702 4693 806 4749 adicit?
875 4695 887 4730 ³
905 4694 933 4749 iu
951 4697 999 4751 det

287 4842 458 4912 loohssret]
482 4857 536 4899 uon
560 4841 748 4899 cohaeretis*
801 4845 974 4917 boportebit
1027 4847 1388 4918 staimplex1aihiplexf¹
1437 4853 1473 4908 36
1492 4853 1678 4912 sent‘ent'iam
1693 4857 1726 4910 Ρ

285 4914 340 4984 uel]
362 4913 418 4980 PU,
441 4913 613 4985 oportebitue
638 4915 712 4981 ΠΡ,
734 4916 907 4987 oportebitue
929 4919 973 4974 uel
1027 4919 1061 4974 37
1080 4918 1139 4988 sed]
1152 4919 1238 4976 sitF¹
1283 4921 1319 4976 39
1336 4922 1451 4990 negauit
1469 4925 1495 4977 F
1535 4927 1571 4981 ts
1590 4927 1726 5001 spo'po'n·

284 4985 349 5051 XO,
368 4993 415 5042 tar.
428 4985 472 5041 M·
516 4985 876 5060 ioportebitneuel]X¹O,
894 5003 973 5060 opor·
1027 4989 1085 5046 deri
1104 4992 1141 5044 F’
1194 4989 1341 5062 ttin1im
1360 4993 1387 5048 F

285 5055 390 5118 tebitue
402 5057 579 5126 dms-rao,
597 5058 735 5135 oportebit
746 5061 791 5120 uel
808 5060 850 5129 Γῆ
870 5071 917 5118 sse.
929 5059 973 5116 Ma
