4350 5438
922 224 995 305 73*

236 386 273 442 de
291 384 499 457 exceptionibus
516 387 763 458 praescriptionibus
782 385 928 454 etprseiu·

273 475 352 531 diciis
378 476 451 544 44,1
816 467 818 474 ’

236 563 273 619 (16
289 571 459 636 prassmplis
470 561 563 618 uerbis
577 567 606 618 et
617 563 646 617 in
658 561 761 618 factum
774 561 928 619 6611661666

275 653 348 721 115

236 741 273 797 de
291 740 382 797 officio
399 745 529 813 praesidis
558 743 630 812 1,18

236 831 272 886 de
289 830 498 902 probationibus
517 835 546 887 61
561 831 811 904 praesumptionibus
837 831 911 900 213

237 920 272 976 du
291 919 382 976 offitio
398 927 546 992 praetorum
577 923 601 988 1,
615 919 649 975 14

236 1007 272 1064 (16
289 1017 513 1080 praeuaricatione
540 1009 632 1078 4115

236 1097 272 1154 (16
288 1107 408 1170 preuurio
435 1097 479 1164 43,
492 1099 527 1152 26

237 1187 272 1242 do
287 1194 402 1259 pluatis
420 1186 527 1241 delictis
554 1187 628 1256 411

235 1296 285 1347 pro
303 1275 434 1331 derelicto
460 1277 534 1345 41‚i

234 1384 284 1436 pro
303 1364 406 1420 donate
432 1365 506 1434 41,6

233 1473 284 1526 pro
302 1454 368 1509 (1616
394 1455 468 1524 ins

235 1563 284 1616 pro
303 1547 426 1612 emptore
452 1543 527 1618 414

235 1651 285 1703 pro
304 1631 404 1687 herede
422 1632 467 1686 uel
484 1645 534 1700 pro
554 1643 713 1700 possessore
739 1627 813 1698 415

235 1741 285 1793 pro
302 1721 395 1791 legata
421 1721 495 1790 41,8

236 1827 285 1881 pro
303 1811 379 1865 senio
408 1811 480 1878 1t,u

235 1917 285 1970 pro
303 1914 354 1955 suo
381 1899 473 1968 41,10

237 1986 272 2042 dc
289 1989 484 2058 probationibus
501 1989 531 2042 et
547 1981 815 2055 praesumptionibus
842 1981 915 2051 113

237 2076 272 2131 (16
291 2074 382 2130 officio
398 2080 558 2148 proconsulis
575 2073 659 2144 legati
687 2075 711 2142 1,
726 2074 759 2128 16

237 2165 272 2220 (16
289 2166 501 2235 procuratoribus
519 2169 547 2219 et
565 2160 754 2218 defensoribus
781 2161 836 2230 3,3

237 2253 272 2309 de
291 2251 381 2308 officio
400 2261 577 2323 procuratoris
589 2251 715 2307 Gesseris
731 2249 775 2304 uel
787 2247 927 2303 rationalis

237 2344 471 2503 dulbrlosbsnelirts'
485 2431 528 2499 50,
543 2430 577 2484 14

237 2519 272 2576 de
295 2521 438 2591 publicanis
461 2523 490 2575 et
514 2515 696 2588 uectigalibus
720 2519 749 2571 et
775 2514 928 2572 commissis

237 2609 488 2754 (16311116166616
507 2711 563 2752 rem
583 2695 690 2751 6611666
718 2697 774 2765 6,2

237 2787 273 2843 16
290 2789 399 2859 publicis
417 2785 525 2842 iudiciis
550 2787 624 2856 48,1

237 2962 491 3039 praeinstandum
509 2963 674 3019 creditorum
698 2960 773 3018 iacta
795 2965 873 3032 sunt,
897 2963 928 3016 ut

272 3054 452 3110 restituantur
476 3053 551 3122 418

237 3163 303 3217 quas
320 3158 365 3210 res
382 3142 491 3212 pignori
509 3142 553 3197 uel
571 3139 743 3213 hypothecae
761 3140 843 3196 datae
861 3137 928 3195 obli·

272 3233 334 3302 gari
351 3248 405 3287 nou
423 3237 540 3302 possunt
566 3232 640 3298 20‚3

238 3341 304 3396 quas
321 3321 474 3377 sententiae
495 3321 554 3375 siue
572 3319 754 3391 appellatione
772 3316 928 3374 rescindan-

273 3417 319 3466 tur
344 3411 419 3481 416

238 3500 273 3556 (16
292 3501 482 3573 quaestionibus
507 3499 599 3570 48,18

238 3589 273 3645 (16
292 3587 383 3645 6111610
402 3597 545 3661 quaestoris
573 3589 597 3656 l,
612 3587 646 3642 13

238 3680 340 3751 quando
358 3677 550 3748 appellandum
570 3677 606 3732 sit
628 3680 657 3731 et
678 3675 750 3730 iutra
772 3688 843 3744 quae
861 3677 928 3728 tem·

272 3783 342 3838 pore
367 3767 441 3837 4114

238 3858 340 3930 pando
359 3855 394 3910 (16
413 3857 520 3926 peculio
539 3855 611 3910 ectio
629 3853 736 3910 6666116
754 3857 797 3908 661
825 3851 898 3920 15‚2

238 3947 341 4019 quondo
359 3945 419 4000 dies
430 3946 583 4016 legatorum
598 3945 643 3999 uel
655 3941 928 3999 fideicommissorum

273 4034 356 4089 cedat
380 4037 454 4105 36,2

237 4125 340 4198 pondo
358 4123 418 4180 dies
435 4139 503 4178 usus
521 4121 626 4178 istratus
643 4121 728 4191 legati
745 4119 827 4174 cedat
854 4121 910 4189 i,3

237 4215 340 4285 quondo
358 4229 393 4268 ex
412 4212 486 4268 saeta
499 4214 596 4268 tutoris
608 4212 652 4267 661
665 4210 797 4265 curatoris
810 4209 928 4264 minores

273 4317 356 4372 agere
374 4303 418 4358 uei
436 4303 575 4358 conueniri
594 4305 710 4372 possunt
736 4300 810 4368 169

237 4392 272 4448 de
290 4392 416 4448 aedilicio
434 4391 525 4447 edicto
543 4397 572 4446 st
588 4389 769 4446 redhibitione
792 4392 821 4444 et
839 4395 929 4461 quanti

273 4481 386 4536 minoris
412 4482 484 4550 21,1

237 4591 347 4644 quarum
365 4586 455 4625 rerum
475 4569 547 4625 66116
565 4583 619 4624 666
637 4567 719 4622 datur
743 4567 818 4635 44,5

237 4661 447 4734 posmodmodum
465 4659 613 4714 seruitutes
632 4658 793 4712 amittuntur
819 4657 875 4725 8,6

236 4755 404 4806 1661666616
430 4749 640 4821 quenadmodum
664 4746 821 4818 aperientur
843 4744 928 4815 inspi-

272 4839 380 4894 cientur
397 4843 427 4893 et
444 4835 634 4894 describantur
661 4837 734 4906 29,3

237 4936 282 5002 qui
300 4933 328 4983 et
346 4944 364 4982 a
380 4926 480 4997 quibus
499 4925 659 4982 manumissi
681 4923 759 4980 liberi
782 4939 837 4980 uon
859 4921 929 4979 fiunt

272 5021 302 5073 et
319 5015 354 5073 ad
372 5017 461 5085 legem
479 5016 587 5072 heliam
606 5013 727 5069 Sentium
754 5013 828 5081 40,s

398 5109 426 5152 u.

983 395 1027 459 pus·
1044 390 1141 457 petant
1157 391 1263 443 tutores
1288 387 1332 442 uel
1355 391 1495 442 curatores
1514 391 1542 442 st
1560 385 1671 457 ubipe·

1017 479 1110 530 166166
1138 477 1212 546 uina

982 574 1026 636 qui
1048 565 1168 635 potiores
1192 565 1220 619 in
1243 565 1358 634 pignore
1381 565 1425 619 uel
1449 563 1605 636 hypotheca
1625 563 1673 619 he·

1016 653 1134 709 beantur
1152 658 1180 708 61
1198 653 1233 709 (16
1251 653 1293 709 his
1305 654 1353 724 qui
1370 655 1398 708 16
1416 653 1536 723 priorum
1556 652 1672 709 credito-
1721 659 1723 666 '

1017 759 1076 798 rum
1095 744 1185 797 locum
1204 743 1356 798 succedunt
1381 743 1455 812 20,4
1764 738 1766 744 ’

982 842 1025 904 poi
1044 831 1179 887 satisdare
1197 837 1331 901 cogentur
1349 833 1392 886 uel
1405 833 1494 886 iurato
1512 831 1674 901 promittant

1016 922 1061 976 uel
1080 936 1147 976 suae
1165 921 1338 991 promissioni
1357 922 1563 992 committantur
1590 921 1645 990 2‚8

981 1010 1102 1083 quisine
1121 1010 1333 1066 manumissione
1352 1010 1387 1064 ed
1404 1009 1558 1066 libertatem
1576 1025 1673 1080 parua·

1017 1100 1096 1154 uiuut
1120 1099 1194 1168 40,6

981 1198 1026 1260 qni
1048 1191 1215 1244 testamenta
1239 1185 1330 1242 iacere
1353 1191 1470 1257 possunt
1492 1192 1520 1242 st
1543 1187 1672 1258 quemad·

1016 1278 1127 1334 modum
1147 1282 1314 1332 testamenta
1331 1274 1407 1356 11661Ι
1425 1277 1498 1347 211

981 1369 1072 1440 quibus
1099 1366 1135 1421 ed
1161 1365 1314 1422 libertatem
1337 1365 1507 1435 proclamare
1530 1379 1586 1420 nou
1609 1365 1674 1420 lieet

1016 1457 1108 1526 40,13

982 1547 1072 1617 quibus
1090 1560 1125 1600 ex
1144 1544 1234 1599 oensis
1247 1544 1275 1599 iu
1287 1543 1489 1613 possessiouem
1503 1547 1582 1598 eatur
1599 1542 1674 1613 414

982 1635 1072 1705 quibus
1091 1633 1180 1689 modis
1198 1633 1298 1704 pignus
1321 1633 1365 1688 uel
1384 1632 1540 1705 hypotheca
1557 1633 1674 1688 soluitur

1017 1723 1091 1792 20‚6

981 1811 1072 1882 quibus
1090 1811 1179 1866 modis
1197 1825 1265 1866 usus
1283 1808 1388 1866 fruetus
1401 1812 1445 1867 uel
1459 1827 1526 1867 usus
1539 1811 1674 1868 amittitur

1017 1901 1074 1969 14

981 1990 1072 2062 quibus
1082 2003 1137 2044 666
1147 1989 1279 2058 competit
1286 1987 1420 2044 bonomm
1433 1991 1573 2061 possessio
1585 1991 1674 2062 38,13

981 2077 1126 2150 dequibus
1148 2077 1230 2133 rebus
1254 2078 1289 2132 ad
1314 2077 1432 2134 eundem
1455 2080 1573 2135 iudicem
1595 2085 1674 2136 eatur

1018 2169 1091 2236 11,2

982 2263 1039 2327 puls
1057 2272 1074 2310 a
1091 2271 1145 2325 quo
1165 2256 1317 2326 appelletur
1343 2256 1416 2325 4113

982 2354 1039 2417 quis
1057 2344 1124 2400 ordo
1142 2345 1171 2400 16
1189 2344 1409 2415 possessionibus
1428 2351 1553 2401 seruetur
1579 2347 1624 2418 38,
1639 2349 1672 2403 15

981 2435 1051 2506 quod
1066 2435 1263 2504 cuiuscumque
1285 2435 1472 2490 uniuersitatis
1495 2436 1605 2492 nomine
1628 2436 1673 2492 uel

1017 2529 1113 2578 corba
1130 2539 1191 2579 eam
1211 2528 1310 2593 egatm
1336 2524 1393 2594 3,4

981 2614 1051 2684 quool
1067 2628 1129 2668 oum
1148 2627 1181 2668 eo
1200 2613 1246 2682 qui
1264 2613 1292 2667 iu
1311 2613 1400 2668 611666
1418 2615 1556 2682 potestate
1570 2618 1613 2669 est
1625 2629 1672 2670 ue·

1016 2702 1121 2770 gotium
1139 2706 1248 2772 gestum
1268 2717 1329 2757 6666
1347 2701 1454 2756 dicetur
1480 2702 1553 2773 14,5

983 2792 1051 2861 quod
1067 2789 1136 2846 salso
1154 2794 1245 2847 tutore
1264 2795 1375 2847 auctore
1391 2795 1499 2862 gestum
1519 2807 1580 2848 esse
1598 2772 1672 2850 dica·

1017 2885 1062 2935 tur
1089 2881 1162 2950 216

981 2971 1051 3042 quod
1066 2969 1143 3024 iussu
1171 2969 1243 3039 15‚4

982 3059 1051 3131 quod
1067 3059 1218 3127 legatorum
1245 3057 1320 3128 43,3

982 3149 1051 3218 quod
1068 3151 1158 3201 metus
1177 3163 1262 3202 cause
1279 3151 1388 3216 gestum
1407 3147 1460 3202 erit
1485 3149 1542 3216 4‚2

982 3238 1051 3308 quod
1068 3236 1183 3305 quisque
1208 3237 1274 3291 iuris
1297 3237 1325 3291 in
1342 3237 1458 3291 alterum
1476 3238 1616 3310 statuerit,
1641 3242 1673 3294 61

1017 3326 1076 3395 ipse
1094 3325 1190 3381 eodem
1209 3326 1268 3381 iure
1286 3331 1379 3381 utatur
1404 3327 1461 3396 12

982 3416 1051 3486 quod
1068 3414 1096 3469 ui
1114 3420 1162 3469 aut
1180 3415 1249 3470 clam
1276 3415 1321 3485 43,
1333 3415 1369 3470 24

982 3523 1089 3574 quorum
1106 3502 1239 3560 bonorum
1267 3504 1342 3574 43,2

981 3687 1067 3734 rotam
1085 3698 1142 3737 rem
1161 3681 1255 3738 haberi
1273 3687 1302 3736 61
1319 3681 1354 3736 de
1372 3677 1564 3736 ratihabitione
1591 3681 1664 3751 46,8

971 3769 1017 3824 de
1035 3767 1126 3826 officio
1144 3771 1328 3841 procuratoris
1341 3770 1466 3826 Caesaris
1480 3770 1524 3824 uel
1537 3773 1673 3825 rationalis

1019 3859 1091 3928 1,19

982 3946 1017 4002 (16
1035 3949 1137 4002 1616166
1156 3952 1185 4002 61
1202 3949 1347 4003 rationibus
1365 3945 1549 4002 distrahendis
1567 3952 1595 4003 et
1613 3947 1673 4003 utili

1017 4037 1166 4092 curationis
1184 4052 1269 4092 eeuse
1286 4037 1394 4092 6611666
1422 4038 1495 4105 113

982 4123 1017 4178 de
1035 4144 1063 4178 rs
1081 4125 1202 4180 iudicata
1220 4131 1249 4180 et
1266 4125 1301 4180 (16
1319 4127 1420 4181 effectu
1434 4125 1631 4181 sententiarum
1645 4129 1673 4180 61

1017 4213 1052 4268 (16
1069 4213 1324 4269 interlocutionibus
1350 4217 1423 4285 42,1

982 4303 1016 4358 de
1034 4323 1063 4358 rs
1081 4303 1190 4358 militari
1216 4305 1308 4374 4116

982 4392 1109 4447 derebus
1127 4393 1291 4448 auctoritate
1314 4393 1412 4448 iudicis
1430 4390 1604 4464 possidendis
1622 4406 1672 4448 666

1017 4481 1172 4536 666666ᾱί6
1199 4482 1273 4551 tei

982 4570 1016 4626 de
1034 4571 1110 4625 rebus
1121 4569 1232 4625 creditis
1244 4571 1268 4625 si
1281 4575 1386 4626 camum
1398 4575 1507 4640 petetur
1519 4574 1548 4626 et
1561 4569 1596 4625 de
1609 4585 1672 4626 cou-

1017 4659 1136 4714 dictione
1166 4661 1237 4728 su,1

981 4745 1017 4802 (16
1035 4749 1110 4803 rebus
1128 4747 1219 4802 dubiis
1246 4748 1319 4818 34,5

982 4836 1109 4892 derebus
1126 4852 1221 4893 eorum
1239 4839 1286 4907 qui
1304 4837 1357 4893 sub
1375 4839 1461 4894 161616
1472 4838 1517 4893 661
1530 4853 1596 4892 cura
1607 4843 1673 4892 sunt

1017 4927 1076 4982 siue
1094 4925 1205 4982 decreto
1223 4941 1277 4982 uon
1295 4928 1445 4983 alienandis
1463 4927 1672 4996 uelsupponeu·

948 5075 949 5080 ἵ
1018 5015 1060 5069 dis
1086 5016 1160 5080 ui,9

1418 5111 1443 5148 10
