3600 5460
124 251 260 321 xxxxi
284 257 300 318 1
323 261 438 316 23-29
796 250 886 329 494
1264 269 1562 350 nasoqurnnnoo

124 411 259 466 rationem
277 408 382 478 facere,
400 415 433 464 ut
450 411 476 465 ei
493 409 639 464 dumtaxat
656 410 684 464 iu
701 409 819 465 solidum
839 408 990 478 adquirat¹.
1019 409 1070 464 sed
1088 409 1111 462 sl
1124 407 1226 464 adiciat
1237 408 1297 463 eius
1309 422 1421 477 nomen,
1440 421 1476 462 ex
1488 407 1563 462 cuius

124 514 155 553 re
177 499 338 568 stipulatur,
361 513 413 554 nec
434 498 616 554 dubitandum
639 512 701 553 esse
724 498 777 567 ait,
801 499 867 568 quin
891 499 917 553 ei
938 497 989 554 soli
1008 497 1181 567 adquiratur,
1205 497 1270 566 quia
1287 502 1317 552 et
1333 497 1360 552 si
1377 511 1414 552 ex
1431 510 1463 550 re
1480 495 1564 564 ipsius

125 587 301 656 stipularetur
319 587 397 642 alteri
415 601 449 642 ex
468 587 594 658 dominis,
613 587 773 642 nominatim
791 587 948 658 stipulando
961 585 1078 642 solidum
1091 586 1117 641 ei
1129 585 1264 655 adquiret
1291 587 1338 640 ut²
1350 585 1379 640 in
1390 573 1564 640 inferioribus

124 675 231 746 probat,
249 681 288 744 ut,
307 676 433 745 quamuis
451 690 505 731 uon
523 676 683 732 nominatim
701 691 754 732 uec
771 677 847 732 iussu
865 690 936 746 meo,
955 691 990 731 ex
1003 689 1034 729 oe
1046 679 1139 730 tamen
1157 670 1289 758 [ct—sm
1297 685 1313 730 1.
1321 683 1374 730 1111
1385 697 1408 742 q.
1417 683 1447 730 D.
1456 683 1565 753 aaut}

122 779 187 819 mea
203 765 351 834 stipulatus
368 764 418 832 sit,
441 779 504 819 cum
523 763 646 834 pluribus
664 762 809 820 bonafide
827 765 957 833 semiret,
975 763 1042 819 mibi
1060 763 1111 819 soli
1129 763 1264 832 adquirat.
1294 777 1360 826 uam
1378 768 1409 816 et
1426 761 1508 830 illud,
1525 776 1565 816 re·
1581 771 1661 816 a
1760 783 1771 824 s

125 857 235 923 ceptum
254 857 309 922 est,
328 858 372 922 ut,
391 854 518 922 quotiens
536 854 688 908 communis
706 868 803 908 seruus
821 851 949 908 omuibus
967 852 1111 922 adquirere
1128 867 1184 908 uon
1201 854 1301 920 potest,
1320 851 1346 905 ei
1365 851 1417 906 soli
1436 865 1501 904 enm
1520 848 1564 904 ad·

125 941 241 1011 quirere,
259 941 303 996 cui
321 945 423 1012 potest
453 945 482 996 ot
499 941 551 996 boc
568 943 702 997 lulianum
721 957 830 1012 quoque
848 940 968 996 scribere
986 955 1070 1010 saepe
1088 941 1179 996 ramuli
1198 955 1286 1009 eoque
1303 939 1363 994 iuro
1381 939 1495 995 utimur.

68 1030 107 1088 24
177 1030 297 1085 Psuuue
319 1029 388 1085 libro
412 1035 510 1099 quarto
534 1027 641 1086 decimo
665 1030 700 1086 ad
719 1029 860 1087 Sabinum.
896 1031 928 1086 lu
951 1029 1096 1099 omnibus,
1116 1043 1188 1098 quae
1210 1028 1247 1084 ad
1270 1027 1388 1083 eandem
1407 1020 1565 1110 [Εἶθ’-ζῇ
1581 1045 1614 1082 r.
1767 1035 1783 1086 s

125 1118 245 1187 speciem
268 1119 369 1174 reuerti
391 1134 447 1174 uon
469 1123 598 1189 possunt,
621 1119 768 1174 dicendum
792 1125 850 1189 est,
873 1120 898 1174 si
921 1119 1036 1174 mauris
1057 1121 1187 1173 manente
1205 1117 1313 1186 species
1330 1115 1480 1172 dumtaxat
1496 1113 1565 1171 forte

125 1211 232 1262 munta
249 1206 293 1276 sit,
311 1208 397 1263 ueluti
415 1208 438 1262 si
457 1222 518 1264 meo
537 1223 600 1263 acre
618 1212 738 1263 statuam
757 1213 806 1263 aut
823 1211 938 1278 argento
956 1206 1091 1279 scyphum
1108 1205 1232 1276 fecisses,
1250 1221 1295 1260 me
1313 1219 1409 1260 eorum
1426 1203 1564 1260 domiuum

125 1309 245 1365 manere,

68 1383 107 1442 25
178 1383 403 1439 Csmmuasuus
428 1383 497 1439 libro
524 1383 645 1440 meando
666 1384 877 1440 institutionum.
911 1385 963 1440 uisi
987 1384 1129 1440 uoluntate
1152 1383 1255 1438 domini
1276 1381 1389 1438 alterius
1407 1376 1565 1464 [ᾗῇ

125 1474 235 1534 nomine
258 1472 287 1528 id
310 1471 412 1528 lactum
437 1473 484 1527 sit:
513 1478 626 1544 propter
645 1487 810 1530 consensum
832 1474 904 1529 enim
925 1473 1029 1530 domiui
1051 1477 1111 1529 tota
1130 1487 1175 1527 res
1196 1471 1256 1526 eius
1276 1467 1322 1540 lit,
1347 1470 1429 1526 cuius
1455 1471 1564 1526 nomiae

125 1559 201 1617 facta
218 1565 270 1616 est.

69 1649 107 1708 26
179 1651 298 1706 Psouue
314 1647 383 1705 libro
402 1655 500 1719 quarto
518 1649 624 1706 decimo
636 1651 671 1706 sd
684 1649 825 1706 Sabinum.
852 1649 908 1708 Sed
921 1651 1026 1706 simois
1038 1648 1140 1706 tabulis
1152 1663 1252 1704 nauem
1264 1645 1388 1717 fudisses,
1407 1642 1565 1730 Q

125 1744 201 1795 tuam
219 1753 319 1794 nauem
337 1753 413 1808 esse,
433 1739 499 1808 quia
516 1755 663 1809 cupressus
681 1755 736 1795 uon
754 1745 890 1811 maneret,
910 1740 991 1795 sicuti
1009 1754 1061 1794 noc
1077 1739 1141 1794 lana
1157 1737 1323 1794 uestimento
1341 1734 1433 1806 facto,
1452 1735 1503 1792 sed
1520 1752 1565 1790 cu·

125 1843 266 1898 presseum
285 1831 334 1882 aut
351 1827 459 1881 laneum
478 1842 579 1897 corpus
596 1827 683 1883 fieret.
710 1829 841 1885 Proculus
859 1823 962 1884 iudicat
979 1827 1032 1883 boc
1050 1828 1109 1882 iure
1127 1842 1178 1882 uos
1196 1826 1245 1894 uti,
1263 1824 1338 1894 quod
1357 1823 1456 1880 Seruio
1474 1831 1504 1880 et
1515 1826 1564 1880 la·

127 1917 209 1972 beoui
225 1916 387 1986 placuisset:
405 1915 433 1970 in
451 1916 551 1985 quibus
568 1918 680 1987 propria
696 1917 814 1987 qualitas
826 1918 1059 1986 exspectaretur⁸,
1078 1914 1181 1985 siquid
1193 1914 1315 1969 additum
1334 1913 1388 1968 erit
1404 1917 1465 1970 toto
1484 1913 1564 1983 cudit,

127 2011 159 2062 ut
177 2010 285 2061 statuae
303 2019 353 2075 pes
371 2007 420 2058 aut
437 2020 548 2074 manus,
572 2005 678 2076 scypho
695 2004 797 2060 fundus
815 2013 864 2060 aut
881 2021 961 2074 ausa,
984 2007 1056 2060 lecto
1073 2002 1204 2072 fulcrum,
1229 2003 1294 2058 naui
1311 2001 1429 2071 tabida„
1441 2001 1564 2058 aedilicio

19 2159 21 2162 ᾖ
95 2101 109 2145 1
128 2099 297 2150 cementum:
315 2098 375 2149 tota
392 2094 465 2148 enlm
483 2095 543 2149 eius
561 2101 633 2164 suut,
652 2095 730 2150 cuius
748 2099 812 2149 auto
830 2093 947 2149 fuerant.
983 2092 1074 2148 Arbor
1091 2092 1222 2148 radicitus
1240 2096 1320 2146 eruta
1337 2097 1367 2146 st
1384 2092 1415 2146 in
1433 2092 1501 2163 allio
1518 2106 1564 2162 po·

127 2183 182 2238 sita
198 2183 358 2254 priusquam
376 2183 516 2252 coaluerit,
537 2182 635 2252 prioris
652 2181 755 2237 domini
772 2187 824 2252 est,
842 2181 891 2238 ubi
908 2183 1019 2251 coaluit,
1037 2197 1105 2251 agro
1123 2179 1204 2250 cedit,
1222 2184 1253 2234 et
1269 2181 1294 2234 sl
1310 2195 1406 2236 rursus
1425 2185 1506 2236 eruta
1522 2180 1564 2250 ait,

128 2287 183 2326 uon
205 2270 241 2326 ad
258 2271 376 2341 priorem
395 2270 535 2326 domiuum
554 2271 712 2327 reuertitur:
737 2287 799 2326 uam
818 2270 948 2326 credibile
967 2276 1011 2326 est
1028 2271 1081 2325 alio
1099 2274 1189 2325 terrae
1207 2269 1336 2324 alimento
1355 2269 1438 2324 aliam
1456 2267 1564 2324 factam.

94 2365 109 2412 1
127 2357 157 2414 Sl
175 2373 264 2414 meam
283 2359 373 2414 lanam
391 2357 527 2429 infeceris,
544 2375 692 2430 purpuram
711 2358 795 2414 uibilo
813 2359 903 2415 miuus
921 2375 1009 2414 meam
1029 2374 1091 2416 osse
1108 2357 1202 2414 Labeo
1220 2358 1267 2428 nit,
1285 2357 1351 2427 (1³1⁸
1368 2357 1437 2412 nibil
1454 2358 1567 2414 intereat

127 2449 198 2503 inter
219 2463 368 2518 purpuram
391 2453 420 2504 et
442 2463 505 2504 eam
529 2448 633 2519 lanam,
657 2463 728 2520 quae
745 2449 775 2504 iu
791 2449 879 2504 lutum
898 2453 947 2504 aut
964 2463 1080 2504 monum
1098 2447 1245 2504 cecidisset
1261 2453 1345 2518 atque
1363 2447 1404 2503 ita
1421 2447 1564 2517 pristinum

128 2537 246 2593 colorem
265 2535 438 2607 perdidisset

70 2621 110 2678 27
180 2625 353 2682 Pouuorcme
370 2624 439 2681 libro
456 2625 617 2695 trigessimo
636 2625 671 2681 ad
689 2625 829 2682 Sabinum.
857 2625 995 2696 Quidquid
1013 2623 1115 2682 infecto
1127 2629 1241 2695 argento
1254 2624 1335 2680 alieni
1348 2640 1390 2680 ar-
1424 2619 1565 2706 {adj}

128 2714 205 2784 genti
222 2713 368 2783 addideris,
387 2729 442 2769 nou
460 2730 521 2770 esse
538 2719 617 2770 tuum
635 2719 725 2771 totum
743 2720 887 2785 argeutum
906 2714 1048 2772 fatendum
1066 2719 1124 2770 eet:
1143 2719 1173 2770 at
1190 2717 1286 2770 eontra
1303 2713 1327 2770 si
1338 2719 1421 2770 tuum
1432 2711 1564 2784 soypbum

13 2845 29 2850 η-
106 2793 108 2798 ’
129 2803 218 2858 alieno
236 2801 348 2872 plumbo
367 2801 552 2872 plumbaueris
570 2803 695 2860 alienoue
713 2809 828 2874 argento
846 2803 1082 2875 fetumiuaueris,
1102 2819 1157 2860 nou
1174 2802 1317 2859 dubitatur
1334 2803 1472 2874 scyphum
1490 2807 1565 2858 tuum

95 2898 109 2942 1
128 2905 190 2947 csse
208 2896 237 2946 et
254 2905 271 2946 a
288 2895 317 2944 te
334 2895 408 2946 recte
427 2891 569 2948 uindicari.
607 2891 659 2948 Ubi
677 2892 758 2948 simm
775 2895 854 2962 plura
872 2893 1090 2963 contribuuntur,
1108 2891 1261 2962 exquibus
1279 2906 1364 2948 uuum
1383 2891 1565 2948 medicamen·

127 2984 187 3036 tum
204 2979 244 3050 ot,
262 2980 327 3034 aut⁴
342 2979 428 3035 coctis
446 2979 576 3036 odoribus
594 2987 736 3052 unguenta
752 2981 877 3052 summus,
896 2981 961 3038 nibil
979 2982 1024 3038 hie
1040 2997 1121 3038 suum
1139 2995 1205 3036 uere
1222 2980 1314 3036 dicere
1325 2985 1421 3050 potest
1432 2979 1506 3050 prior
1519 2977 1563 3034 do

95 3074 110 3120 a
128 3069 230 3124 mnus:
249 3069 523 3138 quampotissimum
542 3070 699 3140 existimari,
718 3071 797 3126 cuius
815 3071 924 3126 nomine
943 3069 1046 3127 factum
1062 3071 1110 3140 sit,
1128 3071 1187 3126 eius
1205 3085 1277 3126 esso.
1304 3069 1375 3126 llum
1393 3075 1489 3139 partes
1501 3067 1563 3124 duo

14 3197 18 3208 ,
127 3171 188 3214 urm
205 3156 376 3216 dominorum
392 3156 539 3214 ferrumine
551 3157 723 3229 cohaereant,
740 3159 793 3216 bae
804 3176 867 3216 cum
880 3164 1057 3231 quaereretur
1068 3159 1122 3214 utri
1134 3159 1243 3228 cedant,
1261 3157 1375 3215 Gustus
1390 3157 1433 3214 ait
1444 3169 1562 3228 proper·

126 3246 202 3302 tione
224 3246 263 3300 rel
286 3241 486 3302 aestimandum
504 3249 549 3302 uel
566 3264 616 3319 pro
634 3249 722 3318 pretio
741 3249 875 3318 cuiusque
892 3249 989 3319 partis.
1021 3248 1071 3303 sed
1088 3248 1112 3304 si
1131 3251 1229 3304 neuma
1246 3247 1325 3302 alteri
1343 3247 1498 3302 accessioni
1515 3249 1562 3313 ost

127 3335 279 3406 uideamus,
297 3350 332 3390 ue
350 3339 400 3391 aut
415 3336 558 3406 utiusque
576 3351 639 3392 esse
656 3337 774 3414 dicenda
791 3338 835 3407 sit,
854 3337 935 3392 sicuti
953 3353 1046 3392 massa
1062 3334 1186 3406 conium,
1204 3339 1254 3391 aut
1270 3335 1340 3406 eius,
1359 3335 1441 3392 ouius
1458 3335 1563 3392 nomiue
1660 3339 1667 3362 ²

28 3469 30 3472 .
127 3421 306 3480 ferruminata
322 3429 374 3491 est.
401 3425 451 3479 sed
469 3425 601 3481 Proculus
619 3431 649 3481 et
665 3427 789 3496 Pegasus
807 3426 965 3481 existimant
981 3441 1060 3481 suam
1079 3426 1212 3496 cuiusque
1230 3437 1287 3480 rem
1306 3439 1429 3480 manere.
1658 3487 1674 3494 ,

71 3506 110 3566 28
133 3515 134 3520 ’
180 3514 258 3568 Inuus
279 3514 349 3570 libro
371 3513 529 3582 frigensimo
553 3514 634 3570 tertio
652 3515 688 3570 ad
706 3513 848 3572 Sabinum.
885 3512 914 3569 Si
931 3529 1016 3584 supra
1032 3519 1111 3569 urum
1129 3514 1263 3584 parietem
1280 3513 1390 3570 uicinus
1409 3509 1561 3598 ssa-Tor‘jj
1656 3502 1685 3572 L
1712 3503 1726 3525 ²

127 3600 327 3674 audilioaucrit,
350 3603 489 3673 proprium
514 3603 573 3658 eius
596 3602 625 3658 id
648 3603 723 3672 quod
740 3602 928 3659 aedilioauerit
944 3601 1004 3659 lieri
1021 3601 1116 3660 Labeo
1134 3607 1163 3658 et
1180 3599 1299 3658 Sabinus
1316 3602 1410 3658 aiunt:
1434 3604 1485 3660 sud
1501 3603 1561 3658 Pro

126 3690 205 3751 culus
222 3697 301 3746 tuum
318 3692 466 3762 proprium,
485 3690 716 3762 quemadmodum
734 3697 813 3748 taum
830 3690 917 3763 tieret,
935 3691 1010 3762 quod
1028 3692 1057 3748 in
1070 3691 1129 3748 solo
1140 3694 1189 3748 tuo
1202 3691 1271 3746 aliua
1284 3689 1475 3748 aedificasset:
1492 3689 1562 3762 quod

126 3780 219 3836 uerius
236 3785 288 3835 eet

70 3863 109 3922 29
180 3868 299 3924 Pronus
321 3868 391 3924 libro
414 3873 493 3926 sexto
515 3869 624 3925 decimo
647 3869 683 3924 ad
702 3867 842 3924 Sabinum.
878 3869 954 3924 luter
976 3884 1038 3940 cos,
1061 3869 1109 3938 qui
1132 3867 1284 3924 secuudum
1305 3883 1389 3924 uuam
1423 3880 1450 3928 a.
1457 3863 1563 3936 1111,ἦῖ
1578 3899 1589 3918 ι

127 3981 320 4052 amarico)
1424 3943 1563 3953 “⁶-

127 4143 138 4177 ²
155 4143 345 4213 rationemque
362 4142 414 4198 boe
431 4142 523 4200 facere
541 4149 580 4214 ut,
599 4145 623 4199 si
634 4159 669 4200 ox
682 4159 711 4198 re
723 4144 836 4199 alterius
847 4144 1002 4214 stipulatur,
1020 4149 1127 4214 partem
1140 4145 1165 4199 ei
1178 4143 1324 4199 dumtaxat
1335 4144 1442 4214 quaeri,
1460 4147 1562 4216 partem

127 4211 237 4270 domino
259 4215 316 4286 Uip.
334 4235 364 4269 sa
382 4216 507 4271 Scaeuola
524 4218 540 4270 1.
553 4236 575 4270 c.
646 4216 706 4270 'at
722 4215 846 4284 (faciali
916 4217 1118 4286 ⁸epeoturotur
1136 4219 1172 4283 (a.
1185 4216 1234 4283 i.)?
1304 4215 1385 4270 ‘uti

127 4381 200 4450 2et]
218 4382 241 4436 iu
258 4382 293 4434 Ρ
353 4383 370 4436 3
394 4382 510 4437 solidum
534 4401 584 4437 om.
598 4384 633 4436 F¹
654 4383 659 4451 Ι
680 4382 815 4453 adquiret]
869 4383 893 4438 si
905 4383 936 4438 1ὲ
949 4382 977 4438 ia
990 4384 1074 4456 ἑτέρῳ
1087 4383 1191 4454 ῥιιὼεῃ,
1209 4383 1265 4438 alio
1276 4383 1338 4439 loco
1351 4383 1387 4436 Ρ*
1403 4385 1410 4452 Ι
1425 4383 1563 4454 positoF

127 4451 338 4520 adeoquoretF²
374 4453 500 4524 4probat
509 4455 602 4508 Μ’
619 4455 624 4520 Ι
640 4454 711 4524 meo]
724 4469 815 4511 meum
869 4457 904 4510 21
928 4455 1077 4510 coaluerit
1099 4456 1137 4508 F’
1209 4455 1244 4510 23
1267 4452 1415 4510 *infeceris
1440 4457 1493 4509 F’:
1519 4454 1564 4508 sis

126 4523 163 4578 P
198 4524 353 4578 orarum
368 4525 373 4590 Ι
389 4525 570 4580 semiret⁴F¹
606 4525 688 4594 foui]
702 4527 814 4596 quiF¹l
871 4525 956 4596 stupe
982 4526 1031 4580 usia
1060 4525 1136 4596 'epeia
1161 4543 1213 4588 sior
1236 4526 1386 4596 nopoipss.
1416 4523 1466 4580 ’eas
1493 4527 1563 4580 υέκει

126 4593 247 4663 eoqu'a'o
266 4596 304 4649 F’
361 4597 454 4652 9nou
470 4595 595 4665 ponunt]
615 4595 733 4660 Fracte,
756 4616 816 4651 num
868 4597 1027 4663 Blonoalr
1046 4599 1112 4652 sudo
1123 4597 1403 4668 quurdstlnsitposl
1416 4611 1564 4666 purpuram
1681 4655 1709 4674 ‘
1761 4633 1770 4646 -

125 4684 168 4720 res
190 4667 226 4719 nd
245 4673 381 4720 materiam
397 4675 492 4722 rsoerts·
509 4674 592 4737 potent
612 4667 816 4736 (171711),
871 4674 994 4736 Μαι-μνη
1014 4663 1131 4724 Graecae
1147 4674 1175 4721 af
1193 4673 1252 4721 ilem
1270 4675 1425 4722 montium
1472 4669 1509 4722 26
1526 4667 1565 4722 iu·

127 4737 164 4790 aa
188 4745 296 4804 persa
327 4755 378 4790 on
406 4744 503 4808 poss,
535 4744 651 4807 ponam
676 4719 819 4792 armoe
870 4735 1095 4807 rmo1r⁴esm
1116 4737 1158 4792 u.-
1180 4735 1220 4804 ro
1243 4735 1314 4807 cpe
1338 4755 1386 4800 cor
1411 4735 1564 4808 ipseper

128 4808 162 4860 12
184 4805 288 4863 domini
303 4806 341 4862 'ei'
355 4807 467 4862 durius
492 4807 528 4860 F‘
594 4809 628 4863 16
651 4806 817 4877 cu'm'pres-
871 4808 989 4877 (Anca),
1007 4806 1111 4863 infacto
1124 4809 1160 4862 F·
1206 4809 1241 4862 27
1259 4807 1298 4877 at]
1316 4807 1405 4862 de·
1454 4811 1564 4864 29001-

127 4891 204 4931 seum
230 4877 264 4930 Ρ*
329 4879 363 4932 18
386 4878 601 4948 exspectaretur]
626 4879 683 4943 FU,
709 4883 816 4948 specta·
869 4877 1046 4934 tribuuntur
1062 4879 1100 4933 F‘
1153 4879 1189 4934 31
1208 4877 1350 4934 d‘i'uorum
1368 4876 1406 4931 F*
1455 4877 1563 4936 eodm

126 4946 326 5003 returXYMO
381 4949 415 5004 19
433 4949 491 5017 peel
511 4963 555 5004 res
568 4949 604 5001 F¹
620 4950 625 5014 Ι
640 4950 748 5018 manus]
767 4950 816 5004 mi·
870 4949 985 5004 rumine
1005 4951 1042 5002 F²
1094 4949 1130 5005 33
1148 4947 1314 5017 ouiusqu‘a'e
1334 4949 1371 5002 F¹
1420 4949 1457 5004 35
1475 4949 1564 5006 cuiue

126 5033 178 5074 uus
191 5020 229 5072 F·
273 5021 308 5075 20
323 5019 410 5089 ouius]
423 5020 504 5089 quius
515 5021 553 5073 F²
569 5021 574 5088 Ι
590 5019 653 5089 allo]
666 5020 702 5072 F⁰
711 5041 766 5075 eum
776 5021 816 5074 B:
868 5019 956 5090 qu‘a'o
973 5021 1012 5073 F*
1068 5021 1104 5076 36
1120 5020 1240 5091 parietet
1257 5021 1294 5074 F'
1349 5019 1383 5076 33
1402 5019 1503 5077 murno
1520 5021 1556 5074 11·
