3600 5460
280 249 402 318 XXXX
423 250 445 316 4
467 255 583 311 26-39
738 273 740 278 ·
949 242 1036 322 432
1060 201 1062 206 Δ
1435 266 1482 313 ua
1504 265 1708 316 manumissus

225 409 264 468 26
336 409 510 464 llaucrsuus
530 405 600 462 libro
622 405 709 476 primo
727 405 891 475 regularum.
927 404 1015 460 Diuus
1032 404 1098 459 Pius
1116 407 1145 459 et
1161 403 1219 460 diui
1236 401 1334 460 iratres
1351 402 1538 461 fauorabilitcr
1557 399 1710 489 Q

282 498 491 568 rescripserunt,
516 511 578 550 cum
602 509 683 550 seruo
706 509 768 550 cum
789 494 915 549 libertate
933 493 1082 548 substituto
1099 495 1221 564 legatum
1239 499 1311 563 crat,
1336 494 1360 549 si
1377 493 1456 550 heres
1474 511 1529 550 non
1548 501 1636 564 esset,
1659 510 1711 550 nou

282 587 420 656 adscripta
438 585 571 654 libertate,
590 583 702 656 perinde
722 582 823 652 haberi,
842 589 925 653 atque
943 583 967 638 si
986 583 1124 653 adscripta
1140 589 1215 638 esset
1232 587 1276 638 et¹
1295 583 1414 640 libertas.

226 675 264 734 27
335 677 454 731 Plutus
471 674 540 729 libro
558 675 645 743 primo
663 673 698 728 ad
716 673 804 740 legem
818 673 923 726 Aeliam
937 671 1068 726 Sentium.
1095 671 1146 737 Qui
1159 673 1298 742 potuerint
1310 673 1382 742 apud
1395 674 1537 729 condilum
1557 667 1716 757 [li-{ff}

282 763 498 820 manumittendo
515 763 551 818 ad
569 763 722 818 libertatem
740 761 898 832 perducere,
916 765 1033 831 possunt
1050 761 1131 816 etiam
1148 762 1332 817 necessarium
1343 761 1471 818 heredem
1484 762 1586 833 lacere,
1605 769 1637 820 ut
1648 761 1716 818 baec
1754 777 1794 817 ⁵

281 855 342 924 ipsa
359 853 509 908 necessitas
527 851 695 922 probabilem
713 850 796 905 saciat
814 851 1062 908 manumissionem.

225 941 264 1000 28
335 944 412 998 insu
433 941 502 997 libro
525 941 656 1010 singulari
680 941 715 995 de
738 941 799 995 iure·
820 940 1013 996 codicillorum.
1050 938 1181 1008 Stichus,
1206 940 1229 994 si
1252 939 1383 995 codicillis
1401 955 1463 995 eum
1483 955 1538 996 non
1557 935 1717 1024 ῇῖεᾙε
1759 943 1794 1016 ,ξ

283 1033 403 1088 'uetuere
420 1031 535 1086 liberum
554 1045 629 1098 esse,
650 1029 719 1084 liber
736 1028 819 1084 esto':
842 1030 882 1084 sic
900 1035 943 1084 est
961 1035 1042 1098 atque
1061 1029 1085 1084 si
1102 1028 1220 1084 diceret:
1239 1027 1369 1100 'Stichus,
1388 1030 1411 1084 si
1428 1029 1456 1084 in
1475 1018 1717 1101 Capitolium‘ubu

282 1121 448 1190 ascendero,
466 1119 535 1176 liber
553 1119 634 1174 esto':
653 1133 716 1173 nam
735 1123 764 1173 et
781 1118 860 1173 heres
878 1117 918 1172 sie
936 1118 1041 1174 institui
1058 1122 1158 1187 potest.
1729 1131 1745 1171 o

225 1210 263 1268 29
336 1210 493 1267 sciscere
510 1207 579 1264 libro
597 1209 747 1263 uicensimo
764 1208 845 1262 tertio
863 1206 1040 1276 digestorum.
1068 1206 1187 1262 Uxorem
1198 1211 1375 1278 praegnatem
1387 1207 1584 1278 repudiauerat
1595 1215 1624 1264 ot
1636 1211 1711 1264 aliam
1727 1200 1769 1258 Ἀ

282 1301 411 1356 duxerat:
430 1298 504 1368 prior
521 1298 601 1352 enixa
619 1296 704 1353 lilium
722 1297 861 1368 exposuit:
880 1295 925 1350 bic
943 1295 1066 1350 sublatus
1085 1295 1120 1350 ab
1138 1297 1191 1351 alio
1210 1297 1343 1352 educatus
1361 1301 1404 1352 est
1420 1298 1530 1353 nomine
1543 1299 1632 1369 patris
1644 1299 1710 1355 uoci·

281 1394 356 1446 tatus
374 1387 492 1458 usque²z
512 1387 546 1440 ad
564 1387 638 1441 uitae
656 1390 765 1456 tempus
782 1386 869 1455 patris
885 1389 943 1439 tam
962 1384 997 1439 ab
1015 1399 1048 1439 eo
1066 1399 1148 1454 quam
1167 1401 1184 1440 a
1201 1391 1296 1456 matre,
1315 1403 1350 1441 an
1364 1387 1489 1442 uiuorum
1506 1399 1622 1444 numero
1634 1393 1709 1457 esset,

282 1477 473 1550 ignorabatur:
497 1480 605 1531 mortuo
627 1481 705 1546 patro
723 1479 943 1542 testamentoque
961 1473 1033 1542 eius,
1058 1489 1112 1542 quo
1130 1472 1202 1530 iilius
1221 1491 1309 1544 neque
1327 1475 1510 1532 exheredatus
1528 1493 1620 1548 neque
1637 1477 1708 1533 beret

282 1568 424 1622 institutus
443 1567 491 1634 sit,
510 1565 624 1620 recitato
642 1562 714 1619 lilius
731 1567 760 1618 ct
778 1566 900 1617 amatre
918 1567 946 1616 et
964 1561 1000 1616 ab
1017 1563 1081 1617 auia
1098 1567 1213 1633 paterna
1230 1565 1360 1635 adgnitus
1377 1565 1557 1622 hereditatem
1576 1567 1662 1638 patris
1679 1565 1708 1621 ab

282 1658 412 1711 intestato
430 1653 509 1724 quani
526 1653 663 1722 legitimus
682 1651 812 1722 possidet.
842 1651 995 1720 quaesitum
1015 1657 1066 1721 est,
1084 1651 1112 1706 hi
1130 1654 1176 1722 qui
1195 1657 1360 1710 testamento
1377 1654 1532 1711 libertatem
1551 1659 1709 1726 acceperunt
1722 1659 1741 1700 ¹⁵

282 1750 373 1800 utrum
391 1743 468 1798 liberi
487 1759 523 1796 au
541 1742 614 1796 serui
631 1742 695 1796 sint..
721 1740 861 1810 respondit
877 1739 963 1795 lilium
981 1740 1091 1810 quidem
1110 1741 1175 1796 nihil
1194 1743 1351 1812 praeiudicii
1363 1759 1476 1814 passum
1488 1744 1583 1814 fuisse,
1603 1747 1626 1802 si
1638 1749 1708 1816 pater

283 1849 345 1890 eum
362 1831 512 1902 ignorauit,
537 1835 568 1885 et
583 1830 660 1900 ideo,
678 1847 739 1886 cum
758 1831 786 1884 in
804 1835 941 1900 potestate
960 1835 988 1884 et
1005 1831 1155 1900 ignorantis
1173 1832 1259 1901 patris
1277 1839 1362 1902 essct,
1382 1839 1577 1890 testamentum
1597 1849 1651 1890 nou
1668 1849 1707 1890 ua·

282 1925 347 1978 lere.
378 1922 451 1977 serui
474 1927 565 1976 autem
589 1920 748 1975 manumissi
772 1920 796 1974 si
815 1935 863 1988 per
880 1920 1093 1989 quinquennium
1112 1922 1139 1975 iu
1156 1920 1282 1977 libertate
1301 1925 1399 1979 morati
1416 1929 1494 1995 suut,
1517 1925 1605 1980 semel
1623 1923 1707 1980 datam

282 2011 436 2068 libertatem
453 2009 583 2066 inlirmari
601 2009 765 2065 eontrarium
783 2008 904 2063 studium
922 2007 1034 2064 fauore⁸
1053 2009 1186 2066 libertatis
1204 2015 1255 2066 est.
1721 2013 1739 2057 ¹⁹

227 2098 266 2156 30
336 2101 346 2170 ΙΙ
366 2099 517 2155 Usrrsuus
541 2097 610 2155 libro
634 2097 831 2154 nonodecimo
850 2097 886 2154 ad
904 2099 1032 2154 edictum.
1070 2098 1099 2154 Si
1118 2100 1189 2154 serui
1208 2101 1254 2170 qui
1272 2099 1346 2170 apud
1363 2100 1456 2157 hostes
1475 2105 1542 2158 sunt
1559 2096 1707 2186 [W
1730 2091 1794 2152 utut

283 2190 360 2248 liberi
384 2204 445 2244 esse
468 2189 536 2243 iussi
559 2191 635 2256 suut,
659 2187 694 2242 ad
713 2186 866 2242 libertatem
884 2189 1060 2258 perueniunt,
1086 2190 1212 2258 quamuis
1230 2205 1319 2260 neque
1336 2193 1494 2247 testamenti
1512 2177 1706 2262 neqffl

282 2287 406 2351 tempore
424 2278 559 2347 testantis,
577 2276 627 2332 sed
645 2275 764 2331 bostium
781 2275 900 2332 luerunt.

227 2366 263 2424 31
336 2371 455 2426 Paucos
472 2367 540 2423 libro
558 2367 708 2422 uicensimo
727 2371 805 2420 sexto
823 2365 859 2420 ad
877 2366 1005 2422 edictum.
1035 2367 1103 2422 (lum
1122 2366 1296 2436 expluribus
1314 2367 1411 2424 eodem
1428 2371 1539 2427 nomine
1559 2365 1736 2455 [WB

283 2460 371 2516 seruis
388 2473 459 2514 unus
477 2457 562 2512 liber⁴
579 2457 670 2512 iussrrs
688 2471 743 2510 uon
761 2461 893 2526 appareat
910 2455 957 2525 qui
975 2456 1018 2524 sit,
1036 2456 1126 2510 nudus
1143 2454 1212 2511 liber
1230 2461 1279 2512 est
1575 2446 1705 2456 ’μ’
1717 2460 1737 2501 ¹⁴

226 2546 265 2604 32
336 2549 486 2605 Uuurauus
509 2547 577 2602 libro
601 2545 792 2614 sexagensimo
814 2546 909 2614 quinto
933 2544 969 2599 ad
992 2545 1121 2600 edictum.
1158 2545 1303 2601 Sciendum
1323 2551 1367 2602 est
1384 2551 1540 2606 necessario
1559 2541 1744 2634 [fflststtss

282 2637 383 2694 herede
401 2637 549 2706 existente,
568 2635 694 2704 quamuis
711 2649 742 2688 se
761 2633 905 2702 abstineat,
923 2639 1015 2690 umen
1032 2633 1174 2690 libertates
1192 2641 1362 2708 competere,
1381 2637 1404 2692 si
1422 2638 1505 2694 modo
1523 2624 1703 2696 nonullae

283 2729 346 2784 dem
364 2727 433 2796 legis
452 2725 547 2780 Aeliae
565 2723 675 2779 Sentias
693 2722 775 2778 datae
793 2721 903 2778 luerint.

227 2814 265 2872 33
336 2817 454 2871 Paucos
472 2813 540 2869 libro
558 2812 719 2868 duodecimo
737 2813 937 2881 quaestionum.
964 2812 1089 2870 libertas
1108 2812 1143 2867 ad
1161 2818 1270 2883 tempus
1288 2813 1346 2868 dari
1365 2831 1418 2870 non
1436 2821 1539 2887 potest,
1558 2799 1702 2892 {iffi
1715 2799 1741 2854 Ῥ

227 2903 265 2960 34
337 2906 414 2960 lusu
437 2902 506 2958 libro
529 2901 751 2972 septuagensimo
774 2907 871 2971 quarto
894 2902 930 2956 ad
954 2902 1083 2958 edictum.
1114 2903 1230 2972 ideoque
1254 2903 1278 2958 si
1296 2904 1335 2958 ita
1353 2906 1483 2976 scriptum
1502 2908 1541 2962 sit
1558 2899 1740 2978 mli

284 2993 400 3050 'Stichus
419 3007 506 3061 usque
523 2991 559 3046 ad
577 3006 663 3046 annos
681 2990 775 3044 decem
795 2989 863 3044 liber
879 2990 956 3061 eato‘,
974 2992 1105 3062 temporis
1123 2992 1241 3048 adiectio
1260 3009 1430 3064 superuacua
1447 3001 1500 3050 est.
1558 2981 1701 2992 '‘⁶'‘
1713 3002 1732 3042 ³⁰

228 3081 266 3140 35
336 3083 414 3137 Ioum
431 3081 500 3137 libro
517 3080 761 3150 quinquagensimo
779 3079 815 3134 ad
834 3079 961 3136 edictum.
990 3080 1102 3137 Seruius
1120 3081 1295 3138 existimabat
1311 3083 1539 3152 lisposseaernis
1559 3077 1738 3170 mli

284 3172 343 3227 dari
360 3175 528 3226 testamento
544 3169 675 3224 directam
693 3169 860 3239 libertatem,
879 3171 926 3239 qui
943 3175 1059 3241 utroque
1077 3177 1213 3242 ternpore,
1231 3177 1260 3227 et
1278 3187 1332 3241 quo
1349 3176 1547 3230 testamentum
1565 3157 1700 3246 iiii‘qtc

284 3263 406 3330 moritur,
423 3259 564 3315 testatoris
582 3257 705 3313 luerunt:
723 3273 794 3327 quae
813 3260 950 3314 sententia
966 3275 1033 3316 uera
1050 3263 1101 3316 est
1310 3299 1312 3302 -

227 3349 266 3408 36
337 3351 415 3405 lusu
431 3349 500 3405 libro
518 3348 634 3417 septimo
653 3346 689 3402 ad
707 3347 851 3402 Plautium.
879 3347 995 3404 Seruum
1013 3353 1179 3406 testamento
1196 3351 1236 3406 ita
1248 3353 1405 3407 manumisi:
1423 3350 1454 3406 ‘si
1466 3351 1537 3407 iura-
1557 3343 1698 3422 W
1720 3347 1737 3405 i

285 3439 362 3495 'uerit
379 3454 410 3494 se
426 3438 550 3494 cornelio
564 3437 623 3492 'filio
642 3451 702 3491 meo
721 3436 815 3491 decem
834 3451 978 3507 operarum
996 3437 1132 3510 daturum,
1150 3439 1219 3495 liber
1236 3440 1316 3496 esto’:
1334 3441 1482 3510 quaeritur,
1501 3422 1699 3512 quibuslibe
1712 3445 1730 3488 ³¹

284 3533 313 3584 et
335 3527 475 3584 sciendum
498 3533 541 3583 est
564 3525 678 3582 iurando
702 3541 812 3582 seruum
835 3527 1021 3583 condicionem
1040 3529 1165 3599 implere,
1189 3529 1240 3585 scd
1257 3545 1312 3586 non
1329 3530 1416 3585 teneri
1433 3545 1580 3599 operarum
1598 3532 1700 3597 nomine,

284 3619 349 3687 quia
365 3618 417 3672 nisi
435 3623 499 3687 post
516 3615 755 3672 manumissionem
774 3616 853 3686 iuret,
872 3631 927 3672 nou
944 3616 1090 3687 obligatur.

227 3707 266 3765 37
338 3707 415 3762 lusu
431 3703 500 3761 libro
518 3720 590 3761 nouo
608 3704 644 3758 ad
661 3705 806 3760 Plautium.
832 3705 998 3760 Nominalim
1017 3707 1148 3762 codicillis
1166 3707 1350 3764 manumissus
1363 3707 1473 3764 uidetur
1484 3723 1540 3764 ser·
1560 3699 1702 3794 [Q
1723 3705 1739 3763 i

284 3811 345 3860 uus.
364 3796 442 3850 curius
459 3809 558 3850 nomen
575 3799 740 3849 testamento
759 3795 938 3850 coutinetnr⁵.
1715 3803 1734 3846 st

228 3886 267 3944 38
337 3885 415 3938 lusu
428 3883 497 3940 libro
509 3883 671 3939 duodecimo
683 3883 719 3938 ad
731 3884 876 3950 Plautium.
903 3883 1028 3940 Libertas
1040 3889 1205 3941 testamento
1217 3901 1298 3943 seruo
1310 3886 1348 3941 ita
1360 3885 1420 3942 dari
1432 3891 1540 3955 potesta
1559 3879 1703 3972 [Μ
1726 3885 1742 3944 i

286 3973 354 4029 'cum
372 3987 422 4044 per
439 3974 515 4041 leges
532 3971 632 4041 licebit,
650 3972 719 4028 liber
737 3972 813 4029 esto’.
1574 3961 1704 3974 *m*

228 4065 266 4124 39
337 4063 414 4117 lucu
431 4061 499 4117 libro
517 4068 596 4118 sexto
615 4062 721 4118 decimo
740 4063 775 4118 ad
793 4064 938 4118 Plautium.
972 4063 1089 4120 'Stichus
1107 4077 1205 4120 seruus
1223 4080 1314 4136 meus,
1337 4066 1360 4120 si
1378 4081 1441 4121 eum
1459 4065 1541 4123 heres
1561 4059 1747 4150 [tesselli

285 4149 464 4222 ‘mansuetu
485 4150 554 4207 unc
571 4153 651 4208 ecc:
674 4152 804 4208 rccuset
821 4153 934 4209 succa
951 4153 1046 4224 saur,
1064 4155 1129 4224 qua
1146 4155 1174 4210 u
1191 4155 1221 4210 rc
1238 4161 1347 4226 empus
1365 4153 1517 4228 cursen,
1535 4141 1707 4228 qno-{usin

284 4257 500 4328 rmrruoo)

285 4401 360 4456 ¹oi‘l
420 4400 582 4458 'educatus
600 4407 643 4458 est
660 4403 851 4473 uocitatusque
869 4405 979 4460 nomine
996 4404 1102 4474 patris?
1164 4404 1314 4460 ³studinm
1327 4403 1431 4476 fauore]
1450 4406 1566 4462 studio?
1632 4409 1713 4466 ‘esse

284 4480 366 4599 gem·
403 4475 414 4508 ⁵
434 4473 626 4598 sritgmtdrssect:
645 4475 802 4529 nominatim
820 4479 985 4532 testamento
1004 4476 1188 4532 manumissus
1205 4477 1315 4532 uidetur
1332 4492 1437 4550 seruus,
1456 4479 1535 4534 ouius
1553 4495 1655 4536 nomen
1673 4495 1713 4538 oo

304 4559 553 4599 muwmm

286 4674 552 4732 lfaborahititcrffl
589 4675 797 4733 fiuaci'r'atF’
832 4679 971 4734 Sea'se'to
1024 4692 1039 4744 ι,
1051 4691 1094 4744 30,
1107 4691 1148 4743 34,
1159 4689 1200 4744 33.
1210 4691 1252 4744 31,
1263 4691 1298 4744 32
1316 4692 1419 4745 malleat
1438 4691 1470 4746 M
1513 4694 1549 4748 29
1568 4695 1716 4752 sit‘sirtl·

285 4748 325 4802 sio
342 4749 377 4801 1²⁶
437 4750 471 4806 10
488 4747 674 4834 repudiaberit
693 4751 717 4802 F
718 4753 728 4784 ¹
784 4749 972 4835 1281811'F‘
1024 4761 1091 4816 chus
1110 4761 1147 4814 F*
1205 4763 1241 4816 30
1258 4761 1473 4832 superuaq'uaF
1524 4767 1560 4820 31
1578 4767 1624 4836 iis]
1646 4768 1689 4824 his
1697 4771 1722 4839 f

286 4820 320 4874 15
337 4824 502 4874 testamento
522 4835 568 4889 qur
589 4819 677 4876 libert.
691 4819 726 4873 Fa
770 4825 803 4877 27
818 4822 921 4878 celsae
934 4825 972 4874 F*
1021 4840 1108 4903 muca
1125 4851 1202 4905 qoam
1214 4833 1265 4886 Fe·
1309 4835 1343 4888 34
1362 4835 1522 4890 manumissi
1532 4838 1571 4890 ,μ
1617 4840 1655 4896 35
1672 4839 1717 4894 da

284 4891 320 4946 28
337 4893 353 4944 l.
365 4891 400 4946 33
418 4897 579 4962 anteponam
597 4899 662 4946 sacer
679 4895 694 4946 l·
706 4893 742 4946 30
758 4902 783 4949 et
798 4895 833 4948 31
851 4895 949 4950 F¹XY
947 4895 973 4948 Z
1024 4919 1083 4958 cern
1096 4905 1249 4974 operarum]
1269 4906 1331 4959 sisa
1344 4903 1439 4975 tuipse
1456 4907 1518 4961 BS:
1538 4911 1573 4974 σί.
1587 4910 1626 4964 D.
1638 4913 1682 4976 do,
1693 4911 1717 4974 7,

285 4961 348 5017 00:
365 4981 453 5017 cerum
470 4965 584 5018 ordinem
598 4963 690 5018 bchori
703 4963 730 5018 B
747 4971 905 5037 restituitque
923 4967 971 5020 cd-
1023 4977 1049 5038 4,
1067 4975 1086 5028 4
1103 4983 1127 5029 et
1143 4977 1186 5040 40,
1205 4978 1230 5041 7,
1247 4977 1290 5042 20,
1307 4979 1324 5032 5
1378 4978 1413 5032 39
1437 4978 1595 5036 continetur
1619 5001 1670 5037 om.
1683 4983 1717 5038 Ρ

285 5049 355 5098 iactis
374 5044 409 5096 ad
426 5043 575 5098 c30...34
590 5053 701 5100 aramme
719 5039 844 5108 ebibe*
864 5047 916 5100 Η·
933 5053 971 5101 cic
1023 5047 1058 5102 tl
1077 5047 1135 5116 per]
1155 5063 1200 5102 ser
1218 5048 1253 5101 F·
