3638 5460
93 126 277 178 usnemun
767 103 853 184 217
1224 107 1343 176 XXXV
1366 109 1386 175 2
1406 114 1522 172 80-84

93 265 252 324 diuisionem
276 283 331 324 non
352 267 502 339 recipiunt,
525 272 557 324 ut
579 281 644 324 soce
666 265 789 338 legatum
807 266 871 324 uiae
888 266 992 324 itineris
1009 269 1138 324 actuaue:
1161 265 1198 324 ad
1215 267 1318 324 nullum
1337 266 1409 324 euim
1427 281 1461 324 ea
1477 280 1522 324 res

92 372 140 428 pro
157 361 236 428 parte
253 362 347 429 potest
363 357 509 428 pertinere.
536 356 586 412 sed
604 362 633 412 et
649 357 674 412 si
691 371 761 428 cpue
779 355 962 428 municipibus
980 356 1060 413 heres
1076 354 1167 412 lacere
1179 357 1271 412 iussus
1283 361 1333 427 est,
1351 355 1522 414 indiuiduum

92 445 201 502 uidetur
222 447 357 516 legatum:
381 461 470 516 neque
492 446 565 502 enim
583 445 666 502 ullum
685 444 822 502 balineum
841 450 889 502 ant
906 447 990 503 ullum
1008 446 1146 504 theatrum
1163 450 1212 502 aut
1229 446 1349 502 stadium
1366 445 1465 502 secisse
1482 446 1522 502 in-

92 536 242 606 tellegitur,
266 535 314 605 qui
332 536 358 592 ei
375 535 511 606 propriam
530 532 660 606 formam,
685 550 756 606 quae
775 551 810 590 ex
828 537 1062 592 consummatione
1080 536 1227 606 contingit,
1245 551 1301 592 uon
1318 534 1437 592 dederit:
1456 549 1522 606 quo·

91 641 151 682 rum
169 625 290 682 omnium
307 625 461 695 legatorum
479 625 597 694 nomine,
615 625 668 680 etsi
686 625 778 696 plures
796 623 911 682 heredes
929 625 993 695 sint,
1011 625 1111 695 singuli
1123 625 1280 682 insolidum
1292 630 1428 682 tenentur.
1455 624 1523 681 haec
1541 635 1555 676 s

90 716 185 785 itaque
207 715 314 784 legata,
337 729 408 784 quae
426 713 617 770 diuiduitatem
636 714 856 785 conrecipient,
878 718 939 770 tota
956 713 992 770 ad
1009 715 1171 785 legatarium
1189 716 1335 786 pertinent.
1364 715 1414 770 aed
1432 718 1524 786 potest

91 803 185 860 heredi
207 803 259 860 lroo
280 802 402 860 remedio
425 803 560 873 succurri,
584 809 616 858 ut
639 803 830 860 aestimatione
848 801 923 860 facta
939 804 1023 874 legati
1041 804 1184 861 denuntiet
1200 805 1347 874 legatario,
1369 809 1401 860 ut
1417 807 1523 875 partem

90 893 292 950 aestimationis
309 891 417 973 inierat,
435 893 460 948 ai
477 908 531 948 nou
549 890 656 964 inferat,
675 897 769 950 utatur
787 892 921 950 aduersus
939 909 1002 950 eum
1021 895 1182 966 exceptione
1200 894 1255 952 doli
1273 895 1346 950 mali.

24 993 28 1034 ι
33 987 63 1044 1
143 983 223 1039 lnam
239 981 309 1039 libro
326 987 426 1038 octauo
443 981 550 1038 decimo
568 981 604 1036 ad
622 982 741 1038 edictum
759 983 935 1053 prouinciale.
961 981 1018 1040 Sed
1035 999 1102 1040 usus
1120 983 1225 1040 ductus
1240 984 1348 1053 legatus
1367 977 1524 1068 Q
1542 988 1563 1043 S

90 1074 169 1130 uenit
185 1074 214 1128 in
232 1072 465 1143 computationem
482 1071 552 1142 legis
564 1070 710 1141 Falcidiae,
729 1087 792 1128 nam
810 1071 972 1128 diuisionem
990 1073 1088 1144 recipit
1104 1073 1183 1146 adeo,
1201 1077 1241 1143 ut,
1260 1073 1284 1128 ai
1296 1071 1405 1130 duobus
1414 1074 1524 1144 legatus
1544 1085 1572 1126 so

41 1171 65 1215 ι
90 1161 182 1233 luerit,
200 1163 261 1232 ipso
280 1162 338 1216 iure
356 1161 393 1217 ad
410 1161 534 1231 singulos
551 1165 644 1231 pastas
661 1160 825 1231 pertineant.
851 1161 910 1218 Dos
928 1161 1051 1231 relegata
1068 1167 1147 1218 extra
1160 1162 1293 1218 rationem
1304 1162 1374 1232 legis
1386 1163 1524 1220 Falcidiae

43 1261 70 1306 2
90 1259 146 1322 est,
169 1251 277 1308 scilicet
299 1251 464 1321 quiasuam
486 1264 544 1305 rem
568 1249 664 1306 mulier
681 1251 803 1321 recipere
822 1249 938 1306 uidetur.
975 1248 1031 1306 Sed
1049 1253 1078 1306 et
1095 1250 1130 1308 de
1148 1251 1191 1306 bia
1208 1266 1318 1322 quoque
1335 1250 1430 1322 rebus,
1452 1269 1524 1324 quae

90 1341 212 1398 mulieris
229 1355 314 1396 causa
331 1344 441 1411 emptae
458 1346 572 1410 paratae
589 1345 691 1411 esseut,
709 1344 741 1396 ut
757 1339 809 1398 hae
826 1353 936 1410 quoquo
948 1344 1027 1394 extra
1038 1339 1149 1396 modain
1162 1341 1231 1410 legis
1245 1345 1346 1410 meent,
1364 1342 1524 1400 nominatim

90 1431 150 1502 ipsa
167 1430 292 1486 Falcidia
308 1430 371 1498 lege
388 1443 548 1499 expressum
566 1435 617 1486 est
1544 1441 1574 1482 ra

24 1517 72 1578 32
143 1519 296 1576 Uiuianus
318 1517 388 1576 libro
410 1522 510 1574 octauo
533 1518 757 1588 disputationum.
794 1516 995 1588 Quaerebantur,
1018 1533 1080 1574 cuin
1103 1519 1127 1574 is
1149 1518 1197 1589 qui
1214 1518 1303 1576 solum
1320 1519 1349 1574 in
1367 1513 1525 1605 Q
1543 1525 1564 1580 S

91 1609 200 1664 neurim
217 1607 419 1679 quadringenta
435 1609 464 1664 in
482 1607 560 1666 bouis
578 1606 698 1664 habebat
714 1608 767 1678 ipsi
785 1606 902 1666 debitori
919 1606 1116 1679 liberationem,
1134 1605 1198 1664 Seio
1216 1613 1309 1664 autem
1323 1608 1525 1679 quadringenta
1566 1633 1568 1638 v

91 1699 233 1769 legauerit,
251 1699 276 1754 si
292 1696 401 1754 debitor
418 1698 463 1754 uel
480 1697 613 1754 soluendo
630 1712 686 1754 nou
703 1697 740 1754 eit
757 1698 802 1753 uel
813 1703 923 1754 ceubrm
936 1695 1027 1754 iacere
1038 1698 1135 1768 possit,
1153 1703 1285 1767 quantum
1297 1698 1413 1768 quisque
1424 1697 1525 1756 babeat

59 1855 66 1866 .
92 1789 248 1844 iuter-nemu
265 1788 335 1857 legis
353 1787 500 1843 Falcidiae.
526 1785 651 1842 dicebam
669 1787 758 1856 legem
776 1787 925 1844 Falcidiam
943 1802 979 1844 ex
996 1802 1030 1844 eo
1047 1787 1122 1858 quod
1138 1784 1212 1842 relici
1224 1802 1260 1842 ex
1271 1785 1422 1846 hereditate
1433 1792 1526 1858 potest

93 1883 216 1948 quartam
234 1876 329 1933 heredi
340 1875 469 1946 tribuere,
487 1875 626 1932 residuum
639 1875 802 1932 dodrantem
812 1876 884 1932 inter
895 1877 1043 1946 legatarios
1055 1873 1227 1932 distribuere.
1255 1889 1340 1945 quare
1352 1891 1414 1934 oum
1426 1892 1525 1934 nomeu

94 1967 181 2022 miuus
206 1966 340 2024 soluendo
363 1971 408 2022 est
429 1967 457 2022 iu
478 1965 643 2035 hereditate,
665 1964 725 2020 eius
743 1965 817 2035 quod
835 1966 909 2036 exigi
926 1971 1020 2038 potest
1036 1980 1086 2034 pre
1104 1969 1164 2020 rata
1181 1962 1213 2020 lit
1230 1963 1399 2034 distributio,
1423 1966 1526 2022 residui
1544 1978 1574 2020 so

93 2057 216 2112 uenditio
232 2054 360 2112 iacienda
377 2060 428 2126 est,
446 2060 477 2112 ut
494 2054 523 2111 id
541 2055 651 2112 demum
670 2055 698 2110 iu
714 2052 866 2110 hereditate
878 2058 1060 2126 computetur,
1080 2054 1176 2126 quanti
1187 2068 1286 2110 nomen
1298 2052 1414 2110 dbtrahi
1424 2059 1525 2125 potest

93 2145 143 2202 sed
162 2163 227 2203 cum
250 2145 367 2202 debitori
390 2144 515 2202 liseratio
538 2143 713 2214 relinquitur,
736 2144 796 2215 ipae
818 2143 872 2200 sibi
895 2144 1028 2202 soluendo
1050 2143 1161 2200 uidetur
1177 2148 1206 2200 et
1223 2143 1298 2214 quod
1316 2142 1353 2198 ad
1370 2157 1401 2200 ae
1419 2145 1525 2216 attinet,

94 2235 172 2292 diues
187 2240 245 2292 est:
268 2236 371 2306 quippe
388 2236 411 2290 si
429 2235 455 2291 ei
473 2234 568 2292 mortis
585 2248 671 2288 causa
688 2237 802 2304 accepto
821 2231 925 2290 seratur
942 2233 970 2290 id
988 2232 1062 2304 quod
1081 2232 1178 2303 debet,
1200 2232 1401 2303 quadringenta
1418 2235 1525 2305 cepisse

94 2325 239 2396 uidebitur,
257 2325 322 2380 licet
338 2323 405 2380 nihil
421 2322 512 2380 lacere
529 2322 630 2394 possit:
649 2321 768 2378 sensisse
780 2322 852 2378 enim
864 2321 1052 2379 liberationem
1064 2322 1173 2393 plenam
1185 2322 1303 2392 uidetur,
1321 2323 1447 2393 quamuis
1459 2323 1525 2380 nibil

93 2415 185 2474 iacere
199 2415 298 2488 possit.
325 2414 349 2470 si
366 2413 418 2468 soli
435 2414 460 2469 ei
478 2412 604 2470 liberatio
622 2411 716 2468 relicta
729 2415 780 2480 eat,
800 2417 829 2467 et
840 2411 920 2468 ideo¹
932 2411 1055 2468 Falcidia
1066 2412 1264 2470 interueniente
1276 2415 1400 2470 beceuta
1411 2417 1525 2485 accepto
1544 2425 1573 2468 as

94 2509 132 2566 illi
150 2505 216 2564 ferri
232 2503 347 2574 debent,
371 2503 482 2560 residue
499 2507 609 2559 eentum
627 2500 766 2558 durabunt
782 2502 811 2557 in
828 2500 1023 2572 obligationem
1041 2507 1071 2558 et
1087 2503 1112 2560 si
1127 2501 1238 2572 quidem
1256 2499 1347 2558 lacere
1364 2518 1446 2573 pesae
1463 2517 1524 2560 coe·

94 2597 179 2669 perit,
195 2595 342 2664 exigentur
360 2591 396 2650 ab
413 2607 447 2650 eo
464 2592 609 2648 dumtaxat
626 2606 713 2662 usque
731 2591 767 2648 ad
784 2597 895 2648 centum
901 2592 922 2649 ¹.
949 2591 1077 2664 idemque
1094 2592 1146 2648 crit
1163 2590 1324 2661 dicendum,
1341 2592 1412 2648 etsi
1430 2593 1525 2650 mortis

93 2703 180 2744 causa
194 2689 311 2755 accepto
328 2683 355 2738 ei
372 2682 574 2754 quadringenta
590 2671 721 2738 letantur.
747 2681 822 2738 unde
839 2682 980 2752 eleganter
997 2680 1097 2738 dicitur
1109 2681 1345 2752 acceptilationem
1356 2681 1385 2738 iu
1396 2681 1527 2752 pendenti

94 2774 166 2847 lore,
185 2779 229 2846 at,
247 2775 270 2830 si
288 2771 399 2844 quidem
417 2771 511 2828 mortis
529 2776 653 2842 tempore
671 2770 871 2842 quadringenta
888 2771 964 2828 tota³
981 2771 1168 2840 inueniuntur,
1186 2771 1215 2828 in
1231 2774 1355 2828 trecema
1372 2771 1464 2828 ualeat
1481 2788 1526 2828 ao-

93 2865 248 2936 cspulstio:
266 2864 375 2920 duero
392 2865 535 2932 praeterea
552 2860 655 2931 aliquid
672 2860 842 2930 inueniatur,
860 2861 934 2930 quod
952 2860 1131 2932 quadrantem
1150 2862 1277 2932 suppleat
1294 2860 1396 2932 heredi,
1414 2861 1442 2918 iu
1460 2877 1526 2932 qua·
1546 2873 1575 2914 so

92 2955 241 3026 ddugauta
263 2951 436 3024 acceptilatio
458 2949 592 3022 proficiet.
625 2950 700 3021 quod
722 2950 746 3006 si
770 2949 877 3008 debitor
900 2951 953 3006 ista
973 2949 1234 3021 quadringentorum
1254 2951 1399 3008 dumtaxat
1416 2956 1527 3010 cautum

92 3044 184 3102 heere
202 3048 303 3115 potest,
319 3041 387 3113 quia
404 3041 456 3098 sibi
473 3041 605 3098 soluendo
623 3045 675 3110 est,
693 3054 806 3096 neccsse
824 3038 936 3096 habebit
948 3044 1059 3098 centum
1071 3038 1224 3098 refundere.
1251 3056 1313 3096 oum
1325 3041 1408 3111 igitur
1420 3041 1528 3098 debitor

92 3135 146 3192 sini
163 3131 299 3190 soluendo
315 3133 364 3202 sit,
384 3130 506 3202 eueniet,
525 3134 571 3201 ut,
593 3131 618 3186 ai
636 3129 736 3186 herede
754 3130 846 3200 aliquo
863 3129 989 3190 instituto
1005 3131 1058 3200 ipat
1076 3130 1193 3188 debitori
1210 3127 1334 3186 libentio
1352 3135 1381 3188 et
1397 3130 1444 3186 alii
1460 3144 1527 3199 qua·

91 3225 242 3295 dringsuta
258 3223 351 3292 legata
368 3221 438 3291 sint,
460 3221 485 3276 ai
508 3220 620 3291 quidem
643 3218 776 3276 soluendo
798 3219 835 3274 sit
856 3217 977 3289 debitor,
1000 3224 1111 3276 centum
1129 3218 1328 3291 quinquaginta
1345 3233 1380 3274 ex
1397 3220 1527 3278 creantis

91 3315 225 3384 munem,
246 3311 301 3368 alia
323 3315 432 3368 centum
450 3309 649 3380 quinquaginta
669 3309 801 3380 legatario
824 3312 1011 3379 praestentur,
1034 3307 1114 3366 berea
1131 3313 1241 3366 centurn
1258 3307 1373 3364 habeam
1396 3309 1439 3366 siu
1460 3324 1528 3366 uero
1546 3320 1575 3362 ae

92 3409 206 3462 cautum
224 3405 331 3458 tanturn
349 3398 440 3456 iacere
457 3399 559 3470 possit,
579 3397 674 3456 haedi
691 3413 726 3454 ex
744 3397 847 3454 reiecto
864 3402 963 3468 quarta
979 3397 1116 3456 seruanda
1133 3403 1189 3454 est:
1211 3399 1252 3454 sic
1274 3396 1335 3468 liet,
1359 3402 1391 3454 ut
1408 3401 1527 3468 centurn,

92 3509 167 3564 quaa
183 3490 319 3564 praestari
336 3495 465 3562 possunt,
483 3489 512 3544 in
529 3493 659 3558 quattuor
676 3491 769 3558 partas
786 3487 969 3559 diuidautur⁴‚
987 3491 1044 3544 trae
1062 3493 1155 3560 partes
1172 3485 1263 3544 icant
1279 3487 1430 3558 legatarii⁸,
1447 3487 1527 3544 lucres

94 3583 194 3654 uiginti
211 3581 331 3653 quinque
347 3577 463 3648 lrabeat,
484 3577 605 3648 debitor,
627 3577 675 3648 qui
692 3577 824 3634 soluendo
842 3591 897 3634 uon
920 3582 974 3648 est,
999 3591 1094 3634 secum
1112 3583 1221 3634 centum
1239 3576 1439 3648 quinquaginta
1455 3592 1528 3634 com·

92 3677 203 3746 penset
229 3671 266 3726 de
282 3667 400 3726 residuis
417 3673 528 3724 eentum
545 3667 756 3738 quinquaginta,
779 3681 851 3738 quae
869 3667 943 3737 exigi
965 3681 1021 3724 non
1043 3671 1172 3738 possunt,
1196 3665 1319 3723 uenditio
1341 3664 1390 3722 det
1411 3667 1529 3724 nominis

95 3762 193 3834 idque,
218 3759 297 3830 quasi
318 3758 407 3815 solum
429 3758 457 3814 iu
480 3756 560 3814 benis
583 3754 679 3826 luerit,
701 3759 931 3827 repraesentatur.
958 3755 1033 3827 quod
1055 3757 1080 3814 si
1102 3755 1168 3812 nibil
1189 3754 1280 3812 facere
1302 3755 1411 3812 debitor
1427 3761 1528 3828 potest,
1547 3766 1576 3807 ac

95 3865 183 3922 aeque
201 3851 231 3906 in
248 3853 358 3906 centum
376 3846 575 3918 quinquaginta
593 3842 603 3916 l
623 3849 736 3916 accepto
753 3845 911 3902 liberandus
933 3850 989 3902 est:
1013 3845 1049 3902 de
1072 3845 1183 3902 miduo
1207 3845 1393 3902 uenditionem
1412 3846 1529 3904 nominis
1546 3847 1625 3900 tlot'

95 3939 250 3998 commin
269 3937 396 3996 Neratius
414 3937 461 4006 ait,
479 3936 554 4007 quod
571 3941 601 3992 et
617 3951 667 3994 uos
684 3934 842 4006 probamus.

24 4006 70 4073 Β3
148 4030 293 4086 romnus
314 4025 384 4084 noro
408 4025 571 4082 cumano
593 4025 772 4096 mercna.
809 4023 839 4080 sr
857 4023 976 4081 aanor
998 4022 1046 4080 cnr
1064 4024 1105 4080 eur
1122 4023 1250 4082 noscam
1268 4029 1297 4080 a
1315 4025 1354 4080 n-
1372 4019 1529 4110 Q
1547 4027 1568 4083 s

96 4120 218 4176 stitucrlt
233 4123 263 4174 et
279 4117 349 4187 legis
366 4115 503 4172 Falcidiae
521 4116 654 4174 womero
672 4130 772 4186 ponas,
791 4115 890 4186 peculi
908 4114 1060 4185 quantitas,
1083 4113 1158 4184 quod
1175 4113 1267 4170 aditae
1284 4113 1443 4170 hereditatis
1461 4119 1528 4170 tem·

96 4225 162 4280 pose
180 4207 288 4277 fnisset,
306 4207 335 4262 in
351 4205 531 4275 quadrantem
549 4203 600 4260 tibi
617 4203 804 4274 imputabitur.
1547 4212 1577 4254 as

32 4271 74 4344 θ’*
146 4300 227 4355 lours
249 4295 319 4353 lrbrc
341 4295 423 4352 tardo
440 4294 547 4350 decimo
564 4293 741 4363 digestorum.
781 4294 946 4365 Repperitur
962 4309 1057 4365 emus,
1082 4291 1238 4363 quoheres
1261 4307 1344 4365 agere
1372 4286 1568 4378 Q&

95 4405 290 4477 caupone
306 4424 324 4459 a
341 4425 367 4459 a.
377 4403 413 4458 er
429 4407 487 4458 ees
503 4401 606 4474 partos]
623 4401 786 4472 nemon)

98 4561 155 4615 ¹et
171 4557 245 4627 ideo,
263 4557 288 4612 si
305 4555 357 4612 soli
375 4556 400 4612 ei
417 4553 542 4616 liberatio
559 4554 655 4610 relicta
672 4554 733 4610 est?
823 4555 834 4591 ¹
859 4553 1003 4611 dumtaxat
1026 4569 1114 4624 usque
1139 4553 1174 4610 ad
1197 4559 1308 4610 centum
1331 4555 1379 4608 det
1396 4553 1529 4620 (vorren)

96 4631 193 4700 ⁸tota]
211 4627 341 4685 tautum?
427 4629 439 4662 ⁴
462 4628 505 4682 laic
528 4627 621 4682 demoti
638 4626 804 4703 Isy'oettatrsm
823 4635 930 4700 proprie
952 4635 990 4682 sic
1012 4628 1106 4682 droam
1130 4633 1301 4699 isscipiscrlque
1323 4644 1388 4697 qaus
1411 4625 1530 4680 tremam

99 4703 161 4758 Fra
175 4709 265 4774 putea
336 4696 437 4756 ‘ferat
452 4695 621 4769 legatarius?

98 4852 334 4924 tagramtoF’
378 4851 414 4908 23
431 4850 529 4908 dines
546 4852 585 4906 F’
627 4851 663 4906 28
679 4847 786 4906 feram·
841 4857 995 4922 bamargina
1006 4867 1096 4904 manas
1106 4867 1173 4904 saec.
1182 4848 1243 4903 XV
1321 4847 1529 4912 macerans,

99 4927 189 4982 turF’
205 4927 211 4993 Ι
226 4923 334 4996 accepit
344 4923 475 4980 ladonam
489 4923 526 4978 Ρ
570 4922 788 4992 titrespartes]
841 4927 998 4979 emmeant
1048 4919 1085 4976 44
1101 4917 1221 4991 po'e'nas
1263 4920 1275 4954 ³
