3644 5460
1538 1 1658 66 *senez*
1714 23 1750 52 ‚1

153 238 318 308 lllllllllll
341 242 357 306 1
378 247 396 302 ι
415 275 447 288 -
467 240 523 306 31
823 231 910 316 568
1013 339 1017 346 Ι
1207 221 1209 224 ’
1245 209 1393 314 ouoauar
1417 255 1579 306 nouenos

125 395 128 406 ¹
153 412 224 468 quae
242 397 400 453 interdietu¹
420 397 456 452 ad
478 411 535 454 rem
558 395 719 452 familiarem
736 395 889 468 pertinent,
913 395 1102 466 proprietatis,
1126 411 1181 458 non
1202 395 1386 466 possessionis
1409 411 1521 451 oausam
1538 394 1579 452 hs·

121 485 244 543 obeant
274 487 350 542 Haeo
368 491 459 542 sutem
478 485 631 557 interdieta,
650 501 721 556 quae
740 485 851 540 adrem
869 482 1031 540 familiarem
1049 489 1184 556 spectant,
1203 488 1251 540 aut
1265 485 1433 555 apiscendae
1448 489 1514 540 sunt
1525 500 1580 556 pos·

153 576 283 632 sessionis
306 579 355 630 aut
377 574 571 645 reciperandae
595 578 643 630 ant
665 573 833 630 retinendae.
861 573 1025 644 apiscendae
1049 574 1231 644 possessionis
1249 577 1314 629 sunt
1331 574 1493 644 interdieta,
1517 590 1581 646 quas

153 670 313 736 competunt
330 664 387 733 his,
406 665 536 734 quiante
554 679 608 719 non
628 670 692 720 sunt
710 664 803 718 nancti
820 663 1031 734 possessionem.
1056 668 1121 718 sunt
1143 669 1234 718 autem
1257 663 1403 720 interdieta
1421 664 1582 734 apiscendae

152 754 334 826 possessionis
353 751 475 824 'quorum
492 751 648 810 bonorum’:
672 751 830 808 Saluianum
855 766 964 822 quoque
986 751 1175 822 interdictum,
1199 751 1273 824 quod
1296 759 1340 808 est
1362 751 1398 808 de
1416 752 1610 824 pignonltns‚s

153 859 189 900 ex
206 843 258 900 hoo
275 857 375 914 genere
394 847 448 896 est:
473 847 502 897 et
519 839 581 911 ‘quo
599 841 697 897 itinere
715 839 842 896 uenditor
860 856 927 896 usus
946 846 1003 911 est,
1022 855 1076 911 quo
1096 842 1186 896 minus
1204 846 1311 912 emptor
1329 845 1435 912 utatur,
1454 843 1511 898 nim
1530 841 1584 898 fieri

154 931 243 990 ‘ueto'.
270 931 465 1002 reciperandae
483 930 666 1000 possessionis
685 945 770 985 causa
786 935 975 1000 proponuntur
993 929 1045 986 sub
1063 929 1173 986 rubrica
1190 930 1263 986 nude
1280 931 1322 986 ui:
1341 931 1434 1000 aliqum
1445 932 1519 986 enim
1536 931 1584 987 suh

118 1013 122 1026 ’
153 1021 206 1078 hoo
223 1021 303 1077 titulo
321 1021 466 1076 interdicta
483 1025 555 1075 sant
582 1017 741 1074 retinendae
759 1019 942 1089 possessionis
953 1019 1175 1076 snntinterdiota
1191 1019 1232 1074 nti
1243 1018 1400 1089 possidetis.
1429 1021 1585 1076 suntinter·

153 1111 235 1181 diota,
254 1117 286 1166 at
304 1110 432 1181 diximus,
451 1108 571 1179 duplicia
589 1113 646 1163 tam
665 1107 860 1178 reciperandae
879 1123 962 1177 quam
981 1107 1147 1179 apiscendae
1164 1107 1372 1178 possessionis².
1601 1121 1614 1161 s
1754 1135 1761 1156 ι

4 1265 6 1272 y
117 1195 136 1254 3
206 1199 357 1256 Unemuus
382 1197 452 1254 libro
477 1198 669 1268 sexagensimo
690 1211 763 1253 nono
785 1196 822 1252 ad
843 1195 973 1252 edietum.
1014 1197 1046 1253 ln
1069 1197 1219 1254 interdictis
1242 1197 1341 1254 exinde
1359 1193 1625 1282 [ra—tar‘ffif’ross
1703 1209 1772 1267 Ξ

154 1289 223 1344 ratio
241 1287 357 1344 hebetur
374 1287 520 1356 fruetuum,
538 1301 573 1342 ex
591 1301 646 1355 quo
664 1285 829 1355 editarum,
848 1300 903 1342 nou
920 1291 1002 1342 retro.

116 1375 136 1432 4
163 1387 166 1404 ·
206 1378 325 1432 Pennus
347 1375 416 1432 libro
439 1375 630 1444 sexagensimo
654 1375 773 1444 septimo
797 1373 832 1429 ad
856 1373 986 1430 edictum.
1022 1375 1064 1431 lix
1087 1374 1188 1446 quibus
1210 1375 1301 1430 causis
1320 1389 1412 1430 annus
1431 1369 1626 1458 ΜΕ
1691 1388 1773 1448 Ξ

154 1467 299 1522 interdicta
316 1471 389 1535 sunt,
407 1479 443 1521 er
459 1463 502 1520 his
520 1463 555 1519 de
573 1477 615 1534 eo,
633 1463 708 1534 quod
726 1463 762 1519 ad
780 1478 843 1520 enm
862 1479 925 1520 oum
943 1478 998 1534 quo
1010 1465 1102 1535 agitur
1113 1465 1248 1536 peruenit,
1266 1469 1330 1534 post
1341 1481 1444 1520 annum
1456 1464 1585 1520 indicium

154 1553 288 1625 daniidum
307 1553 425 1610 Sabinus
443 1551 592 1624 respondit.
1600 1563 1683 1612 t&
1723 1568 1811 1620 :stit

118 1641 137 1700 5
207 1645 284 1699 loen
301 1643 370 1699 libro
387 1641 469 1698 tertio
487 1641 593 1697 decimo
612 1641 648 1696 sd
666 1637 806 1696 Sabinum.
843 1641 993 1698 Interdicis
1015 1642 1124 1698 noxalis
1147 1657 1182 1698 es
1204 1644 1282 1712 sunt,
1304 1657 1375 1712 quae
1397 1640 1434 1697 ob
1457 1641 1620 1699 delictumS
1697 1653 1768 1711 ἓ

155 1748 258 1804 eorum,
275 1747 345 1802 quos
363 1731 392 1787 in
409 1734 547 1800 potestate
564 1729 707 1801 habemus,
726 1729 834 1801 dantur,
853 1731 940 1788 ueluti
957 1747 1019 1788 oum
1038 1731 1066 1786 ui
1083 1730 1242 1788 deiecerunt
1258 1734 1307 1786 ant
1324 1732 1353 1786 ni
1371 1737 1421 1786 sut
1434 1731 1506 1787 olam
1518 1746 1585 1803 opas
1603 1741 1627 1782 rs
1656 1745 1706 1786 a
1719 1753 1774 1794 tu

154 1821 287 1878 iecerunt.
314 1820 364 1876 sed
386 1817 476 1875 offieio
498 1819 596 1876 indieis
619 1819 787 1890 continetur,
811 1825 844 1876 ut
867 1820 1007 1876 domiuum
1030 1835 1082 1876 sua
1105 1820 1220 1891 inpense
1243 1835 1313 1890 opus
1330 1821 1523 1876 restituentem
1541 1821 1585 1877 ab·

155 1913 256 1968 soluat:
275 1909 436 1982 patientiam
447 1907 568 1966 tollendo
580 1909 656 1980 operi
667 1913 853 1980 praestantem
866 1923 955 1966 noxae
966 1908 1067 1972 dedere
1078 1907 1173 1966 iubeat
1183 1910 1229 1964 et⁸
1241 1907 1375 1979 absoluat,
1391 1909 1417 1965 si
1428 1925 1484 1966 non
1496 1910 1585 1980 dedat,

155 2003 287 2072 qnantum
305 2001 446 2070 impensae
463 1999 492 2054 in
510 1997 631 2056 tollendo
648 2012 732 2068 opere
750 2003 893 2069 erogatum
911 1999 961 2068 sit,
985 1998 1055 2054 tanti
1072 1998 1249 2056 condemnet:
1274 1998 1298 2053 si
1320 2014 1410 2069 neque
1429 2000 1585 2069 patientiam

153 2094 276 2162 praestet
293 2102 382 2160 neque
399 2088 460 2158 ipse
477 2088 568 2158 tollat,
587 2102 650 2144 cum
668 2086 770 2158 possit,
788 2086 816 2144 in
834 2091 941 2144 tantuma
960 2087 1138 2158 condemnet,
1161 2088 1340 2159 inquantum
1359 2087 1443 2144 iudea
1461 2090 1584 2146 aestim-
1601 2097 1727 2144 ωε
1747 2107 1769 2148 ιι

155 2179 234 2249 uerit,
251 2183 335 2249 atque
354 2177 378 2232 si
395 2177 455 2248 ipse
473 2173 593 2232 iecisset.

565 2429 603 2510 e
641 2291 1099 2522 ouonoulisouonuu
1137 2431 1175 2508 ιι

119 2589 135 2646 1
206 2587 357 2644 omnum
378 2583 447 2642 libro
466 2585 657 2656 sexagensimo
677 2585 793 2657 septimo
813 2585 848 2640 ad
867 2583 996 2642 edietum.
1026 2586 1075 2641 Ait
1092 2592 1215 2658 praetor:
1233 2585 1363 2654 ‘Quorum
1381 2587 1430 2644 bo·
1449 2581 1583 2672 [iside]
1597 2591 1694 2646 K
1733 2591 1756 2644 lt

155 2675 259 2733 'norum
278 2692 312 2732 ex
331 2673 421 2730 edicto
440 2689 501 2730 meo
519 2675 557 2730 illi
575 2676 713 2746 possessio
731 2675 798 2730 dats
815 2678 871 2744 est,
895 2673 970 2744 quod
993 2673 1028 2730 de
1045 2674 1089 2731 his
1106 2673 1187 2731 bonis
1203 2691 1254 2746 pro
1272 2677 1373 2733 herede
1392 2683 1442 2734 aut
1458 2665 1582 2751 propos
1597 2688 1625 2727 ιε
1636 2686 1689 2725 8
1733 2684 1756 2724 ¹⁵

155 2765 270 2822 ‘sessore
287 2764 415 2835 possides
432 2763 640 2836 possideremus,
664 2765 687 2820 si
706 2764 771 2820 nihil
789 2767 954 2834 usucaptum
972 2769 1058 2834 esset,
1080 2765 1155 2834 quod
1172 2765 1300 2837 quidem*
1317 2766 1381 2822 dolo
1400 2769 1472 2823 malo
1491 2767 1581 2837 iocati,

123 2863 136 2910 1
155 2853 204 2910 'uti
220 2855 359 2910 desineres
377 2853 528 2924 possidere,
547 2853 576 2908 id
593 2853 632 2909 illi
650 2851 796 2911 restituss'.
832 2853 892 2909 Hoc
910 2853 1084 2910 interdictum
1103 2855 1299 2911 restitutorium
1317 2860 1362 2912 est
1380 2862 1409 2912 et
1427 2857 1463 2912 sd
1482 2859 1581 2913 uniuer-

154 2944 264 3000 sitatem
285 2942 433 3014 bonorum,
458 2957 513 3000 non
541 2943 577 2998 sd
602 2943 725 3014 singulas
747 2957 791 2998 res
813 2943 932 3014 pertinet
954 2945 983 2998 et
1006 2943 1159 3014 appellatur
1183 2944 1305 3016 'quornm
1329 2945 1473 3004 bonornm'
1497 2953 1525 3004 et
1545 2952 1582 3004 est
1603 2973 1606 2982 v
1628 2971 1645 2980 -
1738 2963 1742 2970 ·

156 3033 320 3106 apiscendae
337 3031 521 3105 possessionis
540 3033 729 3089 uniuersorum
748 3031 890 3088 bonorum.
1596 3039 1678 3083 ue
1732 3029 1756 3070 ¹⁹

118 3121 138 3180 2
207 3123 327 3179 Paucos
348 3122 423 3179 libro
446 3121 596 3178 uicensimo
620 3121 655 3177 ad
679 3121 807 3178 edictum.
843 3119 992 3178 Interdieto
1010 3136 1126 3192 qnorum
1143 3121 1276 3179 bonorum
1294 3122 1435 3182 debitores
1452 3119 1582 3211 Q
1595 3121 1677 3178 Β.
1734 3109 1763 3164 Γ

156 3211 316 3269 hereditarii
333 3227 388 3269 non
405 3216 540 3282 tenentur,
558 3209 608 3267 sed
625 3215 731 3267 tanturn
750 3224 893 3282 corporum
910 3225 1093 3281 possessores.

567 3537 605 3615 tt
645 3535 773 3630 QUOD
807 3399 1099 3614 LilililiATORUltl
1136 3537 1173 3616 it

122 3697 138 3752 1
211 3694 363 3752 Unmrrus
386 3692 454 3750 libro
477 3692 668 3764 semgensimo
690 3694 808 3764 septimo
829 3693 866 3749 sd
888 3693 1017 3750 edietum.
1053 3695 1114 3750 Hoc
1136 3694 1309 3751 interdictum
1332 3697 1417 3767 uolgo
1435 3690 1581 3780 [ῑιῑιῖ

95 3793 108 3839 1
126 3794 140 3840 s
158 3783 240 3856 'quod
257 3781 418 3854 legatorum‘
437 3783 596 3854 appellatur.
624 3783 676 3838 Est
692 3788 785 3839 summ
803 3787 832 3839 et
849 3784 939 3854 ipsum
957 3783 1122 3854 apiscendae
1133 3785 1316 3855 possessionis
1334 3791 1363 3841 et
1380 3773 1583 3844 mnundfh'a'm
1595 3781 1698 3836 θῦε·
1749 3760 1771 3802 ⁸⁵

158 3888 284 3946 eausam,
303 3875 342 3942 ut,
360 3871 434 3942 qnod
451 3873 513 3941 quis
531 3873 682 3942 legatorum
702 3872 811 3930 nomine
828 3887 883 3930 non
900 3888 935 3930 ex
953 3873 1094 3930 uoluntate
1111 3872 1220 3930 heredis
1238 3876 1400 3946 occupauit,
1418 3876 1447 3931 id
1465 3877 1583 3934 restituet

117 3993 118 3996 ι
158 3962 260 4020 heredi.
287 3960 389 4018 etenim
408 3961 602 4030 aequissimum
620 3962 740 4032 praetori
762 3961 852 4018 ιιίιιιι
876 3967 920 4018 est
942 3978 1164 4034 unumquemque
1186 3979 1242 4022 non
1259 3963 1312 4020 sibi
1329 3965 1422 4035 ipsum
1440 3966 1484 4021 ius
1502 3966 1583 4023 dicere

158 4051 300 4122 occupatis
318 4049 427 4121 legatis,
445 4049 495 4106 sed
513 4049 549 4106 ab
567 4049 668 4108 herede
685 4055 793 4121 petere:
812 4050 912 4122 redigit
929 4051 1013 4123 igion
1031 4052 1067 4108 ad
1085 4051 1200 4110 heredes
1217 4067 1267 4124 per
1284 4052 1337 4110 hoo
1355 4054 1532 4112 interdictum
1549 4070 1583 4122 es,

158 4156 229 4213 quae
252 4141 404 4210 legatorum
432 4138 541 4195 nomine
567 4139 754 4211 possidentur,
781 4145 813 4197 ut
837 4140 976 4212 perinde?
990 4141 1115 4212 legatarii
1139 4141 1247 4214 possint
1267 4151 1336 4200 'eum
1363 4146 1521 4202 conuenire
1540 4138 1583 4230 [lt]

158 4245 352 4316 F(XYM00)

161 4394 170 4428 ¹
189 4405 261 4461 quae
278 4389 431 4475 interdicta]
451 4393 480 4444 et
497 4387 642 4444 interdieta
659 4389 794 4460 quaedam
812 4389 903 4460 qnae?
973 4391 985 4426 ²
1001 4390 1160 4447 retinendae
1171 4391 1354 4461 possessionis
1365 4399 1433 4450 sunt
1446 4393 1584 4452 interdicta

160 4467 192 4518 ut
209 4461 256 4517 ‘nti
274 4460 438 4531 possidetis,
456 4475 526 4530 quse
544 4464 609 4516 sunt
625 4464 657 4516 ut
674 4461 792 4518 diximus
810 4461 937 4533 duplicia
965 4467 1030 4520 sunt
1047 4463 1129 4518 etiam
1147 4461 1293 4518 interdicta
1310 4461 1433 4534 duplicia
1449 4471 1506 4522 tam
1524 4465 1583 4522 reoi-

159 4531 297 4604 perandse
316 4548 397 4602 quam
416 4532 580 4603 apiscendae
597 4532 798 4602 possessionis?
888 4534 942 4590 'si
960 4533 1044 4590 dedat
1061 4542 1109 4590 ins.
1199 4533 1358 4606 ⁴quodqns
1374 4537 1461 4604 tenid:
1484 4537 1583 4615 ομῑιι

150 4603 271 4675 sr.90)'?
341 4603 469 4660 ⁵deinde
487 4603 648 4678 (Kruepcrii

161 4743 397 4817 lpropri‘a'ctatis
407 4747 444 4799 F’
483 4747 592 4818 iquse]
606 4762 686 4817 quem
696 4747 734 4802 1¹⁸¹
776 4747 846 4804 ire·
899 4746 1032 4802 cissetF⁴
1076 4747 1111 4804 25
1129 4748 1283 4817 etelsus·
1308 4751 1362 4806 ts
1380 4749 1582 4822 penitusne

161 4817 334 4890 superandae
338 4819 378 4893 sl
393 4815 603 4887 adhipisoendse
606 4821 632 4890 s
664 4816 847 4874 tnu‘n'etiF2
900 4819 935 4872 F‘
955 4822 960 4887 t
980 4817 1055 4889 quod
1078 4819 1188 4889 qnidam
1213 4819 1286 4890 dolo]
1311 4821 1326 4874 i
1353 4821 1375 4876 εἰ
1393 4823 1468 4892 aiau
1486 4823 1581 4886 traice

161 4890 399 4961 5possessionem
412 4888 448 4942 Ρ
490 4890 525 4946 10
535 4889 669 4960 ulpianus}
682 4890 800 4946 iulianus
812 4891 846 4944 ι’
901 4889 1176 4958 essecommoda)
1213 4893 1412 4948 secutast*
1454 4889 1581 4952 sensio

162 4961 197 5018 14
220 4960 345 5020 sabinum
367 4960 533 5032 responditsi
556 4963 591 5015 F¹
645 4962 679 5017 17
701 4959 793 5017 sua‘m'
808 4961 847 5016 in·
900 4961 975 5034 quod
992 4961 1029 5018 Ε*
1044 4964 1050 5034 1
1065 4961 1275 5034 nomine‘q‘non
1292 4963 1330 5020 Ε*

161 5048 247 5110 pensa
265 5035 302 5090 Ρ
364 5035 398 5093 19
416 5031 531 5108 oper'u'e
550 5031 586 5088 Γ*
647 5035 681 5090 21
699 5029 847 5105 ipse‘q'ie·
