3638 5452
282 259 374 328 XXX
394 267 510 322 18-31
993 251 1019 332 6
1512 277 1558 324 uu
1581 275 1724 324 uacsnrs

227 419 265 479 28
337 417 488 472 Uurrauus
506 416 575 472 libro
595 431 667 472 nono
686 414 793 470 decimo
811 413 848 468 ad
866 411 1006 470 Sabinum.
1040 412 1069 470 si
1088 413 1215 470 creditori
1232 429 1302 485 meo,
1321 419 1398 470 bross
1416 413 1549 470 aduersus
1568 408 1724 498 ΜΒ
1757 421 1779 476 s

285 522 348 562 eum
367 505 537 575 exceptione,
555 504 583 559 id
602 503 676 573 quod
695 503 720 558 ci
739 501 827 557 debeo
845 502 944 571 legem,
962 503 1029 557 utile
1047 503 1167 572 legatum
1186 508 1237 572 eet,
1256 505 1321 572 quia
1338 503 1454 558 remissa
1468 504 1595 574 exceptio
1607 502 1723 572 uidetur,

284 596 356 650 sicut
373 593 468 648 Aristo
486 594 526 648 ait
542 593 570 648 id
588 592 662 662 quod
680 591 826 648 honoraria
848 591 956 646 actione
980 591 1046 646 milri
1069 591 1186 647 debettrr
1208 593 1231 646 si
1255 593 1361 662 legetur
1379 592 1458 662 mihi,
1483 593 1603 662 legatum
1622 593 1723 658 ualere,

252 695 263 740 1
284 684 349 752 quia
372 683 460 737 ciuilia
483 681 549 736 mibi
573 681 654 736 datur
677 680 750 736 actio
774 695 824 748 pro
843 678 995 734 honoraria.
1029 680 1173 736 Marcellus
1194 679 1264 736 libro
1287 682 1418 736 uicesimo
1442 686 1541 737 uetusto
1563 686 1643 750 putat
1666 695 1723 734 rem

283 786 366 842 quam
390 785 424 826 ex
450 771 582 840 stipulatu
606 768 671 822 mihi
695 767 780 827 debes
802 769 826 822 si
843 768 993 838 legauerir,
1024 769 1090 824 utile
1113 784 1176 824 esse
1202 771 1336 840 legatum,
1362 775 1394 824 ut
1416 785 1504 840 neque
1527 769 1650 824 Falcidia
1672 768 1757 824 hocs

284 861 402 915 minuat:
1713 913 1715 920 ,

227 950 265 1009 29
337 949 456 1002 Passus
479 945 547 1001 libro
572 950 651 1000 sexto
676 944 711 999 ad
733 945 822 1013 legem
849 944 944 999 Iuliam
971 949 1000 1000 et
1022 945 1144 1014 Papiam.
1181 947 1223 1002 sin
1247 952 1339 1002 autem
1358 962 1447 1016 neque
1466 946 1548 1002 modo
1567 939 1723 1028 [Qec
1745 954 1785 1007 Ἐ

285 1051 373 1106 neque
392 1039 514 1104 tempore
534 1049 622 1104 neque
641 1032 802 1090 condicione
820 1047 909 1102 neque
928 1033 988 1088 loco
1006 1033 1129 1090 debitum
1148 1034 1314 1105 differatnrl,
1333 1037 1429 1090 inutile
1447 1040 1491 1090 est
1508 1036 1637 1104 legatum.
1665 1049 1670 1060 “

227 1127 266 1186 30
339 1125 490 1179 Unrrauus
514 1120 583 1177 libro
606 1137 678 1178 nono
703 1122 809 1177 decimo
828 1121 864 1176 ad
883 1121 1023 1178 Sabinum.
1060 1123 1136 1178 Talis
1155 1125 1303 1194 scriptura:
1323 1125 1398 1194 'quas
1416 1125 1548 1194 pecunias
1567 1109 1724 1198 [Q
1758 1124 1779 1177 S

285 1213 391 1282 legaui,
410 1211 510 1284 quibus
528 1212 588 1266 dics
607 1211 750 1280 adpositus
768 1225 822 1266 non
841 1216 891 1280 est,
910 1226 958 1266 eas
976 1210 1056 1266 heres
1074 1227 1153 1266 meus
1171 1229 1263 1268 annua
1280 1211 1355 1268 bima
1366 1213 1448 1268 trima
1459 1212 1504 1266 die
1516 1211 1599 1282 dato',
1617 1212 1653 1268 ad
1671 1206 1723 1295 [[11]
1746 1228 1773 1266 ro

252 1317 263 1360 1
285 1317 399 1371 corpora
416 1302 508 1370 legata
527 1316 581 1354 non
599 1301 726 1368 pertinet,
745 1299 794 1354 sed
813 1298 848 1354 ad
867 1314 989 1368 eaquae
1007 1299 1128 1369 pondere
1147 1317 1260 1356 numero
1277 1317 1406 1356 mensura
1424 1301 1606 1356 continentur.
1633 1301 1670 1355 Et
1688 1301 1724 1356 ad

284 1406 318 1446 ea
335 1395 441 1445 tantum
460 1389 553 1458 legata
570 1389 701 1457 pertinet,
727 1387 826 1458 quibus
845 1387 905 1442 dies
923 1403 978 1442 non
997 1394 1040 1444 est
1057 1388 1214 1459 adpositus:
1238 1390 1352 1458 proinde
1376 1391 1400 1445 si
1422 1387 1493 1446 forte
1516 1403 1584 1458 pure
1601 1389 1723 1458 legatum

251 1485 339 1546 aest,
362 1494 397 1534 ex
421 1477 471 1532 hac
496 1477 650 1532 adiectione
673 1475 874 1546 prorogabitur.
912 1475 983 1542 Quid
1006 1477 1031 1532 si
1053 1473 1123 1534 torte
1147 1483 1255 1534 eentum
1281 1477 1346 1534 mibi
1368 1479 1460 1547 legata
1478 1484 1543 1532 sunt
1558 1479 1724 1548 praesentia,

284 1573 374 1624 utrum
392 1582 485 1622 annua
504 1565 547 1620 die
566 1563 705 1620 dabuntur
723 1581 758 1620 an
778 1579 844 1620 uero
862 1565 1039 1636 praeseutia?
1069 1573 1098 1622 et
1121 1567 1160 1622 ait
1177 1567 1290 1623 Seruius
1314 1572 1343 1622 et
1360 1567 1453 1622 Labeo
1471 1581 1602 1635 praesens
1620 1565 1723 1620 deberi.
1745 1581 1772 1619 rr

283 1657 410 1726 quamuis
428 1657 512 1724 igitur
530 1668 704 1724 superuacua
721 1653 758 1708 eit
776 1653 843 1708 haec
861 1653 988 1723 adiectio,
1007 1659 1139 1724 quandum
1158 1655 1194 1710 ad
1212 1657 1269 1710 uim
1288 1661 1316 1710 et
1334 1656 1462 1712 ellectum
1476 1652 1485 1724 ]
1499 1655 1583 1724 legati
1596 1654 1723 1724 pertinet,
1741 1663 1782 1712 te

251 1750 375 1803 eumen
394 1744 429 1798 ad
447 1741 500 1798 hoe
516 1740 655 1812 proiciet,
679 1747 710 1796 ut
731 1743 869 1812 praesenti
892 1742 937 1798 die
959 1744 1080 1812 legatum
1099 1743 1240 1800 debeatur.
1268 1742 1323 1799 Sed
1342 1745 1366 1800 ei
1383 1745 1412 1798 in
1430 1759 1516 1799 anuos
1534 1743 1658 1811 singulos
1675 1747 1724 1797 aut

283 1833 405 1902 singulos
424 1847 533 1886 menses
551 1831 588 1884 sit
605 1831 727 1900 legatum
746 1831 884 1901 relictum,
908 1830 1030 1886 cessabit
1052 1847 1086 1888 ea
1103 1832 1253 1902 scriptura,
1277 1832 1412 1902 quiahoc
1430 1833 1550 1901 legatum
1570 1835 1600 1886 et
1615 1831 1722 1886 initium

250 1929 312 1980 set
330 1921 411 1976 linem
429 1920 522 1976 habet.
550 1918 605 1975 Sed
624 1923 653 1974 et
670 1920 694 1974 si
713 1918 765 1974 sub
777 1919 937 1976 condicione
955 1921 992 1976 sit
1008 1921 1129 1990 legatum
1148 1922 1281 1990 relictum,
1300 1926 1392 1990 potest
1404 1920 1458 1976 dici
1475 1935 1584 1978 cessare
1603 1936 1721 1976 annuam

209 2029 211 2034 ·
251 2022 265 2070 t
283 2012 473 2078 adiectionem,
493 2009 558 2078 quia
576 2008 635 2063 dies
653 2009 772 2064 incertus
790 2009 944 2079 appellatur
962 2009 1095 2064 condicio.
1124 2007 1175 2064 Oui
1192 2009 1403 2078 congruitquod
1416 2008 1563 2064 Trebatius
1574 2009 1722 2078 existimat,

251 2100 307 2158 osi
325 2101 369 2155 uui
386 2101 506 2168 legetur,
530 2096 641 2166 quaudo
665 2113 797 2152 annorum
821 2098 919 2166 uiginti
942 2098 1006 2167 erit,
1030 2098 1172 2166 uulgarem
1196 2096 1266 2152 banc
1289 2098 1439 2152 clausulam
1457 2112 1574 2152 cessare.
1610 2098 1680 2152 ltem
1699 2097 1724 2152 si
1742 2113 1769 2152 so

282 2189 389 2258 legetur
407 2187 524 2256 pecunia
541 2200 612 2256 quac
630 2187 659 2240 in
677 2201 742 2240 arca
760 2190 803 2240 eet
820 2187 864 2240 uel
883 2186 978 2240 uinum
996 2185 1070 2255 quod
1088 2187 1116 2240 iu
1135 2185 1275 2256 apothecis
1298 2191 1355 2255 est,
1378 2185 1525 2242 dicendum
1549 2190 1592 2240 est
1612 2199 1723 2240 cessare

251 2289 265 2334 7
283 2277 441 2344 clausulam,
460 2275 589 2344 quoniam
608 2275 734 2342 quotiens
753 2275 860 2344 specics
877 2275 992 2345 legetur,
1011 2289 1121 2330 cessare
1139 2275 1267 2330 diximus.
1294 2275 1372 2329 Hanc
1389 2279 1480 2330 autem
1493 2275 1654 2344 scripturam
1667 2289 1723 2330 oon

283 2365 371 2422 solum
391 2365 426 2419 ad
443 2361 638 2434 praecedentia
655 2361 715 2417 sola
732 2361 832 2432 legata,
851 2362 901 2417 sed
919 2362 955 2416 ad
967 2362 1096 2418 uniuersa
1108 2378 1179 2432 quae
1191 2367 1357 2418 testamento
1370 2362 1509 2432 adscripta
1520 2367 1592 2432 aurei7
1611 2362 1723 2418 extendi
1776 2431 1777 2434 Ἴ

285 2453 380 2510 Gallus
398 2453 534 2522 Aquilius,
554 2449 656 2520 Ofilius,
676 2447 823 2506 Trebatius
841 2450 1041 2522 responderunt
1058 2450 1141 2520 idque
1159 2466 1255 2506 cerum
1273 2457 1324 2506 eet.
1742 2467 1773 2507 rs

226 2544 263 2602 31
336 2543 456 2598 Patruus
476 2541 544 2596 libro
562 2539 644 2594 tertio
663 2538 698 2592 ad
717 2537 857 2594 Sabinum.
893 2537 949 2594 Sed
968 2540 1051 2594 etiem
1070 2539 1105 2594 ad
1124 2555 1171 2609 ca,
1196 2555 1267 2609 quae
1292 2539 1423 2596 codicillis
1442 2538 1608 2596 confirmatis
1625 2543 1724 2609 postea
1755 2545 1777 2596 S

282 2632 375 2702 legata
392 2629 501 2700 iruerint,
520 2629 589 2684 haec
607 2627 730 2682 clausula
745 2627 873 2697 pertinet.

226 2721 264 2779 32
338 2719 488 2776 Usarauus
513 2717 580 2772 libro
603 2715 734 2770 uicesimo
758 2716 795 2770 ad
812 2713 953 2770 Sabinum.
989 2713 1020 2770 Si
1038 2715 1099 2784 quis
1117 2731 1135 2770 a
1152 2714 1207 2772 tilio
1230 2717 1333 2786 pupillo
1351 2716 1451 2772 herede
1469 2717 1545 2772 insti·
1564 2714 1721 2801 [affer
1756 2722 1778 2775 S

284 2813 352 2878 tuto,
372 2823 434 2864 cum
453 2808 477 2862 ia
495 2807 523 2860 in
541 2805 654 2860 tutelam
673 2819 752 2858 suam
770 2804 900 2873 uenisset,
918 2803 1063 2873 pecuniam
1082 2805 1217 2874 legauerit
1233 2810 1262 2860 et
1274 2821 1291 2860 a
1302 2805 1452 2862 substituto
1464 2807 1565 2863 herede
1577 2795 1722 2878 [effeta—re*

284 2898 409 2967 petierat,
427 2894 569 2966 impubere
587 2892 642 2948 tilio
661 2898 769 2948 mortuo
787 2891 924 2948 secundus
942 2891 1021 2948 beree
1039 2893 1162 2962 legatum
1180 2909 1234 2949 noo
1252 2892 1372 2948 debebit
1400 2895 1474 2964 quod
1492 2896 1532 2952 ita
1546 2911 1641 2952 uerum
1660 2912 1723 2953 esse

283 2989 340 3040 mm
360 2983 461 3038 Sextm
479 2999 561 3054 quam
580 2983 747 3052 Pomponius
765 2985 877 3051 putant,
902 2981 926 3036 si
949 2981 1076 3052 repetitio
1096 2983 1250 3051 legatorum
1269 2982 1305 3036 ad
1323 2998 1385 3038 eum
1405 2984 1514 3039 modum
1534 2991 1772 3056 coemptarum

284 3073 382 3129 ueluti:
402 3072 480 3142 'queo
503 3089 522 3128 a
544 3071 600 3128 lilio
625 3086 687 3126 meo
710 3071 802 3140 legaui
825 3073 950 3140 quaeque
974 3083 1037 3124 cum
1061 3069 1127 3125 dare
1150 3069 1231 3138 iussi,
1255 3071 1280 3124 si
1304 3071 1369 3126 mihi
1387 3071 1466 3126 heres
1484 3078 1573 3142 esset,
1598 3073 1626 3128 id
1644 3073 1723 3131 heres

285 3161 370 3216 'meus
388 3161 474 3216 isdem
494 3161 592 3216 dicbus
610 3157 696 3214 dato':
715 3158 765 3214 sed
783 3159 807 3214 si
825 3159 865 3212 ita
881 3159 998 3228 repetita
1015 3157 1128 3214 luerint:
1148 3158 1226 3227 'quae
1244 3174 1262 3214 a
1279 3157 1334 3214 filio
1353 3174 1414 3214 meo
1431 3161 1530 3230 legaui,
1549 3160 1627 3216 heres
1645 3178 1724 3218 meus

285 3249 374 3319 'dat0'‚
397 3265 465 3319 pure
488 3249 607 3319 repetita
630 3245 797 3302 uidebuntur
814 3247 907 3316 legata
924 3251 953 3302 et
970 3246 1116 3302 dumtaxat
1138 3247 1335 3303 demonstratio
1359 3263 1453 3302 eorum
1477 3247 1564 3306 tacta:
1588 3250 1671 3318 igitur
1694 3256 1725 3306 st

253 3350 265 3394 1
284 3338 337 3396 hoc
354 3339 444 3410 ipsum
463 3339 585 3407 legatum
604 3336 639 3391 de
652 3350 706 3406 quo
719 3335 859 3404 quaeritur
874 3349 1006 3406 praeseus
1019 3333 1172 3390 debebitur.
1200 3334 1229 3390 Si
1244 3336 1305 3406 quis
1317 3336 1409 3406 plures
1421 3335 1530 3394 Stichos
1548 3333 1724 3421 ffiffl
1743 3348 1773 3389 ss

286 3461 533 3530 autumares)

288 3643 296 3676 ¹
316 3639 466 3709 differatur]
487 3640 553 3693 idem
573 3637 670 3692 Graeci
686 3635 835 3708 (Ῠπὲρθεεικ
854 3637 930 3708 ipsu:
948 3637 1058 3694 differat
1069 3637 1261 3705 (Heiuecciuall

288 3813 537 3881 llibroxuiiin
553 3814 638 3882 tutus]
652 3815 730 3868 titius
744 3813 835 3868 WO?
873 3815 976 3883 deum]
1031 3815 1154 3870 relictum
1165 3815 1200 3870 sit
1210 3815 1330 3884 legatum
1343 3815 1380 3870 sit
1391 3816 1549 3884 legatumG
1584 3817 1616 3870 19
1629 3815 1724 3884 quia's'

286 3891 343 3939 ium
372 3887 419 3938 Ρ*
441 3889 445 3952 Ι
467 3885 533 3938 utile
560 3905 608 3938 cnr.
631 3885 668 3938 El·
689 3887 694 3953 ]
716 3885 838 3953 remissa]
865 3887 909 3949 F',
936 3901 977 3940 rc·
1030 3885 1142 3956 diesFl
1158 3887 1376 3942 existimabatis*
1414 3889 1449 3940 20
1466 3885 1584 3956 qtraudo}
1604 3888 1650 3956 qui
1669 3902 1723 3944 nou

286 3957 371 4009 missa
389 3957 413 4009 ci
433 3956 635 4010 iatvuulolt
679 3957 696 4009 3
715 3955 861 4010 deberetur
875 3955 903 4009 D
920 3959 925 4024 Ι
940 3957 977 4011 lc·
1031 3957 1073 4010 D·
1088 3960 1093 4024 Ι
1108 3955 1187 4026 hanc]
1207 3958 1258 4012 hac
1275 3959 1319 4024 Ε]
1336 3958 1454 4028 cessare]
1472 3973 1541 4012 cess.
1557 3959 1675 4012 diximus
1693 3959 1722 4010 D

286 4034 367 4096 gatur
388 4026 466 4090 WE‘,
490 4028 583 4094 legata
605 4028 643 4080 E'¹
696 4026 833 4094 bdebes]
863 4027 978 4082 deberes
1031 4029 1065 4082 21
1084 4029 1192 4098 legatur
1207 4029 1261 4092 Wl
1277 4027 1374 4082 'h‘arca
1389 4030 1423 4080 i*
1438 4033 1443 4095 ]
1459 4029 1615 4098 dicendum]
1629 4028 1722 4083 etdic.

286 4097 370 4162 Ellt'l
382 4098 527 4166 legauuris]
539 4099 595 4160 iii,
607 4097 743 4165 leguueris
753 4097 983 4164 mibiWEQIOI(
1031 4099 1098 4152 DE⁰
1146 4101 1181 4154 22
1199 4101 1306 4169 species
1320 4100 1435 4168 legetur]
1456 4101 1510 4164 F'‘,
1529 4115 1602 4170 spec.
1616 4101 1725 4168 legatur

287 4168 367 4236 lsiu]
382 4169 404 4222 si
420 4167 455 4222 W
495 4171 611 4237 bneque
624 4169 714 4236 cond]
728 4168 807 4223 cond.
821 4169 858 4222 E⁰
898 4169 977 4224 9‘dc·
1031 4169 1248 4235 fnwuulort,
1267 4172 1374 4240 legatur
1392 4187 1465 4240 spec.
1479 4172 1503 4236 Q
1520 4175 1524 4234 Ι
1541 4171 1657 4226 dicimus
1669 4172 1726 4226 DC

287 4237 364 4294 cimo'
380 4255 452 4294 nono
471 4240 530 4293 dec.
549 4238 594 4302 F‘,
618 4239 675 4294 uiiii
696 4239 719 4306 Q
741 4241 745 4308 l
767 4240 844 4308 quas]
865 4256 920 4309 qua
935 4239 977 4304 W,
1032 4242 1066 4295 23
1085 4241 1188 4312 scripta
1205 4243 1244 4306 E,
1266 4243 1401 4312 script-ura
1418 4241 1450 4296 K
1499 4244 1534 4298 24
1551 4243 1650 4311 gallius
1668 4241 1723 4310 Β]

286 4311 414 4380 quaml<
452 4311 591 4378 lelegum
610 4309 645 4363 W
688 4313 718 4364 11
733 4311 870 4380 pertinent
882 4312 920 4374 D,
938 4317 977 4365 at·
1031 4313 1256 4381 responderer
1272 4311 1559 4382 idquelidquidemD
1584 4311 1722 4380 idetiam]

286 4382 411 4450 tinetCl
428 4381 655 4436 contiuon‘turF
693 4384 725 4436 12
743 4381 977 4451 pertineutDK·l
1032 4387 1060 4437 et
1083 4383 1135 4449 EQ
1188 4385 1222 4438 at
1246 4385 1349 4454 pupillo
1372 4403 1421 4437 om.
1440 4385 1467 4436 D
1522 4385 1557 4438 28
1577 4384 1723 4438 t'e'utelam

286 4455 401 4524 proinde
419 4453 442 4506 si
461 4452 540 4520 lortol
564 4451 676 4522 perinde
700 4453 723 4506 si
742 4451 760 4507 f.
782 4453 816 4516 0,
839 4454 862 4506 si
880 4451 898 4508 l.
918 4468 978 4524 per·
1031 4469 1109 4508 suam
1129 4453 1156 4516 F,
1178 4470 1256 4509 suam
1274 4460 1326 4510 tut.
1342 4454 1396 4520 Wl
1412 4455 1552 4524 repetierit
1566 4454 1729 4508 WDEIGK

286 4525 386 4578 iudei)
403 4525 408 4592 Ι
423 4525 544 4594 puerell
575 4525 865 4593 tsprorogeniturfv‘
882 4527 886 4592 Ι
902 4521 977 4592 quid]
1032 4526 1066 4579 29
1084 4524 1258 4594 impubcr'a'e
1278 4527 1317 4592 Ε]
1339 4525 1417 4580 bores
1435 4544 1484 4579 cun.
1499 4527 1534 4580 ll⁴
1588 4527 1623 4580 30
1642 4525 1724 4580 modo

286 4595 360 4664 quod
375 4595 540 4653 WDEICK.
559 4596 606 4663 qui
621 4595 645 4660 Q
660 4597 664 4661 l
681 4595 746 4650 milri
763 4601 872 4650 centum
887 4595 961 4649 DIK
971 4599 976 4662 Ι
1032 4597 1080 4648 F⁶‘
1096 4599 1101 4662 Ι
1117 4597 1162 4666 sit]
1176 4603 1241 4652 sunt
1254 4599 1286 4651 F:
1302 4597 1400 4659 'Ptisisl
1413 4595 1483 4651 strnt'
1495 4595 1643 4652 adfuerint
1655 4597 1725 4651 o.32

285 4666 424 4734 praesenti
440 4666 478 4718 W
518 4668 551 4720 14
569 4667 733 4735 praesentia]
753 4666 890 4735 praesenti
904 4665 978 4719 WK‘
1031 4687 1123 4738 marpo
1137 4667 1163 4721 E
1202 4670 1238 4724 32
1256 4668 1352 4736 isdem]
1366 4669 1418 4722 istc
1432 4669 1459 4720 D
1477 4671 1481 4734 Ι
1497 4667 1576 4736 quae]
1596 4669 1668 4729 ΗΚ,
1686 4667 1724 4722 le·

288 4739 322 4792 15
339 4752 514 4805 superuacua
531 4738 556 4790 F
572 4741 576 4802 Ι
597 4739 652 4791 uim
671 4743 699 4792 et
717 4737 855 4806 eflectum]
875 4737 930 4792 uim
950 4741 978 4790 et
1030 4744 1096 4806 gata
1112 4753 1183 4806 quac
1198 4740 1333 4806 WDEO!
1350 4737 1419 4794 tilios
1434 4737 1472 4788 W
1508 4741 1543 4794 33
1560 4737 1724 4794 uidebantur

287 4807 322 4861 ad
334 4809 462 4862 effectum
478 4807 506 4869 0,
520 4809 571 4862 reri
584 4814 613 4862 et
625 4808 661 4862 ad
673 4809 801 4863 affectum
819 4807 859 4872 W,
879 4817 926 4862 inc.
940 4807 978 4860 K·
1030 4810 1074 4872 Ρ,
1085 4809 1270 4864 uideanturlt‘
1280 4811 1285 4877 Ι
1301 4809 1507 4878 demonstratio]
1518 4809 1723 4874 Edemoustra·

289 4879 322 4933 16
345 4877 565 4948 proficie'n'tu'r't
587 4879 624 4932 F²
645 4881 649 4947 Ι
670 4879 728 4947 sed]
754 4879 804 4934 sed
827 4885 855 4933 et
876 4877 977 4943 EQIK,
1030 4879 1105 4934 tione
1123 4881 1260 4946 DEIOK,
1279 4881 1466 4938 demonstrare
1487 4881 1510 4945 Q
1563 4881 1599 4936 34
1623 4887 1722 4951 quau·

286 4954 315 5004 ct
335 4949 450 5018 Olaut]
469 4950 540 5014 FIK,
559 4955 607 5004 aut
625 4949 811 5016 iuWDEQO
865 4950 896 5004 ll
916 4949 977 5073 lew
1031 4951 1099 5006 ritur
1117 4951 1154 5004 F’

286 5025 316 5076 et
332 5019 385 5076 hoc
400 5019 518 5089 WEQK
554 5023 587 5076 18
605 5021 641 5076 sit
659 5021 781 5076 relictum
799 5021 919 5090 legatum
968 5061 977 5084 ,
