3584 5454
281 251 461 319 XXXXVII
482 253 504 317 2
524 258 638 313 ca-cr
955 241 1044 324 754
1410 343 1415 352 Χ
1679 267 1724 314 nr

281 408 355 464 aliud
379 406 605 475 existimandum,
629 405 757 460 uidelicet
778 403 854 473 qnod
876 408 944 458 tuno
961 403 1021 458 eius
1039 402 1124 458 solius
1143 402 1330 474 commodum,
1355 403 1402 473 qui
1421 403 1559 458 utendum
1578 403 1722 472 rogauerit,

281 501 415 552 narretur.
441 493 535 564 itaque
553 510 616 550 eum
634 494 682 564 qui
699 493 929 560 commodarent,
948 493 1021 548 siout
1037 492 1066 546 iu
1084 491 1234 562 locatione,
1253 493 1277 547 ai
1295 493 1358 548 dolo
1369 492 1444 562 ι0016
1463 491 1564 548 iecerit
1581 506 1638 547 non
1655 493 1724 546 ultra

281 585 397 655 pretium
416 583 489 638 serui
507 582 574 654 quid
592 583 787 636 amissurum:
806 581 872 650 quin
890 583 973 635 etism
989 580 1071 650 paulo
1083 579 1225 635 remissius
1237 581 1310 636 circa
1322 582 1582 650 interpretationem
1593 580 1651 636 doli
1662 579 1723 635 maii

247 683 262 730 t
281 673 382 728 debere
400 687 450 727 nos
468 671 581 740 uersari,
600 671 738 740 quoniam,
757 673 789 724 nt
806 669 909 724 dictum
928 669 991 738 ait²,
1009 669 1084 724 nulia
1101 668 1205 723 utilitas
1223 669 1425 724 commodantis
1442 669 1622 726 interueniret
1650 669 1723 722 Haec

280 762 320 816 ita
342 767 410 831 puto
427 774 495 816 uera
512 773 587 828 esse,
612 759 636 813 si
653 760 728 814 nulla
745 758 827 828 culpa
843 758 943 828 ipsius,
967 758 1014 827 qni
1032 757 1192 812 mandatum
1210 758 1256 812 uel
1273 758 1430 827 depositum
1448 758 1619 828 susceperit,
1643 756 1751 812 inter-t

281 849 375 904 cedat:
399 853 520 902 ceterum
545 847 568 901 ai
590 847 650 916 ipse
673 847 750 902 nitro
769 847 795 900 ei
813 846 967 902 custodiam
986 846 1095 915 argenti
1111 844 1182 900 sorte
1199 847 1245 900 uel
1264 861 1435 902 nummorum
1455 846 1639 913 commiserit,
1662 859 1721 898 cum

247 947 261 994 8
280 936 401 1006 alioquin
423 935 490 990 nihil
513 950 643 1004 umquam
667 935 795 990 dominus
817 935 872 990 tale
895 932 960 1002 quid
985 931 1110 1002 iecisset,
1133 935 1212 988 aliter
1230 934 1442 990 existimandum
1461 940 1514 988 est
1552 932 1658 988 Locaui
1674 930 1722 986 tihi

279 1023 404 1094 fundum,
423 1028 452 1078 et
467 1027 512 1091 (ut
529 1023 646 1088 adsolet)
665 1023 802 1092 conuenit,
821 1023 862 1077 uti
879 1021 985 1078 fructus
1003 1021 1040 1078 ob
1058 1022 1212 1078 mercedem
1225 1023 1333 1092 pignori
1345 1021 1410 1077 mihi
1423 1026 1527 1078 essent
1555 1021 1580 1076 si
1592 1036 1642 1075 eos
1654 1021 1721 1075 ciam

280 1113 483 1184 deportaneria,
506 1109 590 1166 6006ι
608 1115 700 1166 tecum
719 1125 808 1179 agere
826 1125 908 1180 posse
927 1110 1027 1166 aicbat.
1059 1110 1109 1165 sed
1128 1116 1157 1166 at
1174 1115 1185 1180 ΙΙ
1205 1111 1278 1166 situ
1296 1111 1342 1166 aiii
1360 1109 1465 1166 fructus
1483 1109 1642 1180 pendentes
1659 1123 1721 1170 uon·
1734 1112 1792 1158 tii

279 1201 381 1256 didens
404 1205 433 1256 et
455 1205 563 1270 emptor
586 1214 634 1254 cos
657 1199 856 1270 deportauerit,
880 1214 1051 1268 consequens
1069 1200 1133 1268 erit,
1158 1205 1190 1254 ut
1207 1200 1236 1254 in
1253 1198 1383 1254 irrrtiuam
1401 1213 1514 1254 causam
1535 1213 1585 1254 eos
1603 1197 1720 1252 incidere
1736 1205 1759 1244 1⁰

279 1290 412 1346 dicamus.
439 1289 540 1344 etenim
558 1285 672 1356 fructus,
691 1287 822 1357 quamdin
839 1289 899 1342 solo
917 1287 1091 1356 cohaereant,
1111 1287 1188 1342 fundi
1202 1303 1263 1342 ease
1276 1293 1305 1342 et
1316 1288 1379 1342 ideo
1392 1287 1530 1356 colonum,
1549 1286 1617 1356 qnia
1629 1286 1719 1342 uolun-

278 1383 336 1434 tate
355 1378 458 1433 domini
476 1391 524 1432 cos
542 1376 681 1446 percipere
699 1375 834 1444 uideatur,
854 1391 919 1431 auos
937 1375 1043 1431 fructus
1061 1374 1162 1431 iacere.
1189 1376 1263 1445 quod
1281 1381 1357 1431 certe
1368 1376 1398 1430 in
1409 1375 1554 1444 proposito
1567 1389 1623 1430 non
1636 1387 1718 1443 acque

246 1475 260 1522 9
279 1467 391 1522 dicitur:
409 1481 465 1536 qua
482 1465 554 1518 enim
572 1465 679 1520 ratione
695 1465 786 1520 coloni
803 1463 862 1520 fieri
880 1464 999 1534 possint,
1018 1479 1081 1520 cum
1099 1467 1208 1533 emptor
1225 1478 1274 1518 eos
1292 1479 1343 1520 auo
1361 1464 1472 1518 nomine
1489 1463 1595 1532 coget?
1630 1460 1717 1516 Statu·

278 1555 403 1623 liberum,
421 1553 477 1623 qui,
496 1553 520 1608 si
538 1551 633 1606 decem
652 1551 767 1622 dederit,
785 1551 855 1607 iiber
873 1567 935 1607 csse
953 1553 1045 1608 iussus
1064 1557 1132 1622 erat,
1149 1551 1230 1607 heres
1242 1552 1448 1608 noxatiiudicio
1459 1551 1640 1606 defenderat:
1657 1565 1716 1619 peu·

278 1643 361 1700 dente
384 1641 486 1697 iudicio
510 1655 607 1696 seruus
628 1640 701 1696 datis
719 1639 814 1696 decom
834 1639 927 1696 heredi
946 1639 980 1694 ad
1000 1639 1154 1696 libertatem
1171 1641 1310 1710 peruenit:
1334 1641 1489 1710 quaeritur,
1515 1655 1552 1696 an
1571 1655 1627 1696 non
1645 1640 1717 1694 aliter
1731 1644 1753 1685 ¹⁵

278 1730 414 1786 absolutio
432 1727 492 1808 ficri
509 1727 618 1798 debeat,
637 1743 719 1797 qoam
737 1729 762 1784 si
774 1728 879 1798 decem,
897 1743 969 1798 quae
982 1729 1142 1798 accepisset,
1160 1728 1240 1784 hores
1252 1730 1338 1785 actori
1350 1729 1483 1784 dedisset
1513 1727 1617 1783 referre
1629 1727 1716 1782 existi·

278 1819 377 1888 munit,
396 1817 469 1872 unde
487 1831 521 1871 ea
538 1817 656 1886 pecunia
673 1816 740 1871 data
757 1822 844 1886 essct,
869 1821 912 1887 ut,
937 1817 961 1872 si
978 1817 1089 1887 quidem
1108 1817 1219 1872 aliunde
1236 1832 1318 1886 quam
1337 1833 1373 1872 cx
1390 1819 1516 1888 peculio,
1537 1816 1608 1872 hacc
1625 1816 1715 1870 saitem

277 1911 407 1976 praestet,
428 1905 557 1974 quoniam
576 1903 686 1974 quidem
705 1905 748 1960 ai⁴
766 1905 887 1960 nondum
906 1905 942 1960 ad
959 1904 1114 1961 libertatem
1132 1921 1229 1960 seruus
1246 1907 1427 1975 peruenisset,
1445 1920 1538 1962 noxae
1556 1904 1667 1960 deditus
1682 1904 1712 1970 ei,

277 1994 323 2050 cui
341 1993 451 2048 deditus
470 1997 557 2062 essct,
581 1992 696 2048 daturus
715 1991 809 2050 suerit:
833 1993 857 2048 ci
876 2007 942 2048 uero
959 2009 995 2048 ex
1012 1993 1134 2064 peculio,
1153 1995 1218 2063 quia
1236 2009 1362 2051 nummos
1380 1993 1490 2050 heredis
1509 1994 1633 2062 dederit,
1649 2006 1711 2062 qnos

277 2083 373 2152 ntique
391 2081 415 2136 is
433 2095 566 2151 passurus
585 2096 647 2136 eum
666 2095 721 2136 non
739 2078 823 2136 fucrit
840 2081 866 2136 ei
884 2080 959 2150 darc,
978 2085 1075 2137 contra
1092 2082 1278 2138 statuendum.
1725 2086 1746 2126 ¹⁰

141 2169 179 2228 63
195 2167 259 2246 (62)
330 2170 506 2226 Msacrsaua
530 2169 599 2226 libro
623 2174 720 2238 quarto
744 2170 910 2239 regularum.
946 2170 1060 2225 Furtum
1082 2185 1138 2226 non
1155 2170 1315 2240 committit,
1338 2170 1386 2239 qui
1403 2167 1525 2240 fugitino
1544 2163 1740 2254 QS

277 2259 331 2314 iter
348 2258 520 2314 monstrauit.

140 2345 179 2404 64
194 2343 258 2422 (63)
330 2347 437 2402 hiaena
460 2345 529 2402 libro
550 2345 672 2402 morundo
690 2345 861 2416 publicorum
879 2346 1050 2402 iudiciorum.
1087 2347 1149 2402 Non
1166 2346 1266 2416 poterit
1282 2360 1396 2416 praeses
1413 2347 1526 2416 prouin-
1546 2340 1737 2431 [ΜΕ

130 2466 133 2472 ·
277 2436 337 2492 ciac
356 2433 474 2504 efficere,
492 2439 525 2490 ut
542 2431 608 2488 iusti
625 2433 784 2490 damnatum
804 2451 859 2490 non
877 2439 1008 2504 sequatur
1025 2433 1147 2490 infamia.
1721 2439 1743 2480 tt

141 2521 179 2582 65
195 2521 258 2601 (64)
331 2524 484 2578 Nnnaurua
508 2521 578 2577 libro
600 2523 689 2592 primo
713 2522 942 2578 membranamm.
979 2523 1005 2578 Α
1024 2524 1097 2578 Titio
1114 2521 1216 2578 herede
1233 2520 1315 2578 homo
1333 2521 1397 2578 Seio
1414 2523 1526 2592 legatus
1545 2518 1706 2607 [ᾗῇ
1719 2523 1747 2592 Ss

278 2616 342 2666 ante
366 2611 469 2666 aditam
492 2609 672 2666 hereditatem
690 2611 764 2666 Titio
785 2609 887 2666 furtum
906 2611 979 2668 iecit.
1011 2613 1035 2666 si
1053 2611 1129 2666 adita
1146 2611 1297 2666 hereditate
1315 2609 1395 2666 Seius
1412 2611 1538 2682 legatum
1557 2614 1593 2668 ad
1611 2629 1640 2668 ae
1656 2627 1706 2682 per

277 2701 366 2755 tinere
384 2700 516 2768 uoluerit,
534 2697 600 2754 furti
618 2699 678 2754 oica
696 2700 768 2754 serui
786 2699 896 2754 nomine
914 2705 981 2769 aget
998 2714 1061 2756 oum
1080 2715 1113 2755 eo
1131 2700 1229 2767 Titius,
1248 2699 1313 2769 quia
1329 2713 1420 2768 neque
1438 2705 1515 2770 tunc,
1534 2717 1598 2758 cum
1615 2699 1705 2756 faceret

277 2785 395 2856 furtum,
420 2788 479 2842 eius
498 2785 564 2858 fuit,
588 2793 616 2843 ot
635 2790 677 2854 (ut
694 2788 812 2842 maxima
830 2789 892 2856 quis
910 2788 1063 2858 existimet,
1081 2788 1105 2842 ai
1123 2803 1220 2844 seruus
1238 2802 1300 2844 csse
1318 2789 1441 2857 cooperit
1458 2789 1535 2860 eius,
1553 2792 1600 2846 cui
1616 2789 1703 2844 iustuu

277 2873 394 2943 iecerat,
413 2875 472 2930 tolli
489 2874 554 2930 iurti
572 2876 723 2945 actionem,
741 2881 774 2930 ut
791 2891 842 2931 nec
860 2875 884 2930 si
902 2877 1037 2932 alienatus
1054 2877 1098 2945 sit,
1117 2877 1163 2945 agi
1181 2877 1269 2946 possit
1285 2891 1319 2932 οο
1337 2877 1459 2944 nomino)
1478 2893 1515 2933 nc
1532 2883 1598 2947 post
1614 2879 1701 2934 aditam

278 2963 388 3033 quidem
412 2962 593 3042 hered'pntem
611 2964 677 3019 Titii
694 2962 785 3019 iactus
802 2968 859 3034 eat,
883 2965 948 3034 quia
965 2980 1011 3034 ea,
1030 2965 1103 3034 quae
1118 2965 1260 3034 legantur,
1282 2969 1359 3020 recta
1376 2967 1423 3020 uis
1441 2965 1477 3021 ab
1496 2981 1531 3022 co
1550 2968 1598 3037 qui
1614 2965 1733 3036 leguntii

277 3052 315 3108 ad
332 3067 394 3107 eum
413 3052 458 3106 cui
474 3053 568 3121 legata
585 3055 650 3118 aunt
667 3057 819 3108 hanseunt.
907 3076 910 3082 ·

141 3141 180 3200 66
194 3137 259 3220 (65)
332 3139 482 3196 Unarsaua
500 3140 569 3196 libro
587 3140 675 3210 primo
694 3139 730 3195 ad
748 3140 868 3195 edictum
886 3139 1015 3196 aedilium
1033 3142 1176 3198 curulium.
1204 3142 1257 3207 Qui
1274 3157 1310 3197 ea
1326 3133 1731 3226 WB

278 3234 370 3284 mente
388 3229 506 3284 alienum
525 3227 591 3297 quid
609 3229 798 3298 contrectauit,
818 3233 849 3284 ut
865 3227 1045 3298 lucrifaceret,
1063 3231 1174 3286 tametsi
1192 3234 1297 3286 nuato
1316 3231 1430 3286 oonsilio
1447 3232 1477 3286 id
1497 3232 1700 3301 dominopostes

276 3317 405 3387 reddidit,
424 3315 468 3372 iar
485 3321 542 3372 cst:
560 3331 641 3372 nemo
659 3317 732 3372 enim
750 3317 799 3372 teti
816 3323 931 3386 peccato
949 3319 1117 3388 paenitentia
1134 3335 1186 3374 sua
1203 3333 1305 3375 nocens
1322 3334 1384 3374 ease
1402 3319 1515 3375 desinit.
1712 3319 1731 3362 ³⁸

141 3405 179 3466 67
195 3404 259 3484 (66)
329 3407 450 3460 Psunus
467 3403 536 3460 libro
555 3405 673 3474 septimo
691 3404 726 3458 ed
745 3405 891 3460 Plautium.
920 3404 949 3461 Si
960 3407 993 3475 is,
1012 3407 1059 3476 qui
1071 3422 1127 3462 rem
1140 3408 1248 3477 pignori
1260 3407 1345 3477 dedit,
1363 3407 1524 3464 uendiderit
1543 3398 1728 3492 ΜΒ

277 3509 351 3550 eam:
371 3493 498 3562 quamuis
516 3492 642 3549 dominus
660 3493 704 3562 sit,
722 3491 827 3548 iustum
844 3492 919 3563 iacit,
937 3495 996 3550 siue
1015 3509 1076 3550 eam
1087 3495 1239 3551 tradiderat
1250 3496 1377 3552 creditori
1389 3497 1450 3551 siue
1462 3499 1579 3566 speciali
1590 3498 1699 3568 pactione

246 3591 258 3636 1
277 3587 385 3638 tantum
403 3581 586 3650 obligauerat:
605 3581 689 3650 idque
706 3586 736 3636 et
752 3582 875 3638 Iulianus
892 3587 981 3652 putat.
1014 3582 1044 3638 Si
1061 3583 1094 3653 is,
1112 3585 1157 3639 oui
1173 3599 1218 3640 res
1235 3584 1367 3662 subrepta
1384 3585 1429 3654 sit,
1448 3585 1516 3640 dnm
1537 3586 1610 3658 apnd
1627 3585 1698 3640 imon

277 3671 326 3741 sit,
345 3671 488 3740 iegacerat
504 3685 566 3724 eam
584 3668 663 3740 mihi,
683 3685 726 3740 an,
746 3671 770 3726 ai
787 3677 885 3740 postea
903 3669 947 3726 iur
964 3685 1025 3726 eam
1044 3676 1202 3742 contrectet,
1219 3672 1285 3728 furti
1303 3674 1440 3728 actionem
1460 3673 1599 3730 habeam?
1627 3678 1698 3728 etse

277 3759 396 3814 cundum
415 3757 549 3814 Octaueni
569 3759 733 3814 sententiam
757 3759 824 3814 mihi
846 3759 897 3814 soii
919 3759 1051 3829 competit
1073 3758 1138 3815 iurti
1161 3761 1248 3831 actio,
1271 3775 1333 3818 cum
1358 3761 1439 3816 hores
1462 3777 1516 3818 auo
1534 3763 1641 3819 nomine
1656 3773 1698 3814 nou

276 3845 386 3916 habeat,
404 3847 477 3916 quio,
495 3861 668 3917 quacumque
686 3846 792 3902 ratione
810 3847 960 3902 dominium
980 3852 1115 3904 mutatum
1133 3849 1178 3919 ait,
1196 3849 1305 3904 dominc
1324 3854 1484 3919 competere
1502 3850 1698 3907 furtiactionac
1709 3847 1728 3890 o

244 3945 259 3990 a
276 3938 393 3992 constat.
431 3935 516 4004 Eum,
534 3935 581 4004 qui
599 3935 746 3990 mulionem
765 3934 828 3991 dolo
846 3936 919 3992 malo
937 3937 965 3992 in
983 3938 1026 3992 ius
1044 3941 1186 4008 uocasset,
1206 3937 1231 3992 ai
1246 3937 1353 3994 interea
1370 3939 1463 3994 mulae
1480 3939 1630 4010 perissent,
1647 3932 1698 3992 iuri

275 4031 469 4100 muruco)

277 4154 287 4188 ¹
308 4155 374 4206 idem
395 4152 491 4208 Graeci
509 4157 544 4220 (a.
557 4157 600 4222 t.):
620 4155 692 4210 sicut
709 4156 737 4209 in
754 4155 898 4226 locatione,
917 4157 941 4211 si
958 4157 1021 4212 6010
1033 4157 1100 4226 quid
1115 4157 1218 4229 iecerit,
1237 4159 1321 4228 [omni
1339 4159 1423 4216 modo
1442 4161 1575 4232 damnum
1594 4163 1699 4233 praesta·

275 4227 367 4277 turum
386 4237 461 4278 esse:
480 4225 504 4280 si
522 4225 585 4281 6010
603 4241 658 4282 non
676 4225 790 4295 iecerit]
809 4241 863 4282 non
881 4228 953 4282 ultra
968 4229 1084 4298 pretium
1103 4231 1176 4285 serui
1187 4229 1254 4300 quid
1266 4231 1453 4286 amissurum?
1526 4234 1600 4289 ’est
1615 4224 1698 4300 (aridii

275 4293 349 4348 ⁸me
368 4302 416 4348 ine.
434 4295 646 4368 (1661φή0600)
717 4297 858 4367 *quidem
877 4299 909 4366 si]
929 4299 952 4353 ai
970 4299 1103 4368 quidem?
1420 4319 1424 4328 ·

275 4423 645 4509 2nerseu'r'turuF21itaquo
663 4443 726 4482 enm
744 4429 792 4497 qui
811 4429 966 4485 commoda·
1018 4431 1091 4486 circa
1103 4433 1283 4502 pretationem
1298 4433 1332 4485 i*t
1378 4434 1570 4491 hnuil‘o'aF⁸
1609 4437 1698 4490 iicon·

275 4499 347 4548 nent
364 4500 445 4549 *sicut
468 4513 496 4550 ιο
520 4498 656 4554 locatione
680 4500 703 4553 si
727 4499 790 4556 6010
814 4500 879 4570 quid
902 4501 965 4566 (nisi
1018 4503 1164 4558 misiritF¹
1212 4506 1366 4572 iunonem
1379 4505 1417 4556 ΡΙ
1464 4509 1500 4562 10
1512 4522 1561 4562 eos
1574 4505 1699 4574 de'm'pcr·

274 4563 338 4620 dolo
356 4565 422 4648 quid
444 4565 513 4631 1⁷³0,
536 4569 560 4623 si
583 4584 637 4624 non
661 4569 724 4625 dolo
747 4571 815 4640 quid
831 4571 882 4636 Xt,
905 4573 964 4628 sine
1017 4575 1119 4628 tenerit
1127 4574 1163 4629 F‘
1191 4575 1556 4632 lienulocohncreanta’
1584 4579 1615 4632 16
1623 4575 1700 4630 mou

274 4634 338 4690 dolo
360 4635 472 4704 quidem
497 4638 543 4705 M)
566 4637 671 4695 iecerit*
693 4657 749 4696 non
774 4643 847 4697 ultra
870 4641 964 4710 pr‘a'e·
1018 4645 1157 4698 mauitF1
1220 4645 1454 4714 2360001110εο
1473 4649 1501 4702 Β
1562 4649 1599 4704 at
1614 4659 1699 4716 seque

273 4706 343 4760 tium
361 4707 434 4761 serui
452 4707 519 4775 quid
537 4709 700 4766 amissurum
718 4713 765 4776 F’,
786 4712 897 4767 ciadruc
915 4711 963 4775 oia
1017 4715 1111 4769 turF¹
1156 4717 1191 4770 29
1209 4714 1282 4786 agi‘t'
1294 4717 1384 4786 possit
1396 4719 1434 4769 F’
1479 4713 1700 4786 cucumer*

274 4775 404 4861 ὁικιχρῶκ
428 4777 541 4863 ciserae,
563 4779 651 4851 ὥοπερ
670 4781 686 4835 ὁ
703 4783 804 4837 uicerim
823 4781 916 4847 οῨτόο,
942 4785 964 4838 εἰ
1017 4786 1052 4840 31
1071 4785 1126 4854 oui]
1144 4787 1191 4855 qui
1209 4787 1246 4840 F¹
1299 4787 1336 4841 33
1353 4787 1440 4856 quiid
1459 4789 1497 4840 1¹⁸²
1550 4783 1704 4908 3160601(

273 4855 355 4902 toton
380 4865 479 4902 ποιοοει
552 4849 631 4912 citio
655 4852 787 4914 ιοοιοῨτοι
812 4853 892 4908 natos
916 4855 964 4916 τοῩ
1017 4857 1033 4910 1.
1058 4875 1124 4926 pem.
1151 4877 1208 4911 cum
1233 4856 1284 4910 BS
1309 4864 1334 4912 et
1360 4859 1401 4912 B:
1434 4859 1555 4924 traiciat,
1581 4857 1660 4914 desit

272 4917 417 4973 rrusiaaroc
434 4919 483 4982 τοῨ
501 4919 605 4984 οἶκὲτογ
619 4921 666 4976 Rs
719 4923 963 4994 3remissiua110·
1017 4925 1052 4980 36
1071 4926 1197 4995 quamdis
1215 4928 1252 4980 F¹
1315 4923 1698 5000 31616006611101001

272 4989 383 5045 missius
401 4989 430 5044 id
446 4991 505 5060 ΡΙ
525 4992 598 5048 circo
614 4992 876 5064 interpretationem]
893 4995 964 5050 inter
1016 4993 1090 5051 iuret
1107 4997 1143 5050 F1
