3728 5452
172 247 343 314 vlllllllllll
365 249 385 314 2
403 253 504 310 8-12
852 243 939 324 330
1446 265 1494 312 uxr
1512 264 1616 346 'noun

146 413 161 460 2
179 405 268 460 minus
286 403 370 460 habet
387 418 469 474 quam
488 405 611 476 putauit,
636 405 688 460 erit
706 405 732 460 ei
751 404 980 462 subueniendum.
1017 404 1047 461 Si
1065 419 1146 461 seruo
1164 405 1209 460 uel
1226 401 1283 459 filio
1301 417 1352 459 suo
1370 403 1475 472 aliquid
1493 403 1616 460 relietum

176 499 308 564 patronus
331 493 507 562 adgnouerit,
530 493 643 563 perinde
667 509 685 548 a
709 499 805 549 eontra
827 493 936 550 tabulas
961 495 1094 550 bonorum
1117 493 1292 564 possessione
1315 493 1466 561 repelletur
1488 493 1616 562 atqnesi

144 591 158 636 a
177 582 357 651 adgnouisset
374 581 427 636 sibi
445 582 579 636 relietum.
607 581 662 636 Sed
680 587 709 637 et
726 583 751 637 si
769 583 865 638 mortis
883 597 967 638 eausa
984 582 1160 638 donationem
1173 581 1343 651 adgnouerit,
1362 580 1510 635 dicendum
1523 587 1617 636 estre

177 672 241 742 pelli
257 687 320 726 eum
340 685 357 724 a
375 673 471 725 eontra
488 669 598 725 tabulas
610 668 743 726 bonorum
756 672 939 741 possessione,
959 671 999 726 sio
1011 676 1112 740 tamen,
1132 671 1232 740 sipost
1244 675 1358 725 mortem
1370 668 1461 724 liberti
1474 668 1615 738 adgnouit

177 765 298 815 aetorum
317 759 341 814 sl
359 759 385 812 ei
402 759 483 813 uiuus
500 757 615 813 libertus
634 759 757 828 donauit,
775 761 820 814 ille
839 759 955 830 aeoepit,
973 775 1028 814 non
1047 759 1149 814 ideireo
1167 759 1219 814 erit
1232 759 1357 828 repulsus
1370 773 1388 811 a
1399 761 1497 811 eontra
1508 757 1646 812 tabulase
1692 773 1744 813 e
1784 775 1795 815 ι

177 847 310 904 honorum
328 847 513 916 possessione,
531 847 597 916 quia
614 852 707 917 potest
725 847 816 904 dieere
835 861 961 917 sperasse
980 847 1054 917 quod
1072 848 1100 902 in
1119 851 1285 902 testamento
1303 859 1412 916 quoque
1430 851 1528 914 gratim
1546 847 1617 901 eirea

176 951 239 992 eum
258 935 345 1005 lieret,
362 935 519 1004 remittique
537 936 563 990 ei
581 935 666 991 debet
684 936 719 992 ab
738 937 779 992 eis
797 935 931 992 deoedere
950 937 995 992 nel
1013 951 1047 990 ea
1065 951 1243 1006 compensare
1261 937 1288 991 in
1301 937 1455 1005 portionem
1467 950 1520 1004 pro
1532 938 1616 990 ratal.

144 1035 160 1080 4
178 1025 267 1090 Quare
291 1025 391 1080 dieitur
413 1029 442 1078 et
466 1024 490 1079 si
513 1024 681 1081 conditionis
705 1025 860 1096 implendae
884 1040 969 1080 carrea
986 1025 1052 1094 quid
1071 1023 1154 1080 luerit
1171 1025 1265 1080 datum
1284 1029 1399 1095 patrono
1418 1028 1616 1094 postmortem

144 1113 278 1184 oliberti,
301 1113 394 1183 repelli
414 1127 477 1168 eum
496 1129 513 1167 a
531 1117 626 1168 eontra
644 1112 753 1168 tabulae
771 1113 905 1169 bonorum
924 1115 1113 1183 possessione,
1132 1114 1212 1182 quari
1230 1101 1394 1182 adgnonerit
1411 1113 1554 1168 iudieiunr.
1590 1111 1618 1167 Si

177 1206 308 1272 patronus
327 1204 415 1258 minor
433 1203 513 1258 annis
530 1203 629 1272 uiginti
647 1203 768 1272 quinque
784 1201 874 1257 liberti
893 1202 1023 1256 inditium
1042 1203 1213 1272 adgnonerit,
1233 1202 1261 1257 in
1278 1203 1416 1272 integrum
1434 1202 1545 1256 restitui
1556 1216 1617 1258 eum
1635 1217 1659 1254 r·
1673 1217 1710 1254 ι
1782 1214 1804 1253 ιι

177 1297 303 1361 oportere
322 1292 520 1361 existimamus,
540 1296 571 1346 ut
588 1292 676 1361 possit
694 1296 790 1347 eontra
807 1291 916 1347 tabulae
935 1291 1068 1361 aeeipere.

140 1381 158 1438 9
229 1380 349 1436 Pennus
366 1379 435 1436 libro
453 1379 683 1450 quadragensimo
702 1379 823 1436 seeundo
842 1379 878 1435 ad
896 1379 1025 1434 edietum.
1053 1379 1145 1445 Quiin
1158 1378 1318 1434 seruitutem
1331 1377 1458 1434 libertum
1478 1373 1616 1463 [Q
1632 1385 1713 1440 e?-
1776 1382 1793 1435 8

176 1473 320 1538 paternum
339 1469 457 1538 petierit,
476 1483 528 1524 noo
545 1469 655 1524 nomine
673 1468 820 1524 liberorum
840 1468 973 1524 honorum
992 1469 1193 1538 possessionem
1213 1467 1338 1538 recipere
1355 1471 1456 1537 potest.

122 1557 160 1615 10
228 1555 382 1613 ἸΙ]ι,ι>ιιιιιιιε
398 1557 468 1614 libro
485 1557 716 1626 quadragensimo
734 1563 832 1627 quarto
851 1557 886 1612 ad
905 1557 1034 1612 edietum.
1063 1556 1092 1612 Si
1105 1571 1139 1612 ex
1152 1556 1274 1626 patronis
1287 1556 1458 1611 aliouisatis-
1479 1551 1616 1639 Q
1633 1562 1703 1616 Ξ.
1774 1554 1791 1606 S

176 1643 280 1701 laetum
298 1660 352 1700 non
371 1647 423 1700 erit
440 1647 487 1716 ita,
507 1651 538 1702 ui
556 1647 601 1701 alii
619 1647 736 1716 amplius
755 1661 806 1700 sua
823 1647 948 1716 portione
966 1661 1001 1701 ex
1019 1645 1099 1706 honis
1116 1644 1206 1701 liberti
1224 1645 1405 1714 relinquatur:
1424 1646 1460 1715 ei,
1478 1647 1524 1701 eui
1539 1645 1698 1700 satis-11
1774 1647 1796 1685 ¹⁵

176 1733 280 1789 laetum
298 1751 353 1790 non
372 1736 436 1805 erit,
459 1736 499 1790 ita
517 1735 589 1790 aelio
608 1735 731 1804 debitur,
750 1741 781 1789 ut
797 1735 857 1790 eius
875 1735 964 1805 portio
983 1735 1144 1805 suppleatur
1162 1749 1197 1788 ex
1215 1747 1262 1804 eo,
1281 1733 1356 1803 qnod
1374 1739 1507 1789 extraneo
1525 1733 1616 1790 heredi

177 1828 206 1878 et
223 1823 297 1893 quod
315 1829 431 1893 patrono
451 1825 461 1895 l
481 1839 564 1895 supra
581 1840 659 1880 suam
678 1824 830 1894 portionem
849 1825 972 1879 relietum
991 1829 1042 1879 est.
1069 1823 1167 1878 eadem
1185 1824 1255 1878 ratio
1274 1826 1303 1878 et
1318 1823 1347 1877 in
1359 1821 1483 1892 pluribus
1495 1823 1616 1893 patronis
1630 1827 1709 1878 101
1772 1811 1825 1862 2¹⁶³

145 1925 158 1968 1
178 1911 340 1968 seruabitur.
377 1913 496 1968 lulianus
520 1914 560 1968 ait
583 1928 660 1982 eum,
683 1913 730 1982 qui
753 1911 788 1967 ab
813 1927 866 1968 uuo
891 1928 942 1968 auo
966 1911 1149 1968 exheredatus
1168 1916 1223 1981 est,
1248 1911 1362 1968 abonis
1379 1910 1541 1966 libertorum
1559 1912 1616 1966 eius

178 2002 358 2071 summoueri,
383 2017 401 2056 a
421 2002 508 2071 patris
532 2017 598 2057 uero
621 2002 665 2056 sul
689 2000 847 2056 libertorum
866 2000 946 2056 bonis
963 2016 1018 2056 non
1037 2001 1160 2056 exoludi:
1185 2001 1301 2071 quodsi
1320 2005 1432 2070 epatre
1451 2000 1489 2054 sit
1507 1999 1616 2055 exhere-

177 2089 268 2160 datus,
288 2089 324 2145 ah
342 2105 396 2146 auo
414 2105 469 2146 non
487 2092 533 2160 sit,
551 2105 606 2146 non
625 2091 713 2146 solnm
732 2105 749 2146 a
766 2089 924 2145 libertorum
943 2095 1118 2160 paternorum
1131 2089 1220 2160 bonis,
1238 2105 1333 2144 uerum
1348 2089 1430 2144 etiam
1444 2087 1480 2143 ab
1493 2090 1617 2158 auique
1633 2097 1698 2142 ις
1779 2078 1801 2118 ²⁰

178 2193 232 2249 qne
250 2180 358 2235 exoludi
377 2178 486 2250 debere,
506 2180 571 2250 quia
587 2193 637 2250 per
654 2183 761 2250 patrem
780 2179 870 2234 auitos
888 2177 1000 2234 libertos
1020 2180 1208 2249 ooneequitur:
1227 2178 1301 2248 quod
1320 2178 1344 2232 si
1360 2181 1441 2248 pater
1458 2179 1520 2234 eius
1534 2179 1572 2233 sit
1583 2177 1616 2233 ab

178 2283 231 2324 auo
249 2267 441 2338 exheredatus,
460 2269 519 2338 ipse
537 2283 592 2324 non
610 2269 654 2338 eit,
673 2283 756 2339 posse
774 2273 902 2338 nepotem
921 2268 1056 2323 auitorum
1075 2268 1233 2324 libertorum
1252 2271 1348 2322 eontra
1361 2265 1471 2322 tabulas
1483 2266 1617 2324 bonorum

175 2357 379 2427 possessionem
398 2363 501 2427 petere.
529 2357 602 2413 idem
621 2358 668 2428 ait,
687 2357 712 2412 si
730 2363 809 2426 pater
827 2373 871 2412 me
890 2357 1076 2427 exheredauit,
1095 2372 1165 2412 anus
1183 2371 1261 2412 meus
1279 2360 1384 2426 patrem
1398 2369 1491 2412 meum
1504 2363 1534 2412 et
1546 2357 1618 2428 prior

178 2461 247 2502 auus
266 2447 423 2516 decesserit,
443 2445 478 2500 ab
497 2447 638 2516 utriusque
656 2445 761 2501 libertis
779 2461 824 2501 me
841 2446 950 2516 repelli:
969 2445 1019 2500 sed
1031 2447 1054 2501 si
1068 2449 1132 2500 ante
1144 2451 1223 2515 pater
1235 2445 1409 2515 deeeseisset,
1427 2450 1528 2515 postea
1540 2461 1617 2516 anus,

177 2535 322 2591 dieendum
342 2536 395 2591 erit
412 2535 478 2590 nihil
496 2534 562 2590 mihi
580 2549 679 2590 nouere
696 2535 784 2605 patris
802 2533 1041 2590 exheredationem
1061 2533 1096 2589 ad
1115 2535 1250 2590 auitorum
1268 2533 1427 2590 libertorum
1446 2533 1529 2589 bona
1633 2537 1712 2586 rat
1789 2514 1809 2556 ¹⁵

122 2626 158 2682 11
230 2624 372 2680 inerrans
389 2625 459 2680 libro
477 2623 627 2679 uicensimo
645 2627 725 2678 sexto
743 2623 921 2692 digestorum.
951 2623 1029 2690 Quod
1048 2623 1071 2678 si
1089 2628 1169 2692 pater
1187 2637 1264 2679 meus
1283 2639 1300 2677 a
1317 2627 1460 2692 patresuo
1478 2619 1617 2708 Q
1633 2622 1715 2682 β
1791 2595 1816 2650 3'

177 2713 215 2768 eit
232 2713 427 2783 exheredatus,
447 2728 500 2782 ego
518 2727 607 2782 neque
626 2715 738 2782 epatre
757 2727 819 2767 meo
837 2727 926 2782 neque
945 2712 981 2767 ab
999 2727 1065 2781 auo,
1084 2718 1192 2767 mortuo
1210 2711 1320 2782 quidem
1339 2715 1417 2782 patre
1436 2715 1466 2767 et
1483 2713 1618 2768 aduersus

177 2803 268 2857 auitos
286 2807 315 2857 et
332 2802 466 2858 aduersus
484 2807 613 2871 paternos
631 2800 743 2855 libertos
761 2801 805 2855 ius
823 2801 945 2871 habebo,
963 2802 1076 2858 uiuente
1094 2807 1186 2872 patre,
1206 2800 1337 2871 quamdiu
1355 2801 1383 2855 in
1401 2805 1543 2871 potestate
1560 2803 1618 2858 eius

178 2905 239 2959 ero,
264 2906 318 2946 nou
340 2897 433 2960 petam
457 2894 554 2946 eontra
575 2889 684 2946 tabulae
708 2889 843 2944 auitorum
861 2890 1020 2946 libertorum
1038 2890 1171 2946 bonorum
1189 2889 1405 2960 possessionem,
1429 2891 1619 2961 emancipatus

177 2993 232 3034 non
251 2979 453 3036 summouebor.
1635 2977 1722 3029 ³02
1801 2951 1822 2992 ³⁰

123 3069 159 3126 12
232 3067 383 3123 Uneranus
406 3067 474 3123 libro
497 3065 727 3136 quadragensimo
750 3071 849 3136 quarto
871 3067 907 3122 ad
925 3067 1054 3122 edietum.
1091 3067 1120 3122 Si
1138 3071 1270 3137 patronus
1288 3071 1454 3124 testamento
1472 3069 1534 3124 inre
1552 3069 1618 3124 mili·
1635 3059 1724 3122 εὖ
1780 3029 1818 3083 ‘s

178 3157 231 3211 tari
248 3154 322 3212 laeto
340 3155 424 3212 lilium
444 3155 552 3210 silentio
570 3155 788 3225 exheredauerit,
806 3155 918 3211 debebit
936 3171 1034 3210 noeere
1050 3156 1076 3210 ei
1089 3155 1278 3211 exheredatio:
1296 3171 1392 3212 uerum
1405 3162 1449 3212 eet
1460 3158 1534 3213 enim
1547 3158 1619 3213 hune
1783 3141 1794 3158 ⁶

146 3259 159 3302 ι
178 3245 374 3300 exheredatum
393 3259 462 3301 esee.
490 3243 520 3299 Si
538 3245 600 3313 quis
617 3244 745 3299 libertum
763 3242 819 3300 fillo
839 3260 889 3300 suo
908 3244 1096 3314 adsignauerit
1113 3259 1230 3314 eumque
1243 3243 1460 3315 exheredeuerit,
1479 3243 1619 3332 OEfft

145 3347 160 3390 a
178 3335 285 3389 admitti
302 3339 395 3405 potest
413 3334 448 3389 ad
466 3332 599 3389 bonorum
617 3333 708 3388 liberti
726 3333 936 3403 possessiouem.
964 3332 994 3388 Si
1012 3335 1073 3402 quis
1091 3348 1146 3389 non
1165 3334 1237 3388 mala
1255 3337 1346 3388 mente
1364 3336 1488 3403 parentis
1507 3324 1618 3392 0th

177 3422 260 3477 datus
278 3423 326 3492 sit,
351 3423 402 3477 sed
420 3423 474 3478 alia
491 3437 526 3477 ex
544 3437 643 3490 eausa,
667 3421 843 3477 exheredatio
862 3422 913 3491 ipsi
931 3437 987 3476 non
1005 3426 1100 3477 nocet:
1123 3425 1155 3476 ut
1172 3427 1241 3492 puta
1259 3437 1332 3492 pone
1349 3419 1449 3478 hrroris
1467 3440 1556 3482 eausa
1573 3441 1619 3482 ex·
1636 3419 1731 3474 ³5⁶

178 3511 338 3566 heredaturn
357 3526 421 3566 eum
440 3512 483 3565 uel
501 3511 573 3580 ideo,
591 3511 657 3579 quia
674 3509 800 3580 impubes
818 3514 885 3580 erat,
904 3509 1087 3580 heredemque
1105 3510 1261 3566 institutum
1281 3514 1407 3580 rogatum
1429 3512 1455 3567 ei
1472 3515 1620 3571 restituere

145 3614 159 3659 a
178 3599 367 3655 hereditatem.
404 3599 434 3655 Si
452 3600 526 3669 quis,
551 3613 614 3654 eum
633 3604 708 3654 esset
725 3599 920 3670 exheredatus,
944 3599 1137 3670 pronuntiatus
1155 3600 1200 3654 uel
1217 3615 1361 3670 perperam
1379 3601 1416 3656 sit
1434 3602 1619 3660 exheredatus

145 3703 160 3748 4
177 3704 233 3744 non
251 3705 325 3758 esee,
345 3703 399 3744 non
417 3688 570 3758 repellitur:
594 3688 676 3744 rebus
695 3689 767 3743 enirn
786 3689 913 3744 iudioatis
932 3687 1061 3744 standum
1079 3691 1130 3742 est.
1168 3687 1198 3743 Si
1215 3688 1288 3745 filius
1306 3691 1414 3761 patroni
1433 3691 1620 3748 exheredatus

177 3779 205 3832 in
222 3783 327 3848 partem
347 3778 496 3847 optinuerit
513 3777 554 3832 de
566 3775 732 3847 inofficioso,
755 3777 784 3831 in
802 3783 909 3847 partem
928 3778 1017 3832 uietus
1036 3777 1085 3847 sit,
1105 3776 1264 3848 uideamus,
1289 3795 1324 3834 an
1343 3785 1443 3836 noceat
1460 3781 1486 3835 ei
1506 3781 1619 3838 exhere
1843 3819 1863 3862 4,

144 3867 261 3925 edatio.
289 3873 317 3923 et
335 3883 434 3923 nooere
452 3866 577 3935 arbitror,
596 3866 661 3936 qnia
677 3870 873 3921 testamentum
892 3862 974 3936 ualet,
994 3867 1028 3920 ι’
1046 3881 1100 3936 quo
1119 3865 1301 3923 exheredatus
1314 3873 1365 3924 est.
1392 3870 1436 3925 Ex
1448 3873 1619 3928 uelamento
1638 3879 1662 3918 ¹⁰
1676 3861 1747 3912 θ’
1799 3837 1829 3881 ⁰

176 3961 284 4026 autem,
308 3971 343 4011 ex
362 3971 416 4028 quo
434 3969 523 4024 neque
541 3955 617 4010 adita
634 3953 772 4009 hereditas
791 3959 941 4024 estusque
959 3955 1047 4023 petita
1064 3954 1198 4012 bonorum
1216 3958 1369 4028 possessio,
1393 3957 1487 4015 liberis
1506 3961 1619 4016 exhere
1803 3941 1829 3958 ’

176 4045 252 4100 datio
270 4059 325 4100 non
343 4048 438 4100 nooet:
461 4042 611 4098 absurdum
630 4048 672 4098 est
695 4041 767 4098 enim
790 4043 817 4097 in
841 4042 1023 4099 hortantum
1048 4045 1140 4100 ualere
1157 4049 1367 4114 testamentum,
1390 4052 1423 4102 ut
1440 4048 1619 4106 exheredatis

144 4146 158 4191 a
177 4135 284 4203 uigeat,
309 4149 370 4188 oum
396 4132 463 4187 alies
486 4147 542 4187 non
565 4133 665 4189 ualeat.
702 4132 731 4188 si
749 4133 858 4202 patroni
875 4131 948 4188 lilius
970 4133 1059 4202 priore
1078 4134 1166 4203 gradu
1185 4135 1221 4190 sit
1237 4135 1317 4191 heres
1336 4136 1469 4206 scriptus,
1495 4141 1619 4196 seeundo

176 4222 373 4291 exheredatus,
401 4221 464 4276 bulo
487 4235 542 4277 non
565 4225 647 4277 uooet
669 4219 859 4290 exheredatio,
887 4231 950 4276 enm
976 4223 1118 4278 uoluntate
1146 4225 1232 4293 patris
1256 4226 1301 4280 uel
1324 4226 1447 4281 extiterit
1470 4226 1553 4283 heres
1575 4231 1619 4284 uel
1815 4278 1837 4318 a

175 4312 299 4366 existere
313 4311 445 4380 potuerit:
468 4325 558 4380 neque
576 4309 648 4365 enim
672 4309 756 4365 debet
779 4309 867 4366 uideri
885 4316 964 4380 pater
981 4309 1123 4382 indignum
1143 4313 1317 4369 existimasse
1334 4313 1419 4370 filium
1439 4313 1522 4372 bonis
1540 4316 1619 4374 liber·
1636 4323 1662 4362 ⁴⁵
1683 4299 1766 4352 θ’

178 4391 381 4476 annulari)

178 4536 186 4568 ¹
205 4547 256 4602 pro
273 4531 343 4600 rata]
362 4546 411 4600 pro
430 4531 563 4588 redata?
634 4533 745 4587 'adei

1776 2877 1786 2912 l

1782 3207 1797 3215 .-

1784 3285 1801 3296 μ

1782 3381 1843 3432 ,lb

1784 3487 1816 3530 8

1788 3575 1821 3618 S

1791 3661 1825 3706 Ε

178 4662 449 4718 rsubueniendum
472 4659 523 4717 ΡΙ
594 4665 687 4734 hille]
712 4669 741 4720 et
764 4664 809 4719 ille
832 4667 869 4719 1³²
921 4681 984 4721 esse
1002 4683 1051 4720 orn.
1065 4667 1101 4720 F¹
1120 4685 1166 4722 aee
1183 4675 1261 4723 uertit
1275 4675 1399 4739 intoepree
1412 4669 1541 4736 Graecus,
1558 4681 1618 4744 pute

178 4736 193 4788 7
213 4735 257 4788 uel
270 4733 374 4790 lrab’ea
396 4735 422 4786 F
423 4735 434 4768 ⁶
493 4735 526 4788 13
546 4737 700 4804 paternum]
723 4739 868 4805 patronum
922 4745 1042 4810 quonium
1061 4745 1218 4792 contrarium
1235 4741 1328 4810 lepitur
1341 4739 1392 4793 ha.
1405 4742 1468 4796 1.47
1481 4741 1497 4812 §
1510 4743 1545 4796 4.·
1562 4750 1620 4797 sual

176 4807 213 4859 F¹
230 4809 234 4872 Ι
250 4805 384 4861 bonorum
400 4807 494 4858 em.F¹
532 4807 566 4862 15
584 4807 730 4862 hasal*
766 4809 870 4878 Πρωὶ
922 4815 1005 4862 autem
1029 4815 1123 4878 optime
1145 4816 1243 4880 scripta
1267 4816 1291 4862 et
1313 4817 1416 4864 omuino
1441 4820 1559 4885 antiqua.
1587 4817 1618 4898 es.

175 4878 300 4946 patronis
318 4878 378 4932 edd.
394 4875 553 4932 libertorum
574 4879 634 4933 eius
652 4879 817 4933 summoneri
835 4893 870 4932 ea
922 4897 1003 4948 snpra
1022 4881 1058 4932 ad
1072 4879 1226 4950 p.328u.9
1268 4879 1303 4934 35
1316 4881 1412 4936 sitem.
1425 4883 1460 4934 F¹
1507 4885 1619 4954 titique

177 4949 313 5019 patrisF¹
349 4948 725 5013 21ιιιιιοιιιιιιιιιιοιιι
765 4948 869 5004 aeaei—
922 4947 1058 5019 impubee]
1077 4943 1196 5018 qui’iam
1214 4949 1302 5020 pubes
1314 4953 1350 5006 F·
1395 4952 1432 5007 40
1450 4954 1519 5023 quia
1534 4959 1618 5011 taem·

177 5027 221 5078 tos
240 5022 266 5074 F
312 5021 346 5077 31
371 5020 395 5076 si
412 5024 546 5092 patronus
621 5021 656 5076 33
674 5019 869 5076 exheredatum
922 5025 1044 5076 montom
1061 5021 1099 5073 F·
