<?xml version="1.0" encoding="UTF-8"?>
<!DOCTYPE html PUBLIC "-//W3C//DTD XHTML 1.0 Transitional//EN"
    "http://www.w3.org/TR/xhtml1/DTD/xhtml1-transitional.dtd">
<html xmlns="http://www.w3.org/1999/xhtml" xml:lang="en" lang="en">
 <head>
  <title>
</title>
<meta http-equiv="Content-Type" content="text/html;charset=utf-8" />
  <meta name='ocr-system' content='tesseract 3.04.00' />
  <meta name='ocr-capabilities' content='ocr_page ocr_carea ocr_par ocr_line ocrx_word'/>
</head>
<body>
  <div class='ocr_page' id='page_1' title='image "./digestaiustinia00kruegoog_0512.png"; bbox 0 0 3600 5460; ppageno 0'>
   <div class='ocr_carea' id='block_1_1' title="bbox 95 299 1573 406">
    <p class='ocr_par' dir='ltr' id='par_1_1' title="bbox 95 299 1573 406">
     <span class='ocr_line' id='line_1_1' title="bbox 95 299 1573 406; baseline 0.004 -40"><span class='ocrx_word' id='word_1_1' title='bbox 95 319 219 406; x_wconf 76' lang='lat' dir='ltr'>aarum</span> <span class='ocrx_word' id='word_1_2' title='bbox 241 319 391 369; x_wconf 79' lang='lat' dir='ltr'>nonturo</span> <span class='ocrx_word' id='word_1_3' title='bbox 769 299 857 381; x_wconf 82' lang='grc'>497</span> <span class='ocrx_word' id='word_1_4' title='bbox 1154 383 1155 386; x_wconf 11' lang='lat'>¹</span> <span class='ocrx_word' id='word_1_5' title='bbox 1219 307 1355 374; x_wconf 83' lang='lat' dir='ltr'>XXXXI</span> <span class='ocrx_word' id='word_1_6' title='bbox 1379 311 1395 373; x_wconf 89' lang='lat'>1</span> <span class='ocrx_word' id='word_1_7' title='bbox 1419 317 1535 372; x_wconf 82' lang='lat'>38-44</span> <span class='ocrx_word' id='word_1_8' title='bbox 1560 305 1573 314; x_wconf 69' lang='grc'><strong>“</strong></span> 
     </span>
    </p>
   </div>
   <div class='ocr_carea' id='block_1_2' title="bbox 13 459 1663 4254">
    <p class='ocr_par' dir='ltr' id='par_1_2' title="bbox 13 459 1663 3276">
     <span class='ocr_line' id='line_1_2' title="bbox 96 459 1535 536; baseline 0.007 -24"><span class='ocrx_word' id='word_1_9' title='bbox 96 459 217 525; x_wconf 72' lang='lat' dir='ltr'>sustulit,</span> <span class='ocrx_word' id='word_1_10' title='bbox 235 463 333 530; x_wconf 87' lang='lat' dir='ltr'>postea</span> <span class='ocrx_word' id='word_1_11' title='bbox 350 475 445 514; x_wconf 89' lang='lat' dir='ltr'>rursus</span> <span class='ocrx_word' id='word_1_12' title='bbox 463 459 618 514; x_wconf 73' lang='lat' dir='ltr'><strong>minutatim</strong></span> <span class='ocrx_word' id='word_1_13' title='bbox 636 460 751 516; x_wconf 77' lang='lat' dir='ltr'>recessit</span> <span class='ocrx_word' id='word_1_14' title='bbox 768 464 797 515; x_wconf 93' lang='lat' dir='ltr'>et</span> <span class='ocrx_word' id='word_1_15' title='bbox 815 461 952 518; x_wconf 88' lang='lat' dir='ltr'>alluuione</span> <span class='ocrx_word' id='word_1_16' title='bbox 970 462 998 516; x_wconf 92' lang='lat' dir='ltr'>in</span> <span class='ocrx_word' id='word_1_17' title='bbox 1013 461 1154 534; x_wconf 85' lang='lat' dir='ltr'>antiquum</span> <span class='ocrx_word' id='word_1_18' title='bbox 1167 463 1257 518; x_wconf 90' lang='lat' dir='ltr'>locum</span> <span class='ocrx_word' id='word_1_19' title='bbox 1270 465 1359 520; x_wconf 90' lang='lat' dir='ltr'>rediit.</span> <span class='ocrx_word' id='word_1_20' title='bbox 1386 467 1535 536; x_wconf 90' lang='lat' dir='ltr'>respondit,</span> 
     </span>
     <span class='ocr_line' id='line_1_3' title="bbox 96 547 1535 624; baseline 0.007 -24"><span class='ocrx_word' id='word_1_21' title='bbox 96 559 160 601; x_wconf 90' lang='lat' dir='ltr'>cum</span> <span class='ocrx_word' id='word_1_22' title='bbox 178 547 281 602; x_wconf 88' lang='lat' dir='ltr'>flumen</span> <span class='ocrx_word' id='word_1_23' title='bbox 299 564 395 617; x_wconf 85' lang='lat' dir='ltr'>agrurn</span> <span class='ocrx_word' id='word_1_24' title='bbox 414 553 443 604; x_wconf 90' lang='lat' dir='ltr'>et</span> <span class='ocrx_word' id='word_1_25' title='bbox 461 549 533 604; x_wconf 89' lang='lat' dir='ltr'>uiam</span> <span class='ocrx_word' id='word_1_26' title='bbox 551 547 688 618; x_wconf 86' lang='lat' dir='ltr'>publicam</span> <span class='ocrx_word' id='word_1_27' title='bbox 707 550 877 620; x_wconf 78' lang='lat' dir='ltr'>sustulisset,</span> <span class='ocrx_word' id='word_1_28' title='bbox 903 565 967 605; x_wconf 90' lang='lat' dir='ltr'>enm</span> <span class='ocrx_word' id='word_1_29' title='bbox 986 567 1081 620; x_wconf 80' lang='lat' dir='ltr'>agrurn</span> <span class='ocrx_word' id='word_1_30' title='bbox 1101 553 1159 606; x_wconf 89' lang='lat' dir='ltr'>eins</span> <span class='ocrx_word' id='word_1_31' title='bbox 1177 549 1280 608; x_wconf 86' lang='lat' dir='ltr'>factum</span> <span class='ocrx_word' id='word_1_32' title='bbox 1299 569 1373 622; x_wconf 89' lang='lat' dir='ltr'>esse,</span> <span class='ocrx_word' id='word_1_33' title='bbox 1395 555 1442 624; x_wconf 91' lang='lat' dir='ltr'>qui</span> <span class='ocrx_word' id='word_1_34' title='bbox 1459 559 1535 610; x_wconf 74' lang='lat' dir='ltr'>mans</span> 
     </span>
     <span class='ocr_line' id='line_1_4' title="bbox 96 633 1535 711; baseline 0.006 -22"><span class='ocrx_word' id='word_1_35' title='bbox 96 633 199 690; x_wconf 90' lang='lat' dir='ltr'>llnmen</span> <span class='ocrx_word' id='word_1_36' title='bbox 223 634 337 692; x_wconf 79' lang='lat' dir='ltr'>fundum</span> <span class='ocrx_word' id='word_1_37' title='bbox 362 635 517 694; x_wconf 76' lang='lat' dir='ltr'>habuisset:</span> <span class='ocrx_word' id='word_1_38' title='bbox 541 642 640 707; x_wconf 87' lang='lat' dir='ltr'>postes</span> <span class='ocrx_word' id='word_1_39' title='bbox 657 653 719 692; x_wconf 88' lang='lat' dir='ltr'>cnm</span> <span class='ocrx_word' id='word_1_40' title='bbox 738 638 869 708; x_wconf 87' lang='lat' dir='ltr'>paulatim</span> <span class='ocrx_word' id='word_1_41' title='bbox 888 643 961 694; x_wconf 89' lang='lat' dir='ltr'>retro</span> <span class='ocrx_word' id='word_1_42' title='bbox 978 639 1108 710; x_wconf 81' lang='lat' dir='ltr'>redisset,</span> <span class='ocrx_word' id='word_1_43' title='bbox 1131 639 1267 696; x_wconf 74' lang='lat' dir='ltr'>ademisse</span> <span class='ocrx_word' id='word_1_44' title='bbox 1285 642 1324 711; x_wconf 91' lang='lat' dir='ltr'>ei,</span> <span class='ocrx_word' id='word_1_45' title='bbox 1350 641 1427 696; x_wconf 89' lang='lat' dir='ltr'>cuins</span> <span class='ocrx_word' id='word_1_46' title='bbox 1446 641 1535 698; x_wconf 85' lang='lat' dir='ltr'>lactus</span> 
     </span>
     <span class='ocr_line' id='line_1_5' title="bbox 97 724 1535 801; baseline 0.005 -23"><span class='ocrx_word' id='word_1_47' title='bbox 97 729 181 791; x_wconf 76' lang='lat' dir='ltr'>emet,</span> <span class='ocrx_word' id='word_1_48' title='bbox 200 729 230 778; x_wconf 92' lang='lat' dir='ltr'>et</span> <span class='ocrx_word' id='word_1_49' title='bbox 246 724 386 780; x_wconf 86' lang='lat' dir='ltr'>addidisse</span> <span class='ocrx_word' id='word_1_50' title='bbox 405 726 439 795; x_wconf 93' lang='lat' dir='ltr'>ei,</span> <span class='ocrx_word' id='word_1_51' title='bbox 458 725 536 782; x_wconf 90' lang='lat' dir='ltr'>cuins</span> <span class='ocrx_word' id='word_1_52' title='bbox 553 731 629 782; x_wconf 77' lang='lat' dir='ltr'>usus</span> <span class='ocrx_word' id='word_1_53' title='bbox 647 727 720 782; x_wconf 90' lang='lat' dir='ltr'>uiam</span> <span class='ocrx_word' id='word_1_54' title='bbox 740 732 822 797; x_wconf 90' lang='lat' dir='ltr'>esset,</span> <span class='ocrx_word' id='word_1_55' title='bbox 841 727 970 796; x_wconf 89' lang='lat' dir='ltr'>qnoniam</span> <span class='ocrx_word' id='word_1_56' title='bbox 989 727 1049 782; x_wconf 88' lang='lat' dir='ltr'>eius</span> <span class='ocrx_word' id='word_1_57' title='bbox 1066 726 1167 784; x_wconf 88' lang='lat' dir='ltr'>fundus</span> <span class='ocrx_word' id='word_1_58' title='bbox 1182 730 1323 798; x_wconf 86' lang='lat' dir='ltr'>proximus</span> <span class='ocrx_word' id='word_1_59' title='bbox 1335 729 1440 785; x_wconf 87' lang='lat' dir='ltr'>flumini</span> <span class='ocrx_word' id='word_1_60' title='bbox 1452 735 1535 801; x_wconf 89' lang='lat' dir='ltr'>esset,</span> 
     </span>
     <span class='ocr_line' id='line_1_6' title="bbox 96 812 1567 889; baseline 0.003 -23"><span class='ocrx_word' id='word_1_61' title='bbox 96 812 125 866; x_wconf 86' lang='lat' dir='ltr'>id</span> <span class='ocrx_word' id='word_1_62' title='bbox 143 818 245 882; x_wconf 89' lang='lat' dir='ltr'>autem,</span> <span class='ocrx_word' id='word_1_63' title='bbox 263 813 336 884; x_wconf 89' lang='lat' dir='ltr'>qnod</span> <span class='ocrx_word' id='word_1_64' title='bbox 355 813 493 883; x_wconf 89' lang='lat' dir='ltr'>publicum</span> <span class='ocrx_word' id='word_1_65' title='bbox 512 812 619 885; x_wconf 83' lang='lat' dir='ltr'>fnisset,</span> <span class='ocrx_word' id='word_1_66' title='bbox 638 815 739 870; x_wconf 89' lang='lat' dir='ltr'>nemini</span> <span class='ocrx_word' id='word_1_67' title='bbox 758 815 947 871; x_wconf 76' lang='lat' dir='ltr'>mcessmaeu.</span> <span class='ocrx_word' id='word_1_68' title='bbox 974 831 1026 872; x_wconf 88' lang='lat' dir='ltr'>neo</span> <span class='ocrx_word' id='word_1_69' title='bbox 1044 818 1155 872; x_wconf 83' lang='lat' dir='ltr'>tamen²</span> <span class='ocrx_word' id='word_1_70' title='bbox 1173 817 1369 889; x_wconf 89' lang='lat' dir='ltr'>impedimento</span> <span class='ocrx_word' id='word_1_71' title='bbox 1388 821 1460 874; x_wconf 90' lang='lat' dir='ltr'>uiam</span> <span class='ocrx_word' id='word_1_72' title='bbox 1474 834 1535 876; x_wconf 88' lang='lat' dir='ltr'>esse</span> <span class='ocrx_word' id='word_1_73' title='bbox 1554 829 1567 870; x_wconf 83' lang='lat' dir='ltr'>s</span> 
     </span>
     <span class='ocr_line' id='line_1_7' title="bbox 97 901 1623 978; baseline 0.007 -24"><span class='ocrx_word' id='word_1_74' title='bbox 97 901 151 970; x_wconf 88' lang='lat' dir='ltr'>ait,</span> <span class='ocrx_word' id='word_1_75' title='bbox 170 917 225 970; x_wconf 91' lang='lat' dir='ltr'>quo</span> <span class='ocrx_word' id='word_1_76' title='bbox 244 902 334 956; x_wconf 91' lang='lat' dir='ltr'>minus</span> <span class='ocrx_word' id='word_1_77' title='bbox 352 917 433 973; x_wconf 74' lang='lat' dir='ltr'>ager,</span> <span class='ocrx_word' id='word_1_78' title='bbox 452 904 498 973; x_wconf 91' lang='lat' dir='ltr'>qui</span> <span class='ocrx_word' id='word_1_79' title='bbox 517 909 593 959; x_wconf 77' lang='lat' dir='ltr'>usus</span> <span class='ocrx_word' id='word_1_80' title='bbox 611 904 684 958; x_wconf 88' lang='lat' dir='ltr'>niam</span> <span class='ocrx_word' id='word_1_81' title='bbox 703 905 838 960; x_wconf 85' lang='lat' dir='ltr'>allusione</span> <span class='ocrx_word' id='word_1_82' title='bbox 855 903 966 959; x_wconf 89' lang='lat' dir='ltr'>relictus</span> <span class='ocrx_word' id='word_1_83' title='bbox 984 910 1039 974; x_wconf 90' lang='lat' dir='ltr'>est,</span> <span class='ocrx_word' id='word_1_84' title='bbox 1059 905 1130 962; x_wconf 81' lang='lat' dir='ltr'>Attii</span> <span class='ocrx_word' id='word_1_85' title='bbox 1147 905 1238 962; x_wconf 84' lang='lat' dir='ltr'>fieret:</span> <span class='ocrx_word' id='word_1_86' title='bbox 1263 923 1327 962; x_wconf 87' lang='lat' dir='ltr'>narn</span> <span class='ocrx_word' id='word_1_87' title='bbox 1347 908 1408 978; x_wconf 89' lang='lat' dir='ltr'>ipsa</span> <span class='ocrx_word' id='word_1_88' title='bbox 1425 922 1535 978; x_wconf 87' lang='lat' dir='ltr'>quoque</span> <span class='ocrx_word' id='word_1_89' title='bbox 1617 927 1623 934; x_wconf 89' lang='lat'>·</span> 
     </span>
     <span class='ocr_line' id='line_1_8' title="bbox 97 987 340 1046; baseline 0.004 -3"><span class='ocrx_word' id='word_1_90' title='bbox 97 990 144 1044; x_wconf 85' lang='lat' dir='ltr'>nia</span> <span class='ocrx_word' id='word_1_91' title='bbox 161 987 240 1045; x_wconf 82' lang='lat' dir='ltr'>fundi</span> <span class='ocrx_word' id='word_1_92' title='bbox 257 996 340 1046; x_wconf 90' lang='lat' dir='ltr'>esset.</span> 
     </span>
     <span class='ocr_line' id='line_1_9' title="bbox 13 1078 1574 1164; baseline 0.006 -31"><span class='ocrx_word' id='word_1_93' title='bbox 13 1080 77 1140; x_wconf 74' lang='grc' dir='ltr'>Β</span> <span class='ocrx_word' id='word_1_94' title='bbox 151 1079 292 1134; x_wconf 77' lang='lat' dir='ltr'>lucrasus</span> <span class='ocrx_word' id='word_1_95' title='bbox 316 1079 384 1134; x_wconf 90' lang='lat' dir='ltr'>libro</span> <span class='ocrx_word' id='word_1_96' title='bbox 408 1080 489 1136; x_wconf 92' lang='lat' dir='ltr'>tertio</span> <span class='ocrx_word' id='word_1_97' title='bbox 512 1096 547 1136; x_wconf 83' lang='lat' dir='ltr'>ex</span> <span class='ocrx_word' id='word_1_98' title='bbox 571 1081 689 1136; x_wconf 77' lang='lat' dir='ltr'>Minicio.</span> <span class='ocrx_word' id='word_1_99' title='bbox 727 1082 816 1136; x_wconf 78' lang='lat' dir='ltr'>Etiam</span> <span class='ocrx_word' id='word_1_100' title='bbox 840 1081 958 1138; x_wconf 79' lang='lat' dir='ltr'>surtinus</span> <span class='ocrx_word' id='word_1_101' title='bbox 977 1097 1074 1138; x_wconf 90' lang='lat' dir='ltr'>seruus</span> <span class='ocrx_word' id='word_1_102' title='bbox 1093 1078 1132 1164; x_wconf 66' lang='lat' dir='ltr'>[a.</span> <span class='ocrx_word' id='word_1_103' title='bbox 1145 1093 1182 1148; x_wconf 78' lang='lat' dir='ltr'>oo,</span> <span class='ocrx_word' id='word_1_104' title='bbox 1194 1095 1216 1148; x_wconf 86' lang='lat'>1,</span> <span class='ocrx_word' id='word_1_105' title='bbox 1228 1095 1264 1140; x_wconf 82' lang='lat' dir='ltr'>es.</span> <span class='ocrx_word' id='word_1_106' title='bbox 1285 1093 1406 1148; x_wconf 68' lang='lat' dir='ltr'>usual,</span> <span class='ocrx_word' id='word_1_107' title='bbox 1419 1096 1446 1140; x_wconf 85' lang='lat'>31</span> <span class='ocrx_word' id='word_1_108' title='bbox 1462 1089 1574 1144; x_wconf 63' lang='lat' dir='ltr'>acted</span> 
     </span>
     <span class='ocr_line' id='line_1_10' title="bbox 96 1165 1567 1240; baseline 0.001 -18"><span class='ocrx_word' id='word_1_109' title='bbox 96 1165 187 1222; x_wconf 89' lang='lat' dir='ltr'>bonae</span> <span class='ocrx_word' id='word_1_110' title='bbox 204 1165 268 1222; x_wconf 87' lang='lat' dir='ltr'>fidei</span> <span class='ocrx_word' id='word_1_111' title='bbox 287 1169 404 1238; x_wconf 88' lang='lat' dir='ltr'>emptori</span> <span class='ocrx_word' id='word_1_112' title='bbox 422 1169 549 1239; x_wconf 88' lang='lat' dir='ltr'>adquirit,</span> <span class='ocrx_word' id='word_1_113' title='bbox 567 1169 642 1240; x_wconf 91' lang='lat' dir='ltr'>quod</span> <span class='ocrx_word' id='word_1_114' title='bbox 659 1185 694 1225; x_wconf 85' lang='lat' dir='ltr'>ex</span> <span class='ocrx_word' id='word_1_115' title='bbox 712 1184 741 1224; x_wconf 89' lang='lat' dir='ltr'>ro</span> <span class='ocrx_word' id='word_1_116' title='bbox 760 1170 820 1225; x_wconf 88' lang='lat' dir='ltr'>eius</span> <span class='ocrx_word' id='word_1_117' title='bbox 838 1171 985 1240; x_wconf 87' lang='lat' dir='ltr'>stipulatur</span> <span class='ocrx_word' id='word_1_118' title='bbox 1003 1175 1052 1226; x_wconf 88' lang='lat' dir='ltr'>aut</span> <span class='ocrx_word' id='word_1_119' title='bbox 1069 1185 1118 1240; x_wconf 90' lang='lat' dir='ltr'>per</span> <span class='ocrx_word' id='word_1_120' title='bbox 1135 1171 1308 1226; x_wconf 81' lang='lat' dir='ltr'>traditionem</span> <span class='ocrx_word' id='word_1_121' title='bbox 1328 1171 1436 1240; x_wconf 89' lang='lat' dir='ltr'>accipit.</span> <span class='ocrx_word' id='word_1_122' title='bbox 1553 1182 1567 1224; x_wconf 86' lang='lat' dir='ltr'>a</span> 
     </span>
     <span class='ocr_line' id='line_1_11' title="bbox 13 1254 1594 1343; baseline 0.007 -34"><span class='ocrx_word' id='word_1_123' title='bbox 13 1259 79 1318; x_wconf 73' lang='grc' dir='ltr'>ζ)</span> <span class='ocrx_word' id='word_1_124' title='bbox 150 1255 324 1312; x_wconf 52' lang='lat' dir='ltr'>&amp;mutnus</span> <span class='ocrx_word' id='word_1_125' title='bbox 340 1256 409 1311; x_wconf 88' lang='lat' dir='ltr'>libro</span> <span class='ocrx_word' id='word_1_126' title='bbox 427 1257 545 1327; x_wconf 87' lang='lat' dir='ltr'>septimo</span> <span class='ocrx_word' id='word_1_127' title='bbox 563 1259 763 1328; x_wconf 80' lang='lat' dir='ltr'>quaestionum.</span> <span class='ocrx_word' id='word_1_128' title='bbox 791 1258 951 1324; x_wconf 83' lang='lat' dir='ltr'>Quaesitum</span> <span class='ocrx_word' id='word_1_129' title='bbox 970 1264 1021 1328; x_wconf 89' lang='lat' dir='ltr'>est,</span> <span class='ocrx_word' id='word_1_130' title='bbox 1039 1259 1062 1313; x_wconf 91' lang='lat' dir='ltr'>si</span> <span class='ocrx_word' id='word_1_131' title='bbox 1081 1259 1113 1326; x_wconf 91' lang='lat' dir='ltr'>is,</span> <span class='ocrx_word' id='word_1_132' title='bbox 1132 1259 1176 1314; x_wconf 92' lang='lat' dir='ltr'>cui</span> <span class='ocrx_word' id='word_1_133' title='bbox 1194 1257 1262 1314; x_wconf 91' lang='lat' dir='ltr'>libor</span> <span class='ocrx_word' id='word_1_134' title='bbox 1277 1257 1359 1314; x_wconf 92' lang='lat' dir='ltr'>hemo</span> <span class='ocrx_word' id='word_1_135' title='bbox 1378 1254 1535 1343; x_wconf 59' lang='lat' dir='ltr'>[Q</span> <span class='ocrx_word' id='word_1_136' title='bbox 1552 1265 1594 1339; x_wconf 81' lang='lat' dir='ltr'>Ss</span> 
     </span>
     <span class='ocr_line' id='line_1_12' title="bbox 97 1341 1535 1416; baseline 0.003 -18"><span class='ocrx_word' id='word_1_137' title='bbox 97 1342 170 1399; x_wconf 87' lang='lat' dir='ltr'>bona</span> <span class='ocrx_word' id='word_1_138' title='bbox 187 1341 242 1398; x_wconf 85' lang='lat' dir='ltr'>fide</span> <span class='ocrx_word' id='word_1_139' title='bbox 259 1345 388 1414; x_wconf 88' lang='lat' dir='ltr'>seruiret,</span> <span class='ocrx_word' id='word_1_140' title='bbox 413 1345 563 1400; x_wconf 86' lang='lat' dir='ltr'>decesserit</span> <span class='ocrx_word' id='word_1_141' title='bbox 581 1347 661 1416; x_wconf 89' lang='lat' dir='ltr'>eique</span> <span class='ocrx_word' id='word_1_142' title='bbox 679 1348 702 1402; x_wconf 91' lang='lat' dir='ltr'>is</span> <span class='ocrx_word' id='word_1_143' title='bbox 720 1346 799 1402; x_wconf 89' lang='lat' dir='ltr'>heres</span> <span class='ocrx_word' id='word_1_144' title='bbox 818 1347 952 1416; x_wconf 86' lang='lat' dir='ltr'>extiterit,</span> <span class='ocrx_word' id='word_1_145' title='bbox 972 1347 1019 1416; x_wconf 91' lang='lat' dir='ltr'>qni</span> <span class='ocrx_word' id='word_1_146' title='bbox 1035 1345 1151 1402; x_wconf 89' lang='lat' dir='ltr'>liberum</span> <span class='ocrx_word' id='word_1_147' title='bbox 1170 1362 1232 1402; x_wconf 90' lang='lat' dir='ltr'>eum</span> <span class='ocrx_word' id='word_1_148' title='bbox 1252 1363 1313 1402; x_wconf 90' lang='lat' dir='ltr'>esse</span> <span class='ocrx_word' id='word_1_149' title='bbox 1331 1348 1414 1416; x_wconf 89' lang='lat' dir='ltr'>sciat,</span> <span class='ocrx_word' id='word_1_150' title='bbox 1434 1364 1468 1402; x_wconf 85' lang='lat' dir='ltr'>an</span> <span class='ocrx_word' id='word_1_151' title='bbox 1487 1349 1535 1403; x_wconf 89' lang='lat' dir='ltr'>ali-</span> 
     </span>
     <span class='ocr_line' id='line_1_13' title="bbox 98 1433 1535 1506; baseline 0.003 -19"><span class='ocrx_word' id='word_1_152' title='bbox 98 1433 163 1500; x_wconf 88' lang='lat' dir='ltr'>quid</span> <span class='ocrx_word' id='word_1_153' title='bbox 181 1447 231 1502; x_wconf 89' lang='lat' dir='ltr'>per</span> <span class='ocrx_word' id='word_1_154' title='bbox 247 1448 310 1488; x_wconf 88' lang='lat' dir='ltr'>oum</span> <span class='ocrx_word' id='word_1_155' title='bbox 330 1434 465 1504; x_wconf 85' lang='lat' dir='ltr'>adquirat.</span> <span class='ocrx_word' id='word_1_156' title='bbox 498 1449 553 1489; x_wconf 91' lang='lat' dir='ltr'>non</span> <span class='ocrx_word' id='word_1_157' title='bbox 571 1449 633 1489; x_wconf 89' lang='lat' dir='ltr'>esse</span> <span class='ocrx_word' id='word_1_158' title='bbox 651 1435 704 1504; x_wconf 90' lang='lat' dir='ltr'>ait,</span> <span class='ocrx_word' id='word_1_159' title='bbox 723 1440 755 1490; x_wconf 92' lang='lat' dir='ltr'>nt</span> <span class='ocrx_word' id='word_1_160' title='bbox 773 1435 816 1490; x_wconf 91' lang='lat' dir='ltr'>hic</span> <span class='ocrx_word' id='word_1_161' title='bbox 834 1434 907 1490; x_wconf 84' lang='lat' dir='ltr'>bona</span> <span class='ocrx_word' id='word_1_162' title='bbox 925 1433 979 1490; x_wconf 88' lang='lat' dir='ltr'>fide</span> <span class='ocrx_word' id='word_1_163' title='bbox 997 1451 1141 1506; x_wconf 85' lang='lat' dir='ltr'>possessor</span> <span class='ocrx_word' id='word_1_164' title='bbox 1158 1434 1298 1506; x_wconf 85' lang='lat' dir='ltr'>uideatur,</span> <span class='ocrx_word' id='word_1_165' title='bbox 1317 1435 1427 1506; x_wconf 88' lang='lat' dir='ltr'>qnando</span> <span class='ocrx_word' id='word_1_166' title='bbox 1445 1437 1535 1492; x_wconf 87' lang='lat' dir='ltr'>sciens</span> 
     </span>
     <span class='ocr_line' id='line_1_14' title="bbox 98 1519 1534 1594; baseline 0.002 -18"><span class='ocrx_word' id='word_1_167' title='bbox 98 1519 212 1576; x_wconf 88' lang='lat' dir='ltr'>liberum</span> <span class='ocrx_word' id='word_1_168' title='bbox 230 1521 373 1592; x_wconf 86' lang='lat' dir='ltr'>possidere</span> <span class='ocrx_word' id='word_1_169' title='bbox 390 1523 519 1592; x_wconf 88' lang='lat' dir='ltr'>coeperit,</span> <span class='ocrx_word' id='word_1_170' title='bbox 538 1523 603 1592; x_wconf 89' lang='lat' dir='ltr'>qnia</span> <span class='ocrx_word' id='word_1_171' title='bbox 620 1529 649 1579; x_wconf 88' lang='lat' dir='ltr'>et</span> <span class='ocrx_word' id='word_1_172' title='bbox 667 1525 690 1579; x_wconf 91' lang='lat' dir='ltr'>si</span> <span class='ocrx_word' id='word_1_173' title='bbox 708 1523 822 1578; x_wconf 84' lang='lat' dir='ltr'>fundum</span> <span class='ocrx_word' id='word_1_174' title='bbox 843 1539 922 1578; x_wconf 88' lang='lat' dir='ltr'>snum</span> <span class='ocrx_word' id='word_1_175' title='bbox 939 1523 1001 1593; x_wconf 89' lang='lat' dir='ltr'>quis</span> <span class='ocrx_word' id='word_1_176' title='bbox 1012 1524 1154 1593; x_wconf 78' lang='lat' dir='ltr'>legauerit,</span> <span class='ocrx_word' id='word_1_177' title='bbox 1173 1523 1261 1593; x_wconf 90' lang='lat' dir='ltr'>heres,</span> <span class='ocrx_word' id='word_1_178' title='bbox 1279 1524 1399 1594; x_wconf 91' lang='lat' dir='ltr'>quicum</span> <span class='ocrx_word' id='word_1_179' title='bbox 1413 1525 1534 1594; x_wconf 83' lang='lat' dir='ltr'>legatum</span> 
     </span>
     <span class='ocr_line' id='line_1_15' title="bbox 99 1609 1534 1682; baseline 0.001 -16"><span class='ocrx_word' id='word_1_180' title='bbox 99 1625 158 1666; x_wconf 86' lang='lat' dir='ltr'>esse</span> <span class='ocrx_word' id='word_1_181' title='bbox 182 1610 265 1680; x_wconf 83' lang='lat' dir='ltr'>sciat,</span> <span class='ocrx_word' id='word_1_182' title='bbox 289 1612 384 1680; x_wconf 88' lang='lat' dir='ltr'>procul</span> <span class='ocrx_word' id='word_1_183' title='bbox 408 1610 492 1666; x_wconf 92' lang='lat' dir='ltr'>dubio</span> <span class='ocrx_word' id='word_1_184' title='bbox 516 1609 620 1666; x_wconf 80' lang='lat' dir='ltr'>fructus</span> <span class='ocrx_word' id='word_1_185' title='bbox 643 1628 678 1667; x_wconf 82' lang='lat' dir='ltr'>er</span> <span class='ocrx_word' id='word_1_186' title='bbox 701 1628 734 1668; x_wconf 92' lang='lat' dir='ltr'>eo</span> <span class='ocrx_word' id='word_1_187' title='bbox 758 1627 824 1668; x_wconf 88' lang='lat' dir='ltr'>suos</span> <span class='ocrx_word' id='word_1_188' title='bbox 847 1627 901 1668; x_wconf 90' lang='lat' dir='ltr'>non</span> <span class='ocrx_word' id='word_1_189' title='bbox 919 1610 1016 1666; x_wconf 84' lang='lat' dir='ltr'>faciet:</span> <span class='ocrx_word' id='word_1_190' title='bbox 1039 1617 1068 1668; x_wconf 91' lang='lat' dir='ltr'>et</span> <span class='ocrx_word' id='word_1_191' title='bbox 1086 1614 1171 1668; x_wconf 89' lang='lat' dir='ltr'>multo</span> <span class='ocrx_word' id='word_1_192' title='bbox 1189 1613 1278 1682; x_wconf 80' lang='lat' dir='ltr'>magis</span> <span class='ocrx_word' id='word_1_193' title='bbox 1296 1613 1320 1667; x_wconf 88' lang='lat' dir='ltr'>si</span> <span class='ocrx_word' id='word_1_194' title='bbox 1337 1617 1455 1668; x_wconf 86' lang='lat' dir='ltr'>testator</span> <span class='ocrx_word' id='word_1_195' title='bbox 1472 1627 1534 1669; x_wconf 91' lang='lat' dir='ltr'>eum</span> 
     </span>
     <span class='ocr_line' id='line_1_16' title="bbox 100 1697 1582 1770; baseline 0 -16"><span class='ocrx_word' id='word_1_196' title='bbox 100 1699 216 1754; x_wconf 72' lang='lat' dir='ltr'>ebenum</span> <span class='ocrx_word' id='word_1_197' title='bbox 235 1699 309 1754; x_wconf 86' lang='lat' dir='ltr'>bona</span> <span class='ocrx_word' id='word_1_198' title='bbox 326 1697 381 1754; x_wconf 88' lang='lat' dir='ltr'>lide</span> <span class='ocrx_word' id='word_1_199' title='bbox 399 1706 520 1770; x_wconf 88' lang='lat' dir='ltr'>emptum</span> <span class='ocrx_word' id='word_1_200' title='bbox 539 1700 671 1769; x_wconf 87' lang='lat' dir='ltr'>possedit.</span> <span class='ocrx_word' id='word_1_201' title='bbox 700 1707 728 1756; x_wconf 92' lang='lat' dir='ltr'>et</span> <span class='ocrx_word' id='word_1_202' title='bbox 746 1702 820 1756; x_wconf 89' lang='lat' dir='ltr'>circa</span> <span class='ocrx_word' id='word_1_203' title='bbox 837 1715 979 1756; x_wconf 90' lang='lat' dir='ltr'>seruorum</span> <span class='ocrx_word' id='word_1_204' title='bbox 997 1700 1081 1769; x_wconf 83' lang='lat' dir='ltr'>igitur</span> <span class='ocrx_word' id='word_1_205' title='bbox 1098 1716 1208 1770; x_wconf 89' lang='lat' dir='ltr'>operam</span> <span class='ocrx_word' id='word_1_206' title='bbox 1227 1717 1260 1756; x_wconf 90' lang='lat' dir='ltr'>ae</span> <span class='ocrx_word' id='word_1_207' title='bbox 1279 1701 1458 1757; x_wconf 89' lang='lat' dir='ltr'>ministerium</span> <span class='ocrx_word' id='word_1_208' title='bbox 1471 1717 1534 1758; x_wconf 89' lang='lat' dir='ltr'>eau-</span> <span class='ocrx_word' id='word_1_209' title='bbox 1554 1715 1582 1755; x_wconf 84' lang='lat' dir='ltr'>rs</span> 
     </span>
     <span class='ocr_line' id='line_1_17' title="bbox 101 1785 1596 1858; baseline 0.003 -16"><span class='ocrx_word' id='word_1_210' title='bbox 101 1787 159 1842; x_wconf 91' lang='lat' dir='ltr'>dem</span> <span class='ocrx_word' id='word_1_211' title='bbox 179 1788 312 1842; x_wconf 87' lang='lat' dir='ltr'>rationem</span> <span class='ocrx_word' id='word_1_212' title='bbox 331 1788 507 1858; x_wconf 88' lang='lat' dir='ltr'>sequendam,</span> <span class='ocrx_word' id='word_1_213' title='bbox 527 1795 566 1858; x_wconf 93' lang='lat' dir='ltr'>ut,</span> <span class='ocrx_word' id='word_1_214' title='bbox 586 1789 644 1844; x_wconf 89' lang='lat' dir='ltr'>sine</span> <span class='ocrx_word' id='word_1_215' title='bbox 662 1790 763 1858; x_wconf 89' lang='lat' dir='ltr'>proprii</span> <span class='ocrx_word' id='word_1_216' title='bbox 783 1789 842 1844; x_wconf 88' lang='lat' dir='ltr'>sine</span> <span class='ocrx_word' id='word_1_217' title='bbox 861 1789 958 1844; x_wconf 82' lang='lat' dir='ltr'>alieni⁸</span> <span class='ocrx_word' id='word_1_218' title='bbox 976 1789 1020 1844; x_wconf 90' lang='lat' dir='ltr'>uel</span> <span class='ocrx_word' id='word_1_219' title='bbox 1038 1789 1123 1858; x_wconf 87' lang='lat' dir='ltr'>legati</span> <span class='ocrx_word' id='word_1_220' title='bbox 1141 1789 1184 1844; x_wconf 89' lang='lat' dir='ltr'>uel</span> <span class='ocrx_word' id='word_1_221' title='bbox 1198 1791 1357 1846; x_wconf 88' lang='lat' dir='ltr'>manumissi</span> <span class='ocrx_word' id='word_1_222' title='bbox 1368 1794 1534 1847; x_wconf 87' lang='lat' dir='ltr'>testamento</span> <span class='ocrx_word' id='word_1_223' title='bbox 1594 1785 1596 1790; x_wconf 71' lang='grc'>’</span> 
     </span>
     <span class='ocr_line' id='line_1_18' title="bbox 101 1873 1533 1948; baseline 0.003 -18"><span class='ocrx_word' id='word_1_224' title='bbox 101 1873 211 1944; x_wconf 86' lang='lat' dir='ltr'>luerint,</span> <span class='ocrx_word' id='word_1_225' title='bbox 235 1875 301 1930; x_wconf 80' lang='lat' dir='ltr'>nibil</span> <span class='ocrx_word' id='word_1_226' title='bbox 322 1891 372 1945; x_wconf 90' lang='lat' dir='ltr'>per</span> <span class='ocrx_word' id='word_1_227' title='bbox 389 1890 437 1931; x_wconf 89' lang='lat' dir='ltr'>eos</span> <span class='ocrx_word' id='word_1_228' title='bbox 455 1875 616 1946; x_wconf 88' lang='lat' dir='ltr'>heredibus,</span> <span class='ocrx_word' id='word_1_229' title='bbox 640 1877 687 1946; x_wconf 91' lang='lat' dir='ltr'>qui</span> <span class='ocrx_word' id='word_1_230' title='bbox 707 1877 788 1934; x_wconf 90' lang='lat' dir='ltr'>modo</span> <span class='ocrx_word' id='word_1_231' title='bbox 807 1892 901 1932; x_wconf 91' lang='lat' dir='ltr'>eorum</span> <span class='ocrx_word' id='word_1_232' title='bbox 919 1876 947 1932; x_wconf 93' lang='lat' dir='ltr'>id</span> <span class='ocrx_word' id='word_1_233' title='bbox 966 1893 1020 1932; x_wconf 91' lang='lat' dir='ltr'>non</span> <span class='ocrx_word' id='word_1_234' title='bbox 1038 1878 1209 1947; x_wconf 86' lang='lat' dir='ltr'>ignorarent,</span> <span class='ocrx_word' id='word_1_235' title='bbox 1234 1879 1401 1948; x_wconf 77' lang='lat' dir='ltr'>adquiratur.</span> <span class='ocrx_word' id='word_1_236' title='bbox 1433 1881 1533 1934; x_wconf 87' lang='lat' dir='ltr'>etenim</span> 
     </span>
     <span class='ocr_line' id='line_1_19' title="bbox 103 1963 1634 2040; baseline 0.002 -22"><span class='ocrx_word' id='word_1_237' title='bbox 103 1963 176 2019; x_wconf 89' lang='lat' dir='ltr'>simul</span> <span class='ocrx_word' id='word_1_238' title='bbox 200 1963 269 2020; x_wconf 88' lang='lat' dir='ltr'>haec</span> <span class='ocrx_word' id='word_1_239' title='bbox 293 1963 349 2020; x_wconf 86' lang='lat' dir='ltr'>lore</span> <span class='ocrx_word' id='word_1_240' title='bbox 371 1963 481 2034; x_wconf 88' lang='lat' dir='ltr'>cedere,</span> <span class='ocrx_word' id='word_1_241' title='bbox 506 1969 551 2035; x_wconf 91' lang='lat' dir='ltr'>nt,</span> <span class='ocrx_word' id='word_1_242' title='bbox 576 1979 630 2034; x_wconf 90' lang='lat' dir='ltr'>quo</span> <span class='ocrx_word' id='word_1_243' title='bbox 649 1981 715 2020; x_wconf 89' lang='lat' dir='ltr'>casu</span> <span class='ocrx_word' id='word_1_244' title='bbox 734 1964 839 2020; x_wconf 85' lang='lat' dir='ltr'>fructus</span> <span class='ocrx_word' id='word_1_245' title='bbox 856 1963 1030 2036; x_wconf 89' lang='lat' dir='ltr'>praediorum</span> <span class='ocrx_word' id='word_1_246' title='bbox 1049 1970 1227 2036; x_wconf 88' lang='lat' dir='ltr'>consumptos</span> <span class='ocrx_word' id='word_1_247' title='bbox 1245 1981 1311 2022; x_wconf 89' lang='lat' dir='ltr'>suos</span> <span class='ocrx_word' id='word_1_248' title='bbox 1329 1965 1413 2023; x_wconf 79' lang='lat' dir='ltr'>iaciat</span> <span class='ocrx_word' id='word_1_249' title='bbox 1431 1968 1442 2040; x_wconf 74' lang='lat' dir='ltr'>fl</span> <span class='ocrx_word' id='word_1_250' title='bbox 1461 1967 1535 2024; x_wconf 88' lang='lat' dir='ltr'>bona</span> <span class='ocrx_word' id='word_1_251' title='bbox 1552 1972 1569 2019; x_wconf 85' lang='lat' dir='ltr'>f.</span> <span class='ocrx_word' id='word_1_252' title='bbox 1580 1968 1634 2021; x_wconf 80' lang='lat'>246¹</span> 
     </span>
     <span class='ocr_line' id='line_1_20' title="bbox 102 2045 1582 2124; baseline 0.003 -17"><span class='ocrx_word' id='word_1_253' title='bbox 102 2050 150 2108; x_wconf 90' lang='lat' dir='ltr'>lide</span> <span class='ocrx_word' id='word_1_254' title='bbox 168 2067 320 2124; x_wconf 84' lang='lat' dir='ltr'>possessor,</span> <span class='ocrx_word' id='word_1_255' title='bbox 339 2053 436 2109; x_wconf 86' lang='lat' dir='ltr'>codem</span> <span class='ocrx_word' id='word_1_256' title='bbox 454 2068 504 2124; x_wconf 89' lang='lat' dir='ltr'>per</span> <span class='ocrx_word' id='word_1_257' title='bbox 521 2069 631 2110; x_wconf 89' lang='lat' dir='ltr'>seruum</span> <span class='ocrx_word' id='word_1_258' title='bbox 650 2069 685 2110; x_wconf 82' lang='lat' dir='ltr'>ex</span> <span class='ocrx_word' id='word_1_259' title='bbox 703 2069 787 2124; x_wconf 90' lang='lat' dir='ltr'>opera</span> <span class='ocrx_word' id='word_1_260' title='bbox 805 2059 885 2108; x_wconf 86' lang='lat' dir='ltr'>etex</span> <span class='ocrx_word' id='word_1_261' title='bbox 903 2068 933 2108; x_wconf 91' lang='lat' dir='ltr'>re</span> <span class='ocrx_word' id='word_1_262' title='bbox 951 2053 1037 2122; x_wconf 88' lang='lat' dir='ltr'>ipsius</span> <span class='ocrx_word' id='word_1_263' title='bbox 1056 2055 1080 2108; x_wconf 91' lang='lat' dir='ltr'>el</span> <span class='ocrx_word' id='word_1_264' title='bbox 1100 2053 1267 2124; x_wconf 87' lang='lat' dir='ltr'>adquiratur.</span> <span class='ocrx_word' id='word_1_265' title='bbox 1517 2045 1521 2054; x_wconf 80' lang='grc'><strong><em>’</em></strong></span> <span class='ocrx_word' id='word_1_266' title='bbox 1553 2065 1582 2106; x_wconf 74' lang='lat'>1⁹</span> 
     </span>
     <span class='ocr_line' id='line_1_21' title="bbox 150 2139 1613 2212; baseline 0.003 -15"><span class='ocrx_word' id='word_1_267' title='bbox 150 2141 392 2198; x_wconf 70' lang='lat' dir='ltr'>emicantium</span> <span class='ocrx_word' id='word_1_268' title='bbox 415 2156 488 2198; x_wconf 90' lang='lat' dir='ltr'>nono</span> <span class='ocrx_word' id='word_1_269' title='bbox 511 2141 546 2196; x_wconf 90' lang='lat' dir='ltr'>ad</span> <span class='ocrx_word' id='word_1_270' title='bbox 570 2142 698 2208; x_wconf 88' lang='lat' dir='ltr'>edictum.</span> <span class='ocrx_word' id='word_1_271' title='bbox 736 2141 849 2198; x_wconf 87' lang='lat' dir='ltr'>Statuas</span> <span class='ocrx_word' id='word_1_272' title='bbox 872 2143 900 2197; x_wconf 93' lang='lat' dir='ltr'>in</span> <span class='ocrx_word' id='word_1_273' title='bbox 925 2142 1037 2202; x_wconf 84' lang='lat' dir='ltr'>ciuitate</span> <span class='ocrx_word' id='word_1_274' title='bbox 1059 2142 1165 2211; x_wconf 84' lang='lat' dir='ltr'>positas</span> <span class='ocrx_word' id='word_1_275' title='bbox 1183 2144 1285 2198; x_wconf 90' lang='lat' dir='ltr'>ciuium</span> <span class='ocrx_word' id='word_1_276' title='bbox 1303 2159 1359 2199; x_wconf 90' lang='lat' dir='ltr'>non</span> <span class='ocrx_word' id='word_1_277' title='bbox 1390 2139 1535 2212; x_wconf 66' lang='grc' dir='ltr'>Ιῖῐᾶῖῑό</span> <span class='ocrx_word' id='word_1_278' title='bbox 1552 2147 1581 2202; x_wconf 84' lang='grc' dir='ltr'><em>Ε</em></span> <span class='ocrx_word' id='word_1_279' title='bbox 1612 2143 1613 2148; x_wconf 70' lang='grc'>’</span> 
     </span>
     <span class='ocr_line' id='line_1_22' title="bbox 103 2230 1535 2302; baseline 0.003 -18"><span class='ocrx_word' id='word_1_280' title='bbox 103 2243 171 2298; x_wconf 84' lang='lat' dir='ltr'>eras,</span> <span class='ocrx_word' id='word_1_281' title='bbox 194 2230 279 2302; x_wconf 82' lang='lat' dir='ltr'>idque</span> <span class='ocrx_word' id='word_1_282' title='bbox 297 2230 443 2286; x_wconf 86' lang='lat' dir='ltr'>Trebatius</span> <span class='ocrx_word' id='word_1_283' title='bbox 465 2234 495 2286; x_wconf 87' lang='lat' dir='ltr'>et</span> <span class='ocrx_word' id='word_1_284' title='bbox 512 2231 648 2300; x_wconf 85' lang='lat' dir='ltr'>Pegasus:</span> <span class='ocrx_word' id='word_1_285' title='bbox 673 2231 739 2286; x_wconf 90' lang='lat' dir='ltr'>dare</span> <span class='ocrx_word' id='word_1_286' title='bbox 762 2236 856 2288; x_wconf 87' lang='lat' dir='ltr'>tamen</span> <span class='ocrx_word' id='word_1_287' title='bbox 874 2246 986 2302; x_wconf 88' lang='lat' dir='ltr'>operam</span> <span class='ocrx_word' id='word_1_288' title='bbox 1004 2233 1158 2300; x_wconf 86' lang='lat' dir='ltr'>praetorem</span> <span class='ocrx_word' id='word_1_289' title='bbox 1176 2236 1316 2301; x_wconf 88' lang='lat' dir='ltr'>oportere,</span> <span class='ocrx_word' id='word_1_290' title='bbox 1341 2238 1384 2301; x_wconf 90' lang='lat' dir='ltr'>nt,</span> <span class='ocrx_word' id='word_1_291' title='bbox 1407 2233 1482 2302; x_wconf 92' lang='lat' dir='ltr'>quod</span> <span class='ocrx_word' id='word_1_292' title='bbox 1500 2248 1535 2290; x_wconf 90' lang='lat' dir='ltr'>ea</span> 
     </span>
     <span class='ocr_line' id='line_1_23' title="bbox 101 2317 1642 2392; baseline 0.003 -19"><span class='ocrx_word' id='word_1_293' title='bbox 101 2323 188 2374; x_wconf 85' lang='lat' dir='ltr'>uerte</span> <span class='ocrx_word' id='word_1_294' title='bbox 205 2319 233 2374; x_wconf 90' lang='lat' dir='ltr'>in</span> <span class='ocrx_word' id='word_1_295' title='bbox 251 2318 361 2388; x_wconf 90' lang='lat' dir='ltr'>publico</span> <span class='ocrx_word' id='word_1_296' title='bbox 378 2321 497 2389; x_wconf 88' lang='lat' dir='ltr'>positum</span> <span class='ocrx_word' id='word_1_297' title='bbox 517 2324 572 2390; x_wconf 90' lang='lat' dir='ltr'>est,</span> <span class='ocrx_word' id='word_1_298' title='bbox 596 2335 631 2375; x_wconf 91' lang='lat' dir='ltr'>ne</span> <span class='ocrx_word' id='word_1_299' title='bbox 650 2320 743 2374; x_wconf 86' lang='lat' dir='ltr'>liceret</span> <span class='ocrx_word' id='word_1_300' title='bbox 761 2321 869 2390; x_wconf 86' lang='lat' dir='ltr'>priuato</span> <span class='ocrx_word' id='word_1_301' title='bbox 888 2317 995 2374; x_wconf 84' lang='lat' dir='ltr'>auterre</span> <span class='ocrx_word' id='word_1_302' title='bbox 1014 2334 1065 2374; x_wconf 92' lang='lat' dir='ltr'>nec</span> <span class='ocrx_word' id='word_1_303' title='bbox 1083 2319 1108 2374; x_wconf 90' lang='lat' dir='ltr'>ei</span> <span class='ocrx_word' id='word_1_304' title='bbox 1126 2320 1172 2388; x_wconf 91' lang='lat' dir='ltr'>qui</span> <span class='ocrx_word' id='word_1_305' title='bbox 1191 2320 1322 2390; x_wconf 88' lang='lat' dir='ltr'>posuerit.</span> <span class='ocrx_word' id='word_1_306' title='bbox 1353 2319 1448 2376; x_wconf 89' lang='lat' dir='ltr'>tuendi</span> <span class='ocrx_word' id='word_1_307' title='bbox 1466 2336 1533 2392; x_wconf 84' lang='lat' dir='ltr'>ergo</span> <span class='ocrx_word' id='word_1_308' title='bbox 1641 2373 1642 2378; x_wconf 73' lang='grc'>,</span> 
     </span>
     <span class='ocr_line' id='line_1_24' title="bbox 94 2406 1475 2478; baseline 0.003 -18"><span class='ocrx_word' id='word_1_309' title='bbox 94 2406 172 2462; x_wconf 74' lang='lat' dir='ltr'>eines</span> <span class='ocrx_word' id='word_1_310' title='bbox 189 2413 270 2462; x_wconf 87' lang='lat' dir='ltr'>erunt</span> <span class='ocrx_word' id='word_1_311' title='bbox 288 2414 318 2462; x_wconf 90' lang='lat' dir='ltr'>et</span> <span class='ocrx_word' id='word_1_312' title='bbox 334 2407 469 2463; x_wconf 77' lang='lat' dir='ltr'>adderem</span> <span class='ocrx_word' id='word_1_313' title='bbox 486 2411 625 2478; x_wconf 86' lang='lat' dir='ltr'>petentem</span> <span class='ocrx_word' id='word_1_314' title='bbox 645 2409 807 2478; x_wconf 77' lang='lat' dir='ltr'>exceptione</span> <span class='ocrx_word' id='word_1_315' title='bbox 824 2415 853 2464; x_wconf 89' lang='lat' dir='ltr'>et</span> <span class='ocrx_word' id='word_1_316' title='bbox 871 2407 979 2464; x_wconf 88' lang='lat' dir='ltr'>actione</span> <span class='ocrx_word' id='word_1_317' title='bbox 998 2407 1130 2464; x_wconf 88' lang='lat' dir='ltr'>aduersus</span> <span class='ocrx_word' id='word_1_318' title='bbox 1148 2407 1335 2478; x_wconf 88' lang='lat' dir='ltr'>possidentem</span> <span class='ocrx_word' id='word_1_319' title='bbox 1353 2409 1475 2464; x_wconf 89' lang='lat' dir='ltr'>iuuandi.</span> 
     </span>
     <span class='ocr_line' id='line_1_25' title="bbox 148 2492 1663 2584; baseline 0 -34"><span class='ocrx_word' id='word_1_320' title='bbox 148 2496 269 2552; x_wconf 78' lang='lat' dir='ltr'>Faunus</span> <span class='ocrx_word' id='word_1_321' title='bbox 291 2495 359 2552; x_wconf 91' lang='lat' dir='ltr'>libro</span> <span class='ocrx_word' id='word_1_322' title='bbox 382 2496 526 2552; x_wconf 89' lang='lat' dir='ltr'>undecimo</span> <span class='ocrx_word' id='word_1_323' title='bbox 551 2496 586 2551; x_wconf 90' lang='lat' dir='ltr'>ad</span> <span class='ocrx_word' id='word_1_324' title='bbox 609 2495 738 2552; x_wconf 87' lang='lat' dir='ltr'>edictum.</span> <span class='ocrx_word' id='word_1_325' title='bbox 775 2496 953 2566; x_wconf 89' lang='lat' dir='ltr'>Substitutio,</span> <span class='ocrx_word' id='word_1_326' title='bbox 978 2511 1049 2566; x_wconf 87' lang='lat' dir='ltr'>qnae</span> <span class='ocrx_word' id='word_1_327' title='bbox 1071 2495 1193 2552; x_wconf 90' lang='lat' dir='ltr'>noudum</span> <span class='ocrx_word' id='word_1_328' title='bbox 1216 2497 1356 2568; x_wconf 86' lang='lat' dir='ltr'>competit,</span> <span class='ocrx_word' id='word_1_329' title='bbox 1374 2492 1532 2584; x_wconf 62' lang='lat' dir='ltr'><em>Q</em></span> <span class='ocrx_word' id='word_1_330' title='bbox 1551 2499 1578 2554; x_wconf 84' lang='lat' dir='ltr'><em>E</em></span> <span class='ocrx_word' id='word_1_331' title='bbox 1660 2539 1663 2548; x_wconf 32' lang='grc' dir='ltr'>ι</span> 
     </span>
     <span class='ocr_line' id='line_1_26' title="bbox 88 2583 1578 2640; baseline 0.003 -2"><span class='ocrx_word' id='word_1_332' title='bbox 88 2589 174 2639; x_wconf 71' lang='lat' dir='ltr'>exea</span> <span class='ocrx_word' id='word_1_333' title='bbox 190 2583 265 2640; x_wconf 89' lang='lat' dir='ltr'>bona</span> <span class='ocrx_word' id='word_1_334' title='bbox 281 2589 376 2640; x_wconf 88' lang='lat' dir='ltr'>nostra</span> <span class='ocrx_word' id='word_1_335' title='bbox 393 2591 444 2640; x_wconf 88' lang='lat' dir='ltr'>est.</span> <span class='ocrx_word' id='word_1_336' title='bbox 1551 2595 1578 2634; x_wconf 65' lang='grc' dir='ltr'>ε’</span> 
     </span>
     <span class='ocr_line' id='line_1_27' title="bbox 148 2667 1578 2744; baseline 0.001 -14"><span class='ocrx_word' id='word_1_337' title='bbox 148 2673 243 2730; x_wconf 79' lang='lat' dir='ltr'>Gaius</span> <span class='ocrx_word' id='word_1_338' title='bbox 265 2673 335 2728; x_wconf 90' lang='lat' dir='ltr'>libro</span> <span class='ocrx_word' id='word_1_339' title='bbox 358 2675 476 2744; x_wconf 88' lang='lat' dir='ltr'>septimo</span> <span class='ocrx_word' id='word_1_340' title='bbox 496 2673 532 2728; x_wconf 91' lang='lat' dir='ltr'>ad</span> <span class='ocrx_word' id='word_1_341' title='bbox 551 2673 669 2730; x_wconf 87' lang='lat' dir='ltr'>edietum</span> <span class='ocrx_word' id='word_1_342' title='bbox 689 2673 864 2744; x_wconf 88' lang='lat' dir='ltr'>prouinoieie.</span> <span class='ocrx_word' id='word_1_343' title='bbox 901 2673 1019 2744; x_wconf 86' lang='lat' dir='ltr'>Seruus,</span> <span class='ocrx_word' id='word_1_344' title='bbox 1041 2674 1088 2744; x_wconf 92' lang='lat' dir='ltr'>qui</span> <span class='ocrx_word' id='word_1_345' title='bbox 1107 2671 1252 2728; x_wconf 88' lang='lat' dir='ltr'>bonafide</span> <span class='ocrx_word' id='word_1_346' title='bbox 1270 2673 1356 2742; x_wconf 88' lang='lat' dir='ltr'>possi·</span> <span class='ocrx_word' id='word_1_347' title='bbox 1388 2667 1532 2741; x_wconf 60' lang='lat' dir='ltr'>W</span> <span class='ocrx_word' id='word_1_348' title='bbox 1550 2677 1578 2732; x_wconf 87' lang='lat' dir='ltr'><em>E</em></span> 
     </span>
     <span class='ocr_line' id='line_1_28' title="bbox 83 2759 1532 2832; baseline 0.003 -18"><span class='ocrx_word' id='word_1_349' title='bbox 83 2759 189 2832; x_wconf 67' lang='lat' dir='ltr'>deur,</span> <span class='ocrx_word' id='word_1_350' title='bbox 208 2761 236 2816; x_wconf 91' lang='lat' dir='ltr'>id</span> <span class='ocrx_word' id='word_1_351' title='bbox 255 2761 329 2832; x_wconf 91' lang='lat' dir='ltr'>qnod</span> <span class='ocrx_word' id='word_1_352' title='bbox 347 2777 382 2816; x_wconf 87' lang='lat' dir='ltr'>ex</span> <span class='ocrx_word' id='word_1_353' title='bbox 399 2777 429 2816; x_wconf 91' lang='lat' dir='ltr'>re</span> <span class='ocrx_word' id='word_1_354' title='bbox 448 2762 559 2817; x_wconf 88' lang='lat' dir='ltr'>alterins</span> <span class='ocrx_word' id='word_1_355' title='bbox 576 2767 619 2817; x_wconf 89' lang='lat' dir='ltr'>est</span> <span class='ocrx_word' id='word_1_356' title='bbox 636 2763 788 2832; x_wconf 83' lang='lat' dir='ltr'>possessori</span> <span class='ocrx_word' id='word_1_357' title='bbox 807 2778 861 2818; x_wconf 90' lang='lat' dir='ltr'>non</span> <span class='ocrx_word' id='word_1_358' title='bbox 880 2761 1006 2832; x_wconf 88' lang='lat' dir='ltr'>adquirit.</span> <span class='ocrx_word' id='word_1_359' title='bbox 1042 2762 1230 2832; x_wconf 80' lang='lat' dir='ltr'>Incorporales</span> <span class='ocrx_word' id='word_1_360' title='bbox 1249 2776 1293 2816; x_wconf 89' lang='lat' dir='ltr'>res</span> <span class='ocrx_word' id='word_1_361' title='bbox 1310 2761 1485 2818; x_wconf 81' lang='lat' dir='ltr'>traditionem</span> <span class='ocrx_word' id='word_1_362' title='bbox 1503 2766 1532 2818; x_wconf 91' lang='lat' dir='ltr'>et</span> 
     </span>
     <span class='ocr_line' id='line_1_29' title="bbox 80 2847 1532 2926; baseline 0 -20"><span class='ocrx_word' id='word_1_363' title='bbox 80 2851 291 2920; x_wconf 70' lang='lat' dir='ltr'>mmeapionen</span> <span class='ocrx_word' id='word_1_364' title='bbox 309 2865 364 2906; x_wconf 94' lang='lat' dir='ltr'>non</span> <span class='ocrx_word' id='word_1_365' title='bbox 382 2851 503 2920; x_wconf 87' lang='lat' dir='ltr'>recipere</span> <span class='ocrx_word' id='word_1_366' title='bbox 522 2849 695 2906; x_wconf 82' lang='lat' dir='ltr'>manifestum</span> <span class='ocrx_word' id='word_1_367' title='bbox 714 2855 765 2906; x_wconf 86' lang='lat' dir='ltr'>est.</span> <span class='ocrx_word' id='word_1_368' title='bbox 802 2849 871 2904; x_wconf 80' lang='lat' dir='ltr'>cnm</span> <span class='ocrx_word' id='word_1_369' title='bbox 890 2865 1000 2926; x_wconf 81' lang='lat' dir='ltr'>seruus,</span> <span class='ocrx_word' id='word_1_370' title='bbox 1021 2851 1050 2906; x_wconf 95' lang='lat' dir='ltr'>ln</span> <span class='ocrx_word' id='word_1_371' title='bbox 1068 2865 1123 2920; x_wconf 94' lang='lat' dir='ltr'>quo</span> <span class='ocrx_word' id='word_1_372' title='bbox 1141 2849 1253 2904; x_wconf 90' lang='lat' dir='ltr'>alterins</span> <span class='ocrx_word' id='word_1_373' title='bbox 1271 2865 1338 2904; x_wconf 86' lang='lat' dir='ltr'>usus</span> <span class='ocrx_word' id='word_1_374' title='bbox 1356 2847 1462 2906; x_wconf 84' lang='lat' dir='ltr'>fructus</span> <span class='ocrx_word' id='word_1_375' title='bbox 1480 2857 1532 2923; x_wconf 88' lang='lat' dir='ltr'>est,</span> 
     </span>
     <span class='ocr_line' id='line_1_30' title="bbox 75 2931 1531 3010; baseline 0.001 -15"><span class='ocrx_word' id='word_1_376' title='bbox 75 2931 234 2995; x_wconf 61' lang='lat' dir='ltr'>hominem</span> <span class='ocrx_word' id='word_1_377' title='bbox 251 2940 319 2994; x_wconf 89' lang='lat' dir='ltr'>emit</span> <span class='ocrx_word' id='word_1_378' title='bbox 336 2945 365 2994; x_wconf 92' lang='lat' dir='ltr'>et</span> <span class='ocrx_word' id='word_1_379' title='bbox 382 2940 408 2994; x_wconf 89' lang='lat' dir='ltr'>ei</span> <span class='ocrx_word' id='word_1_380' title='bbox 425 2938 542 3010; x_wconf 82' lang='lat' dir='ltr'>traditus</span> <span class='ocrx_word' id='word_1_381' title='bbox 560 2939 604 3009; x_wconf 90' lang='lat' dir='ltr'>sit,</span> <span class='ocrx_word' id='word_1_382' title='bbox 624 2944 770 3008; x_wconf 88' lang='lat' dir='ltr'>antequam</span> <span class='ocrx_word' id='word_1_383' title='bbox 782 2939 899 3006; x_wconf 89' lang='lat' dir='ltr'>pretinm</span> <span class='ocrx_word' id='word_1_384' title='bbox 913 2939 1010 3008; x_wconf 87' lang='lat' dir='ltr'>soluat,</span> <span class='ocrx_word' id='word_1_385' title='bbox 1028 2939 1057 2994; x_wconf 93' lang='lat' dir='ltr'>in</span> <span class='ocrx_word' id='word_1_386' title='bbox 1068 2937 1198 3010; x_wconf 90' lang='lat' dir='ltr'>pendenti</span> <span class='ocrx_word' id='word_1_387' title='bbox 1211 2942 1261 3007; x_wconf 89' lang='lat' dir='ltr'>est,</span> <span class='ocrx_word' id='word_1_388' title='bbox 1280 2937 1324 2994; x_wconf 88' lang='lat' dir='ltr'>cni</span> <span class='ocrx_word' id='word_1_389' title='bbox 1337 2939 1531 3008; x_wconf 85' lang='lat' dir='ltr'>proprietatem</span> 
     </span>
     <span class='ocr_line' id='line_1_31' title="bbox 79 3025 1580 3098; baseline -0.003 -16"><span class='ocrx_word' id='word_1_390' title='bbox 79 3027 268 3098; x_wconf 64' lang='lat' dir='ltr'>adquisierit:</span> <span class='ocrx_word' id='word_1_391' title='bbox 286 3033 315 3082; x_wconf 93' lang='lat' dir='ltr'>et</span> <span class='ocrx_word' id='word_1_392' title='bbox 333 3041 394 3082; x_wconf 85' lang='lat' dir='ltr'>curu</span> <span class='ocrx_word' id='word_1_393' title='bbox 413 3042 447 3082; x_wconf 83' lang='lat' dir='ltr'>ex</span> <span class='ocrx_word' id='word_1_394' title='bbox 466 3029 581 3098; x_wconf 87' lang='lat' dir='ltr'>peculio,</span> <span class='ocrx_word' id='word_1_395' title='bbox 600 3027 673 3097; x_wconf 91' lang='lat' dir='ltr'>quod</span> <span class='ocrx_word' id='word_1_396' title='bbox 689 3027 724 3082; x_wconf 91' lang='lat' dir='ltr'>ad</span> <span class='ocrx_word' id='word_1_397' title='bbox 737 3025 914 3082; x_wconf 77' lang='lat' dir='ltr'>fructuarium</span> <span class='ocrx_word' id='word_1_398' title='bbox 927 3027 1055 3096; x_wconf 90' lang='lat' dir='ltr'>pertinet,</span> <span class='ocrx_word' id='word_1_399' title='bbox 1074 3027 1195 3096; x_wconf 89' lang='lat' dir='ltr'>soluerit,</span> <span class='ocrx_word' id='word_1_400' title='bbox 1214 3027 1380 3095; x_wconf 80' lang='lat' dir='ltr'>intellegitur</span> <span class='ocrx_word' id='word_1_401' title='bbox 1392 3025 1533 3084; x_wconf 84' lang='lat' dir='ltr'>fructuarii</span> <span class='ocrx_word' id='word_1_402' title='bbox 1552 3036 1580 3079; x_wconf 83' lang='lat' dir='ltr'>sc</span> 
     </span>
     <span class='ocr_line' id='line_1_32' title="bbox 71 3107 1532 3186; baseline 0.001 -14"><span class='ocrx_word' id='word_1_403' title='bbox 71 3107 176 3173; x_wconf 59' lang='lat' dir='ltr'>homo</span> <span class='ocrx_word' id='word_1_404' title='bbox 194 3114 293 3170; x_wconf 75' lang='lat' dir='ltr'>tumne:</span> <span class='ocrx_word' id='word_1_405' title='bbox 312 3131 375 3171; x_wconf 89' lang='lat' dir='ltr'>curn</span> <span class='ocrx_word' id='word_1_406' title='bbox 393 3130 459 3170; x_wconf 87' lang='lat' dir='ltr'>uero</span> <span class='ocrx_word' id='word_1_407' title='bbox 474 3120 512 3170; x_wconf 84' lang='lat' dir='ltr'>&#39;ex</span> <span class='ocrx_word' id='word_1_408' title='bbox 530 3131 563 3172; x_wconf 93' lang='lat' dir='ltr'>eo</span> <span class='ocrx_word' id='word_1_409' title='bbox 582 3116 698 3186; x_wconf 89' lang='lat' dir='ltr'>peculio,</span> <span class='ocrx_word' id='word_1_410' title='bbox 716 3115 791 3185; x_wconf 88' lang='lat' dir='ltr'>qnod</span> <span class='ocrx_word' id='word_1_411' title='bbox 803 3116 1010 3186; x_wconf 88' lang='lat' dir='ltr'>proprietarium</span> <span class='ocrx_word' id='word_1_412' title='bbox 1024 3115 1156 3185; x_wconf 89' lang='lat' dir='ltr'>seqnitur,</span> <span class='ocrx_word' id='word_1_413' title='bbox 1175 3115 1296 3186; x_wconf 90' lang='lat' dir='ltr'>soluerit,</span> <span class='ocrx_word' id='word_1_414' title='bbox 1315 3117 1485 3186; x_wconf 86' lang='lat' dir='ltr'>proprietarii</span> <span class='ocrx_word' id='word_1_415' title='bbox 1498 3131 1532 3174; x_wconf 85' lang='lat' dir='ltr'>ex</span> 
     </span>
     <span class='ocr_line' id='line_1_33' title="bbox 68 3203 799 3276; baseline -0.005 -16"><span class='ocrx_word' id='word_1_416' title='bbox 68 3203 251 3276; x_wconf 74' lang='lat' dir='ltr'>1rostlacto</span> <span class='ocrx_word' id='word_1_417' title='bbox 269 3203 354 3259; x_wconf 87' lang='lat' dir='ltr'>luisse</span> <span class='ocrx_word' id='word_1_418' title='bbox 372 3203 489 3260; x_wconf 89' lang='lat' dir='ltr'>uidetur.</span> <span class='ocrx_word' id='word_1_419' title='bbox 797 3207 799 3210; x_wconf 80' lang='grc'>’</span> 
     </span>
    </p>

    <p class='ocr_par' dir='ltr' id='par_1_3' title="bbox 53 3287 1579 3983">
     <span class='ocr_line' id='line_1_34' title="bbox 146 3287 1578 3378; baseline 0.001 -29"><span class='ocrx_word' id='word_1_420' title='bbox 146 3292 300 3350; x_wconf 73' lang='lat' dir='ltr'>Usrrarrus</span> <span class='ocrx_word' id='word_1_421' title='bbox 322 3292 391 3348; x_wconf 93' lang='lat' dir='ltr'>libro</span> <span class='ocrx_word' id='word_1_422' title='bbox 411 3291 609 3348; x_wconf 89' lang='lat' dir='ltr'>nonodecimo</span> <span class='ocrx_word' id='word_1_423' title='bbox 628 3291 663 3346; x_wconf 87' lang='lat' dir='ltr'>ad</span> <span class='ocrx_word' id='word_1_424' title='bbox 681 3291 810 3346; x_wconf 89' lang='lat' dir='ltr'>edictum.</span> <span class='ocrx_word' id='word_1_425' title='bbox 846 3292 1013 3362; x_wconf 89' lang='lat' dir='ltr'>Pomponius</span> <span class='ocrx_word' id='word_1_426' title='bbox 1032 3295 1145 3346; x_wconf 85' lang='lat' dir='ltr'>tractat:</span> <span class='ocrx_word' id='word_1_427' title='bbox 1171 3307 1233 3346; x_wconf 86' lang='lat' dir='ltr'>cunr</span> <span class='ocrx_word' id='word_1_428' title='bbox 1252 3292 1356 3360; x_wconf 91' lang='lat' dir='ltr'>pastori</span> <span class='ocrx_word' id='word_1_429' title='bbox 1375 3287 1533 3378; x_wconf 61' lang='lat' dir='ltr'>[Q</span> <span class='ocrx_word' id='word_1_430' title='bbox 1550 3295 1578 3351; x_wconf 78' lang='grc' dir='ltr'>Ε</span> 
     </span>
     <span class='ocr_line' id='line_1_35' title="bbox 69 3377 1532 3452; baseline 0 -14"><span class='ocrx_word' id='word_1_431' title='bbox 69 3393 155 3438; x_wconf 63' lang='lat' dir='ltr'>neo</span> <span class='ocrx_word' id='word_1_432' title='bbox 173 3381 233 3452; x_wconf 91' lang='lat' dir='ltr'>lupi</span> <span class='ocrx_word' id='word_1_433' title='bbox 251 3396 349 3452; x_wconf 86' lang='lat' dir='ltr'>porcos</span> <span class='ocrx_word' id='word_1_434' title='bbox 367 3382 512 3451; x_wconf 85' lang='lat' dir='ltr'>eriperent,</span> <span class='ocrx_word' id='word_1_435' title='bbox 530 3380 580 3436; x_wconf 90' lang='lat' dir='ltr'>hos</span> <span class='ocrx_word' id='word_1_436' title='bbox 598 3379 705 3436; x_wconf 88' lang='lat' dir='ltr'>uicinae</span> <span class='ocrx_word' id='word_1_437' title='bbox 724 3380 805 3436; x_wconf 87' lang='lat' dir='ltr'>uillae</span> <span class='ocrx_word' id='word_1_438' title='bbox 820 3381 934 3436; x_wconf 88' lang='lat' dir='ltr'>colonus</span> <span class='ocrx_word' id='word_1_439' title='bbox 947 3395 1008 3434; x_wconf 91' lang='lat' dir='ltr'>curn</span> <span class='ocrx_word' id='word_1_440' title='bbox 1022 3379 1140 3436; x_wconf 87' lang='lat' dir='ltr'>robustis</span> <span class='ocrx_word' id='word_1_441' title='bbox 1154 3379 1267 3436; x_wconf 89' lang='lat' dir='ltr'>canibus</span> <span class='ocrx_word' id='word_1_442' title='bbox 1279 3385 1309 3434; x_wconf 91' lang='lat' dir='ltr'>et</span> <span class='ocrx_word' id='word_1_443' title='bbox 1319 3377 1444 3450; x_wconf 83' lang='lat' dir='ltr'>fortibus,</span> <span class='ocrx_word' id='word_1_444' title='bbox 1462 3397 1532 3451; x_wconf 89' lang='lat' dir='ltr'>quos</span> 
     </span>
     <span class='ocr_line' id='line_1_36' title="bbox 63 3469 1579 3544; baseline -0.007 -16"><span class='ocrx_word' id='word_1_445' title='bbox 63 3471 201 3544; x_wconf 54' lang='lat' dir='ltr'>{iecoris</span> <span class='ocrx_word' id='word_1_446' title='bbox 220 3471 263 3525; x_wconf 90' lang='lat' dir='ltr'>sui</span> <span class='ocrx_word' id='word_1_447' title='bbox 280 3471 370 3540; x_wconf 74' lang='lat' dir='ltr'>gratia</span> <span class='ocrx_word' id='word_1_448' title='bbox 387 3469 528 3540; x_wconf 88' lang='lat' dir='ltr'>pascebat,</span> <span class='ocrx_word' id='word_1_449' title='bbox 546 3473 711 3524; x_wconf 89' lang='lat' dir='ltr'>consecutus</span> <span class='ocrx_word' id='word_1_450' title='bbox 728 3469 799 3540; x_wconf 88' lang='lat' dir='ltr'>lupis</span> <span class='ocrx_word' id='word_1_451' title='bbox 817 3469 918 3538; x_wconf 89' lang='lat' dir='ltr'>eripuit</span> <span class='ocrx_word' id='word_1_452' title='bbox 935 3471 984 3523; x_wconf 90' lang='lat' dir='ltr'>aut</span> <span class='ocrx_word' id='word_1_453' title='bbox 1001 3483 1084 3524; x_wconf 90' lang='lat' dir='ltr'>canes</span> <span class='ocrx_word' id='word_1_454' title='bbox 1102 3471 1288 3523; x_wconf 85' lang='lat' dir='ltr'>extorserunt:</span> <span class='ocrx_word' id='word_1_455' title='bbox 1312 3472 1418 3524; x_wconf 86' lang='lat' dir='ltr'>etcum</span> <span class='ocrx_word' id='word_1_456' title='bbox 1438 3473 1532 3538; x_wconf 89' lang='lat' dir='ltr'>paster</span> <span class='ocrx_word' id='word_1_457' title='bbox 1551 3477 1579 3519; x_wconf 85' lang='lat' dir='ltr'>es</span> 
     </span>
     <span class='ocr_line' id='line_1_37' title="bbox 61 3555 1531 3630; baseline -0.003 -12"><span class='ocrx_word' id='word_1_458' title='bbox 61 3570 171 3618; x_wconf 68' lang='lat' dir='ltr'>luens</span> <span class='ocrx_word' id='word_1_459' title='bbox 189 3563 298 3628; x_wconf 85' lang='lat' dir='ltr'>peteret</span> <span class='ocrx_word' id='word_1_460' title='bbox 314 3573 425 3630; x_wconf 89' lang='lat' dir='ltr'>porcos,</span> <span class='ocrx_word' id='word_1_461' title='bbox 449 3557 645 3629; x_wconf 86' lang='lat' dir='ltr'>quaerebatur,</span> <span class='ocrx_word' id='word_1_462' title='bbox 668 3563 760 3612; x_wconf 89' lang='lat' dir='ltr'>utrum</span> <span class='ocrx_word' id='word_1_463' title='bbox 779 3557 839 3612; x_wconf 91' lang='lat' dir='ltr'>eins</span> <span class='ocrx_word' id='word_1_464' title='bbox 856 3555 923 3612; x_wconf 83' lang='lat' dir='ltr'>lacti</span> <span class='ocrx_word' id='word_1_465' title='bbox 940 3557 997 3612; x_wconf 90' lang='lat' dir='ltr'>sint</span> <span class='ocrx_word' id='word_1_466' title='bbox 1013 3557 1103 3628; x_wconf 90' lang='lat' dir='ltr'>porci,</span> <span class='ocrx_word' id='word_1_467' title='bbox 1121 3557 1168 3625; x_wconf 90' lang='lat' dir='ltr'>qni</span> <span class='ocrx_word' id='word_1_468' title='bbox 1186 3555 1300 3623; x_wconf 91' lang='lat' dir='ltr'>eripuit,</span> <span class='ocrx_word' id='word_1_469' title='bbox 1317 3571 1353 3610; x_wconf 92' lang='lat' dir='ltr'>an</span> <span class='ocrx_word' id='word_1_470' title='bbox 1371 3557 1457 3612; x_wconf 87' lang='lat' dir='ltr'>nostri</span> <span class='ocrx_word' id='word_1_471' title='bbox 1474 3573 1531 3614; x_wconf 89' lang='lat' dir='ltr'>ma·</span> 
     </span>
     <span class='ocr_line' id='line_1_38' title="bbox 59 3639 1531 3718; baseline -0.003 -12"><span class='ocrx_word' id='word_1_472' title='bbox 59 3653 191 3707; x_wconf 57' lang='lat' dir='ltr'>meant:</span> <span class='ocrx_word' id='word_1_473' title='bbox 216 3663 279 3703; x_wconf 89' lang='lat' dir='ltr'>nam</span> <span class='ocrx_word' id='word_1_474' title='bbox 303 3662 405 3718; x_wconf 81' lang='lat' dir='ltr'>genere</span> <span class='ocrx_word' id='word_1_475' title='bbox 427 3647 546 3717; x_wconf 87' lang='lat' dir='ltr'>quodam</span> <span class='ocrx_word' id='word_1_476' title='bbox 571 3645 690 3702; x_wconf 89' lang='lat' dir='ltr'>uenandi</span> <span class='ocrx_word' id='word_1_477' title='bbox 714 3645 743 3700; x_wconf 90' lang='lat' dir='ltr'>id</span> <span class='ocrx_word' id='word_1_478' title='bbox 766 3648 845 3700; x_wconf 89' lang='lat' dir='ltr'>erant</span> <span class='ocrx_word' id='word_1_479' title='bbox 866 3645 968 3700; x_wconf 90' lang='lat' dir='ltr'>nancti.</span> <span class='ocrx_word' id='word_1_480' title='bbox 1001 3643 1143 3715; x_wconf 82' lang='lat' dir='ltr'>cogitabat</span> <span class='ocrx_word' id='word_1_481' title='bbox 1160 3639 1278 3712; x_wconf 68' lang='lat' dir='ltr'>tamenl,</span> <span class='ocrx_word' id='word_1_482' title='bbox 1301 3644 1531 3714; x_wconf 88' lang='lat' dir='ltr'>quemadmodum</span> 
     </span>
     <span class='ocr_line' id='line_1_39' title="bbox 54 3732 1531 3806; baseline -0.003 -11"><span class='ocrx_word' id='word_1_483' title='bbox 54 3741 166 3796; x_wconf 70' lang='lat' dir='ltr'>tarra</span> <span class='ocrx_word' id='word_1_484' title='bbox 184 3737 308 3806; x_wconf 86' lang='lat' dir='ltr'>marique</span> <span class='ocrx_word' id='word_1_485' title='bbox 326 3740 417 3806; x_wconf 87' lang='lat' dir='ltr'>capta,</span> <span class='ocrx_word' id='word_1_486' title='bbox 435 3751 497 3790; x_wconf 89' lang='lat' dir='ltr'>cnm</span> <span class='ocrx_word' id='word_1_487' title='bbox 515 3736 543 3790; x_wconf 93' lang='lat' dir='ltr'>in</span> <span class='ocrx_word' id='word_1_488' title='bbox 562 3750 641 3790; x_wconf 90' lang='lat' dir='ltr'>suam</span> <span class='ocrx_word' id='word_1_489' title='bbox 659 3734 811 3790; x_wconf 83' lang='lat' dir='ltr'>naturalem</span> <span class='ocrx_word' id='word_1_490' title='bbox 829 3735 971 3790; x_wconf 85' lang='lat' dir='ltr'>laxitatem</span> <span class='ocrx_word' id='word_1_491' title='bbox 984 3737 1175 3804; x_wconf 85' lang='lat' dir='ltr'>peruenerant,</span> <span class='ocrx_word' id='word_1_492' title='bbox 1193 3732 1351 3788; x_wconf 90' lang='lat' dir='ltr'>desinerent</span> <span class='ocrx_word' id='word_1_493' title='bbox 1362 3748 1456 3790; x_wconf 89' lang='lat' dir='ltr'>eorum</span> <span class='ocrx_word' id='word_1_494' title='bbox 1470 3749 1531 3790; x_wconf 90' lang='lat' dir='ltr'>esse</span> 
     </span>
     <span class='ocr_line' id='line_1_40' title="bbox 53 3819 1532 3900; baseline -0.003 -18"><span class='ocrx_word' id='word_1_495' title='bbox 53 3828 136 3900; x_wconf 62' lang='lat' dir='ltr'>(qui</span> <span class='ocrx_word' id='word_1_496' title='bbox 163 3830 310 3895; x_wconf 89' lang='lat' dir='ltr'>ceperunt,</span> <span class='ocrx_word' id='word_1_497' title='bbox 333 3825 424 3880; x_wconf 79' lang='lat' dir='ltr'>itaer</span> <span class='ocrx_word' id='word_1_498' title='bbox 443 3823 522 3879; x_wconf 91' lang='lat' dir='ltr'>bonis</span> <span class='ocrx_word' id='word_1_499' title='bbox 540 3837 649 3893; x_wconf 91' lang='lat' dir='ltr'>quoque</span> <span class='ocrx_word' id='word_1_500' title='bbox 667 3823 768 3878; x_wconf 89' lang='lat' dir='ltr'>nostris</span> <span class='ocrx_word' id='word_1_501' title='bbox 787 3827 869 3892; x_wconf 89' lang='lat' dir='ltr'>capta</span> <span class='ocrx_word' id='word_1_502' title='bbox 887 3839 904 3877; x_wconf 87' lang='lat' dir='ltr'>a</span> <span class='ocrx_word' id='word_1_503' title='bbox 921 3821 1018 3877; x_wconf 85' lang='lat' dir='ltr'>bestiis</span> <span class='ocrx_word' id='word_1_504' title='bbox 1036 3822 1147 3877; x_wconf 88' lang='lat' dir='ltr'>marinis</span> <span class='ocrx_word' id='word_1_505' title='bbox 1167 3825 1196 3876; x_wconf 92' lang='lat' dir='ltr'>et</span> <span class='ocrx_word' id='word_1_506' title='bbox 1212 3819 1387 3876; x_wconf 87' lang='lat' dir='ltr'>terrestribus</span> <span class='ocrx_word' id='word_1_507' title='bbox 1405 3822 1532 3878; x_wconf 89' lang='lat' dir='ltr'>desinant</span> 
     </span>
     <span class='ocr_line' id='line_1_41' title="bbox 54 3909 1578 3983; baseline -0.009 -10"><span class='ocrx_word' id='word_1_508' title='bbox 54 3919 188 3973; x_wconf 64' lang='lat' dir='ltr'>monna</span> <span class='ocrx_word' id='word_1_509' title='bbox 205 3928 276 3983; x_wconf 88' lang='lat' dir='ltr'>esse,</span> <span class='ocrx_word' id='word_1_510' title='bbox 295 3928 357 3968; x_wconf 91' lang='lat' dir='ltr'>cum</span> <span class='ocrx_word' id='word_1_511' title='bbox 375 3913 532 3981; x_wconf 78' lang='lat' dir='ltr'>effugerunt</span> <span class='ocrx_word' id='word_1_512' title='bbox 548 3909 654 3966; x_wconf 88' lang='lat' dir='ltr'>bestiae</span> <span class='ocrx_word' id='word_1_513' title='bbox 672 3915 793 3966; x_wconf 77' lang='lat' dir='ltr'>nosuam</span> <span class='ocrx_word' id='word_1_514' title='bbox 812 3911 1038 3980; x_wconf 80' lang='lat' dir='ltr'>persecutionem.</span> <span class='ocrx_word' id='word_1_515' title='bbox 1065 3909 1127 3980; x_wconf 88' lang='lat' dir='ltr'>quis</span> <span class='ocrx_word' id='word_1_516' title='bbox 1146 3909 1264 3978; x_wconf 90' lang='lat' dir='ltr'>deniqne</span> <span class='ocrx_word' id='word_1_517' title='bbox 1282 3924 1392 3964; x_wconf 84' lang='lat' dir='ltr'>manere</span> <span class='ocrx_word' id='word_1_518' title='bbox 1409 3915 1530 3966; x_wconf 79' lang='lat' dir='ltr'>nosunm</span> <span class='ocrx_word' id='word_1_519' title='bbox 1548 3920 1578 3960; x_wconf 77' lang='lat' dir='ltr'>so</span> 
     </span>
    </p>

    <p class='ocr_par' dir='ltr' id='par_1_4' title="bbox 43 3997 1532 4254">
     <span class='ocr_line' id='line_1_42' title="bbox 47 3997 1532 4072; baseline -0.005 -10"><span class='ocrx_word' id='word_1_520' title='bbox 47 3999 166 4072; x_wconf 62' lang='lat' dir='ltr'>(licit,</span> <span class='ocrx_word' id='word_1_521' title='bbox 185 4001 261 4072; x_wconf 92' lang='lat' dir='ltr'>quod</span> <span class='ocrx_word' id='word_1_522' title='bbox 279 4001 339 4056; x_wconf 88' lang='lat' dir='ltr'>anis</span> <span class='ocrx_word' id='word_1_523' title='bbox 357 4001 530 4056; x_wconf 86' lang='lat' dir='ltr'>transuolans</span> <span class='ocrx_word' id='word_1_524' title='bbox 548 4015 583 4054; x_wconf 85' lang='lat' dir='ltr'>ex</span> <span class='ocrx_word' id='word_1_525' title='bbox 602 4014 666 4054; x_wconf 87' lang='lat' dir='ltr'>area</span> <span class='ocrx_word' id='word_1_526' title='bbox 684 4004 732 4054; x_wconf 91' lang='lat' dir='ltr'>aut</span> <span class='ocrx_word' id='word_1_527' title='bbox 749 4014 785 4054; x_wconf 81' lang='lat' dir='ltr'>ox</span> <span class='ocrx_word' id='word_1_528' title='bbox 803 4015 870 4068; x_wconf 76' lang='lat' dir='ltr'>agro</span> <span class='ocrx_word' id='word_1_529' title='bbox 888 4003 982 4054; x_wconf 90' lang='lat' dir='ltr'>nostro</span> <span class='ocrx_word' id='word_1_530' title='bbox 1000 3999 1154 4052; x_wconf 78' lang='lat' dir='ltr'>transtulit⁵</span> <span class='ocrx_word' id='word_1_531' title='bbox 1173 4003 1222 4053; x_wconf 91' lang='lat' dir='ltr'>aut</span> <span class='ocrx_word' id='word_1_532' title='bbox 1238 3997 1312 4068; x_wconf 89' lang='lat' dir='ltr'>quod</span> <span class='ocrx_word' id='word_1_533' title='bbox 1324 3997 1403 4053; x_wconf 89' lang='lat' dir='ltr'>nobis</span> <span class='ocrx_word' id='word_1_534' title='bbox 1414 3999 1532 4068; x_wconf 86' lang='lat' dir='ltr'>eripuit?</span> 
     </span>
     <span class='ocr_line' id='line_1_43' title="bbox 45 4085 1532 4161; baseline -0.005 -12"><span class='ocrx_word' id='word_1_535' title='bbox 45 4096 107 4150; x_wconf 53' lang='lat' dir='ltr'>§i</span> <span class='ocrx_word' id='word_1_536' title='bbox 126 4093 219 4161; x_wconf 83' lang='lat' dir='ltr'>igitur</span> <span class='ocrx_word' id='word_1_537' title='bbox 236 4089 350 4159; x_wconf 90' lang='lat' dir='ltr'>deslnit,</span> <span class='ocrx_word' id='word_1_538' title='bbox 371 4090 396 4144; x_wconf 88' lang='lat' dir='ltr'>sl</span> <span class='ocrx_word' id='word_1_539' title='bbox 413 4088 496 4144; x_wconf 87' lang='lat' dir='ltr'>luerit</span> <span class='ocrx_word' id='word_1_540' title='bbox 513 4102 560 4143; x_wconf 90' lang='lat' dir='ltr'>ore</span> <span class='ocrx_word' id='word_1_541' title='bbox 577 4085 683 4143; x_wconf 86' lang='lat' dir='ltr'>bestiae</span> <span class='ocrx_word' id='word_1_542' title='bbox 701 4087 859 4156; x_wconf 86' lang='lat' dir='ltr'>liberatum,</span> <span class='ocrx_word' id='word_1_543' title='bbox 877 4087 1038 4156; x_wconf 84' lang='lat' dir='ltr'>occupantis</span> <span class='ocrx_word' id='word_1_544' title='bbox 1056 4086 1116 4156; x_wconf 90' lang='lat' dir='ltr'>erit,</span> <span class='ocrx_word' id='word_1_545' title='bbox 1135 4086 1365 4156; x_wconf 87' lang='lat' dir='ltr'>quemadmodum</span> <span class='ocrx_word' id='word_1_546' title='bbox 1384 4087 1469 4156; x_wconf 89' lang='lat' dir='ltr'>piscis</span> <span class='ocrx_word' id='word_1_547' title='bbox 1486 4087 1532 4143; x_wconf 88' lang='lat' dir='ltr'>uel</span> 
     </span>
     <span class='ocr_line' id='line_1_44' title="bbox 43 4162 1531 4254; baseline -0.004 -16"><span class='ocrx_word' id='word_1_548' title='bbox 43 4191 158 4254; x_wconf 54' lang='lat' dir='ltr'>{per</span> <span class='ocrx_word' id='word_1_549' title='bbox 176 4179 223 4234; x_wconf 90' lang='lat' dir='ltr'>uel</span> <span class='ocrx_word' id='word_1_550' title='bbox 241 4179 309 4250; x_wconf 87' lang='lat' dir='ltr'>auis,</span> <span class='ocrx_word' id='word_1_551' title='bbox 327 4179 374 4248; x_wconf 91' lang='lat' dir='ltr'>qul</span> <span class='ocrx_word' id='word_1_552' title='bbox 391 4181 557 4248; x_wconf 88' lang='lat' dir='ltr'>potestatem</span> <span class='ocrx_word' id='word_1_553' title='bbox 574 4179 697 4232; x_wconf 89' lang='lat' dir='ltr'>nostram</span> <span class='ocrx_word' id='word_1_554' title='bbox 715 4175 813 4245; x_wconf 86' lang='lat' dir='ltr'>euasit,</span> <span class='ocrx_word' id='word_1_555' title='bbox 831 4175 855 4230; x_wconf 89' lang='lat' dir='ltr'>si</span> <span class='ocrx_word' id='word_1_556' title='bbox 873 4173 909 4230; x_wconf 89' lang='lat' dir='ltr'>ab</span> <span class='ocrx_word' id='word_1_557' title='bbox 927 4162 981 4230; x_wconf 79' lang='lat' dir='ltr'>alio</span> <span class='ocrx_word' id='word_1_558' title='bbox 999 4175 1131 4245; x_wconf 88' lang='lat' dir='ltr'>capiatur,</span> <span class='ocrx_word' id='word_1_559' title='bbox 1149 4175 1237 4245; x_wconf 90' lang='lat' dir='ltr'>ipsius</span> <span class='ocrx_word' id='word_1_560' title='bbox 1254 4173 1294 4230; x_wconf 88' lang='lat' dir='ltr'>fit.</span> <span class='ocrx_word' id='word_1_561' title='bbox 1321 4174 1371 4232; x_wconf 92' lang='lat' dir='ltr'>sed</span> <span class='ocrx_word' id='word_1_562' title='bbox 1389 4179 1470 4245; x_wconf 88' lang='lat' dir='ltr'>putat</span> <span class='ocrx_word' id='word_1_563' title='bbox 1482 4190 1531 4247; x_wconf 93' lang='lat' dir='ltr'>po-</span> 
     </span>
    </p>
   </div>
   <div class='ocr_carea' id='block_1_3' title="bbox 44 4283 287 4359">
    <p class='ocr_par' dir='ltr' id='par_1_5' title="bbox 44 4283 287 4359">
     <span class='ocr_line' id='line_1_45' title="bbox 44 4283 287 4359; baseline -0.021 -17"><span class='ocrx_word' id='word_1_564' title='bbox 44 4283 287 4359; x_wconf 59' lang='lat' dir='ltr'>zrxrrroo)</span> 
     </span>
    </p>
   </div>
   <div class='ocr_carea' id='block_1_4' title="bbox 45 4418 1530 4564">
    <p class='ocr_par' dir='ltr' id='par_1_6' title="bbox 45 4418 1530 4564">
     <span class='ocr_line' id='line_1_46' title="bbox 45 4418 1530 4494; baseline -0.005 -12"><span class='ocrx_word' id='word_1_565' title='bbox 45 4418 226 4484; x_wconf 58' lang='lat' dir='ltr'>1homiui</span> <span class='ocrx_word' id='word_1_566' title='bbox 244 4423 393 4478; x_wconf 81' lang='lat' dir='ltr'>cessisset?</span> <span class='ocrx_word' id='word_1_567' title='bbox 458 4423 590 4491; x_wconf 68' lang='lat' dir='ltr'>ltanren]</span> <span class='ocrx_word' id='word_1_568' title='bbox 604 4422 679 4477; x_wconf 84' lang='lat' dir='ltr'>iam?</span> <span class='ocrx_word' id='word_1_569' title='bbox 748 4423 810 4476; x_wconf 67' lang='lat' dir='ltr'>³ut</span> <span class='ocrx_word' id='word_1_570' title='bbox 827 4421 887 4477; x_wconf 90' lang='lat' dir='ltr'>siue</span> <span class='ocrx_word' id='word_1_571' title='bbox 906 4422 987 4478; x_wconf 87' lang='lat' dir='ltr'>alieni</span> <span class='ocrx_word' id='word_1_572' title='bbox 1004 4422 1064 4477; x_wconf 92' lang='lat' dir='ltr'>siue</span> <span class='ocrx_word' id='word_1_573' title='bbox 1082 4421 1204 4492; x_wconf 84' lang='lat' dir='ltr'>proprii?</span> <span class='ocrx_word' id='word_1_574' title='bbox 1268 4422 1439 4494; x_wconf 70' lang='lat' dir='ltr'>‘requiritur</span> <span class='ocrx_word' id='word_1_575' title='bbox 1457 4421 1530 4492; x_wconf 84' lang='lat' dir='ltr'>cogi·</span> 
     </span>
     <span class='ocr_line' id='line_1_47' title="bbox 50 4491 818 4564; baseline -0.009 -10"><span class='ocrx_word' id='word_1_576' title='bbox 50 4497 168 4558; x_wconf 67' lang='lat' dir='ltr'>hbet</span> <span class='ocrx_word' id='word_1_577' title='bbox 187 4495 304 4564; x_wconf 76' lang='lat' dir='ltr'>Mutilus,</span> <span class='ocrx_word' id='word_1_578' title='bbox 323 4509 414 4550; x_wconf 85' lang='lat' dir='ltr'>annon</span> <span class='ocrx_word' id='word_1_579' title='bbox 431 4496 585 4549; x_wconf 75' lang='lat' dir='ltr'>estsimilis</span> <span class='ocrx_word' id='word_1_580' title='bbox 655 4495 667 4529; x_wconf 77' lang='lat'>⁵</span> <span class='ocrx_word' id='word_1_581' title='bbox 685 4491 818 4549; x_wconf 79' lang='lat' dir='ltr'>abstulit?</span> 
     </span>
    </p>
   </div>
   <div class='ocr_carea' id='block_1_5' title="bbox 52 4630 1557 5129">
    <p class='ocr_par' dir='ltr' id='par_1_7' title="bbox 52 4630 1557 5129">
     <span class='ocr_line' id='line_1_48' title="bbox 52 4630 1529 4739; baseline -0.003 -48"><span class='ocrx_word' id='word_1_582' title='bbox 52 4633 259 4696; x_wconf 54' lang='lat' dir='ltr'>zeme&#39;s&#39;r&#39;t</span> <span class='ocrx_word' id='word_1_583' title='bbox 299 4634 537 4689; x_wconf 73' lang='lat' dir='ltr'>taduidisseF‘</span> <span class='ocrx_word' id='word_1_584' title='bbox 579 4633 786 4739; x_wconf 60' lang='lat' dir='ltr'>lislluuioulFl</span> <span class='ocrx_word' id='word_1_585' title='bbox 838 4635 947 4690; x_wconf 84' lang='lat' dir='ltr'>tusF‘:</span> <span class='ocrx_word' id='word_1_586' title='bbox 966 4634 1064 4694; x_wconf 60' lang='lat' dir='ltr'>tortos</span> <span class='ocrx_word' id='word_1_587' title='bbox 1082 4633 1114 4694; x_wconf 82' lang='grc' dir='ltr'>οῨ</span> <span class='ocrx_word' id='word_1_588' title='bbox 1132 4631 1184 4698; x_wconf 60' lang='grc' dir='ltr'>ἐγὼ</span> <span class='ocrx_word' id='word_1_589' title='bbox 1203 4631 1252 4686; x_wconf 76' lang='lat' dir='ltr'>ritu</span> <span class='ocrx_word' id='word_1_590' title='bbox 1271 4632 1366 4704; x_wconf 72' lang='grc' dir='ltr'>χρΐιιιιι,</span> <span class='ocrx_word' id='word_1_591' title='bbox 1387 4631 1417 4694; x_wconf 62' lang='lat' dir='ltr'>ci</span> <span class='ocrx_word' id='word_1_592' title='bbox 1433 4630 1463 4684; x_wconf 79' lang='lat' dir='ltr'>t&#39;e</span> <span class='ocrx_word' id='word_1_593' title='bbox 1481 4631 1529 4686; x_wconf 83' lang='lat' dir='ltr'>rr&#39;rs</span> 
     </span>
     <span class='ocr_line' id='line_1_49' title="bbox 60 4703 1530 4776; baseline -0.006 -10"><span class='ocrx_word' id='word_1_594' title='bbox 60 4707 189 4766; x_wconf 67' lang='lat' dir='ltr'>at&#39;ti&#39;tti</span> <span class='ocrx_word' id='word_1_595' title='bbox 210 4705 246 4758; x_wconf 69' lang='grc' dir='ltr'><strong><em>Ρ</em></strong></span> <span class='ocrx_word' id='word_1_596' title='bbox 292 4707 325 4760; x_wconf 90' lang='grc'>11</span> <span class='ocrx_word' id='word_1_597' title='bbox 344 4704 493 4775; x_wconf 81' lang='lat' dir='ltr'>eiqueb&#39;is</span> <span class='ocrx_word' id='word_1_598' title='bbox 515 4705 548 4758; x_wconf 65' lang='lat' dir='ltr'>F*</span> <span class='ocrx_word' id='word_1_599' title='bbox 598 4705 632 4760; x_wconf 79' lang='lat'>14</span> <span class='ocrx_word' id='word_1_600' title='bbox 650 4704 771 4760; x_wconf 83' lang='lat' dir='ltr'>esse‘t&#39;F</span> <span class='ocrx_word' id='word_1_601' title='bbox 839 4705 991 4760; x_wconf 75' lang='lat' dir='ltr'>becuorslaa</span> <span class='ocrx_word' id='word_1_602' title='bbox 1015 4704 1083 4774; x_wconf 69' lang='grc' dir='ltr'>ἔχεις</span> <span class='ocrx_word' id='word_1_603' title='bbox 1106 4703 1147 4757; x_wconf 88' lang='lat' dir='ltr'>B:</span> <span class='ocrx_word' id='word_1_604' title='bbox 1170 4705 1265 4759; x_wconf 73' lang='lat' dir='ltr'>eccidit</span> <span class='ocrx_word' id='word_1_605' title='bbox 1277 4705 1396 4776; x_wconf 82' lang='lat' dir='ltr'>sortasse</span> <span class='ocrx_word' id='word_1_606' title='bbox 1419 4703 1530 4757; x_wconf 71' lang='lat' dir='ltr'>alterius</span> 
     </span>
     <span class='ocr_line' id='line_1_50' title="bbox 63 4773 1529 4846; baseline -0.005 -10"><span class='ocrx_word' id='word_1_607' title='bbox 63 4780 119 4836; x_wconf 81' lang='lat'>15</span> <span class='ocrx_word' id='word_1_608' title='bbox 133 4777 207 4832; x_wconf 85' lang='lat' dir='ltr'>‘lr&#39;ac</span> <span class='ocrx_word' id='word_1_609' title='bbox 227 4777 264 4829; x_wconf 71' lang='grc' dir='ltr'><strong><em>Ρ</em></strong></span> <span class='ocrx_word' id='word_1_610' title='bbox 318 4778 351 4830; x_wconf 81' lang='grc'>17</span> <span class='ocrx_word' id='word_1_611' title='bbox 371 4775 445 4830; x_wconf 90' lang='lat' dir='ltr'>modi</span> <span class='ocrx_word' id='word_1_612' title='bbox 463 4777 500 4829; x_wconf 68' lang='lat' dir='ltr'>p.</span> <span class='ocrx_word' id='word_1_613' title='bbox 557 4777 593 4830; x_wconf 79' lang='lat'>20</span> <span class='ocrx_word' id='word_1_614' title='bbox 611 4776 712 4830; x_wconf 90' lang='lat' dir='ltr'>ciuium</span> <span class='ocrx_word' id='word_1_615' title='bbox 731 4791 785 4830; x_wconf 91' lang='lat' dir='ltr'>non</span> <span class='ocrx_word' id='word_1_616' title='bbox 838 4776 992 4846; x_wconf 86' lang='lat' dir='ltr'>proprietas</span> <span class='ocrx_word' id='word_1_617' title='bbox 1048 4775 1083 4828; x_wconf 78' lang='lat'>29</span> <span class='ocrx_word' id='word_1_618' title='bbox 1100 4775 1229 4843; x_wconf 87' lang='lat' dir='ltr'>pretium]</span> <span class='ocrx_word' id='word_1_619' title='bbox 1247 4773 1390 4844; x_wconf 86' lang='lat' dir='ltr'>praedium</span> <span class='ocrx_word' id='word_1_620' title='bbox 1409 4773 1445 4826; x_wconf 83' lang='lat' dir='ltr'>F²</span> <span class='ocrx_word' id='word_1_621' title='bbox 1467 4775 1471 4838; x_wconf 96' lang='grc' dir='ltr'>Ι</span> <span class='ocrx_word' id='word_1_622' title='bbox 1491 4774 1529 4842; x_wconf 88' lang='lat' dir='ltr'>in]</span> 
     </span>
     <span class='ocr_line' id='line_1_51' title="bbox 72 4843 1530 4918; baseline -0.003 -16"><span class='ocrx_word' id='word_1_623' title='bbox 72 4849 162 4918; x_wconf 64' lang='lat' dir='ltr'>use]</span> <span class='ocrx_word' id='word_1_624' title='bbox 177 4847 243 4909; x_wconf 80' lang='grc' dir='ltr'>οῩτε</span> <span class='ocrx_word' id='word_1_625' title='bbox 258 4847 306 4908; x_wconf 84' lang='grc' dir='ltr'>τοῨ</span> <span class='ocrx_word' id='word_1_626' title='bbox 319 4845 373 4902; x_wconf 79' lang='grc' dir='ltr'>κιθ’</span> <span class='ocrx_word' id='word_1_627' title='bbox 387 4845 497 4906; x_wconf 60' lang='lat' dir='ltr'>tractos</span> <span class='ocrx_word' id='word_1_628' title='bbox 510 4847 573 4901; x_wconf 78' lang='lat' dir='ltr'>elota</span> <span class='ocrx_word' id='word_1_629' title='bbox 586 4847 709 4908; x_wconf 79' lang='grc' dir='ltr'>οῩτετοῨ</span> <span class='ocrx_word' id='word_1_630' title='bbox 722 4844 785 4900; x_wconf 69' lang='lat' dir='ltr'>dua·</span> <span class='ocrx_word' id='word_1_631' title='bbox 838 4847 874 4902; x_wconf 88' lang='lat' dir='ltr'>im</span> <span class='ocrx_word' id='word_1_632' title='bbox 895 4849 919 4900; x_wconf 84' lang='lat' dir='ltr'><em>F</em></span> <span class='ocrx_word' id='word_1_633' title='bbox 930 4849 935 4914; x_wconf 86' lang='grc' dir='ltr'>Ι</span> <span class='ocrx_word' id='word_1_634' title='bbox 955 4843 1181 4914; x_wconf 73' lang='lat' dir='ltr'>propraetorem</span> <span class='ocrx_word' id='word_1_635' title='bbox 1201 4845 1239 4898; x_wconf 74' lang='lat' dir='ltr'>F’</span> <span class='ocrx_word' id='word_1_636' title='bbox 1295 4847 1328 4900; x_wconf 83' lang='lat'>31</span> <span class='ocrx_word' id='word_1_637' title='bbox 1347 4843 1530 4914; x_wconf 85' lang='lat' dir='ltr'>propri&#39;a&#39;eta·</span> 
     </span>
     <span class='ocr_line' id='line_1_52' title="bbox 72 4913 1557 4987; baseline -0.005 -13"><span class='ocrx_word' id='word_1_638' title='bbox 72 4919 244 4976; x_wconf 73' lang='grc' dir='ltr'>τεθεικότοι</span> <span class='ocrx_word' id='word_1_639' title='bbox 257 4917 284 4972; x_wconf 85' lang='grc' dir='ltr'><em>Β</em></span> <span class='ocrx_word' id='word_1_640' title='bbox 337 4920 369 4973; x_wconf 75' lang='grc'>21</span> <span class='ocrx_word' id='word_1_641' title='bbox 384 4917 514 4987; x_wconf 76' lang='lat' dir='ltr'>pegasus]</span> <span class='ocrx_word' id='word_1_642' title='bbox 527 4932 648 4987; x_wconf 80' lang='lat' dir='ltr'>pegasus</span> <span class='ocrx_word' id='word_1_643' title='bbox 660 4918 737 4972; x_wconf 88' lang='lat' dir='ltr'>aiunt</span> <span class='ocrx_word' id='word_1_644' title='bbox 750 4917 786 4970; x_wconf 69' lang='grc' dir='ltr'>Ρ</span> <span class='ocrx_word' id='word_1_645' title='bbox 838 4920 908 4974; x_wconf 90' lang='lat' dir='ltr'>rium</span> <span class='ocrx_word' id='word_1_646' title='bbox 928 4917 964 4969; x_wconf 64' lang='grc' dir='ltr'><strong><em>Ρ</em></strong></span> <span class='ocrx_word' id='word_1_647' title='bbox 984 4917 989 4981; x_wconf 87' lang='lat' dir='ltr'>l</span> <span class='ocrx_word' id='word_1_648' title='bbox 1009 4915 1215 4985; x_wconf 83' lang='lat' dir='ltr'>propri‘a&#39;etarii</span> <span class='ocrx_word' id='word_1_649' title='bbox 1233 4915 1268 4968; x_wconf 77' lang='lat' dir='ltr'>F’</span> <span class='ocrx_word' id='word_1_650' title='bbox 1326 4916 1361 4969; x_wconf 86' lang='grc'>36</span> <span class='ocrx_word' id='word_1_651' title='bbox 1384 4913 1475 4969; x_wconf 86' lang='lat' dir='ltr'>factus</span> <span class='ocrx_word' id='word_1_652' title='bbox 1494 4914 1557 4966; x_wconf 55' lang='lat' dir='ltr'>F¹=</span> 
     </span>
     <span class='ocr_line' id='line_1_53' title="bbox 74 4984 1535 5060; baseline -0.006 -14"><span class='ocrx_word' id='word_1_653' title='bbox 74 4989 121 5046; x_wconf 73' lang='lat'>‘23</span> <span class='ocrx_word' id='word_1_654' title='bbox 141 4991 286 5060; x_wconf 86' lang='lat' dir='ltr'>petentem</span> <span class='ocrx_word' id='word_1_655' title='bbox 305 4989 466 5058; x_wconf 81' lang='lat' dir='ltr'>exceptione</span> <span class='ocrx_word' id='word_1_656' title='bbox 484 4993 513 5043; x_wconf 92' lang='lat' dir='ltr'>et</span> <span class='ocrx_word' id='word_1_657' title='bbox 528 4989 634 5048; x_wconf 87' lang='lat' dir='ltr'>sctione</span> <span class='ocrx_word' id='word_1_658' title='bbox 653 4987 786 5044; x_wconf 87' lang='lat' dir='ltr'>aduersus</span> <span class='ocrx_word' id='word_1_659' title='bbox 839 4990 873 5044; x_wconf 80' lang='grc'>37</span> <span class='ocrx_word' id='word_1_660' title='bbox 891 4985 1036 5042; x_wconf 78' lang='lat' dir='ltr'>uenandi‘i&#39;</span> <span class='ocrx_word' id='word_1_661' title='bbox 1049 4987 1078 5041; x_wconf 89' lang='lat' dir='ltr'>id</span> <span class='ocrx_word' id='word_1_662' title='bbox 1094 4987 1128 5040; x_wconf 79' lang='lat' dir='ltr'>F’</span> <span class='ocrx_word' id='word_1_663' title='bbox 1174 4988 1210 5042; x_wconf 83' lang='lat'>40</span> <span class='ocrx_word' id='word_1_664' title='bbox 1228 4985 1361 5054; x_wconf 81' lang='lat' dir='ltr'>nostrum}</span> <span class='ocrx_word' id='word_1_665' title='bbox 1375 4988 1496 5040; x_wconf 88' lang='lat' dir='ltr'>nostram</span> <span class='ocrx_word' id='word_1_666' title='bbox 1509 4984 1535 5037; x_wconf 79' lang='lat' dir='ltr'><em>F</em></span> 
     </span>
     <span class='ocr_line' id='line_1_54' title="bbox 86 5054 1528 5129; baseline -0.003 -15"><span class='ocrx_word' id='word_1_667' title='bbox 86 5078 138 5114; x_wconf 79' lang='lat' dir='ltr'>ora.</span> <span class='ocrx_word' id='word_1_668' title='bbox 147 5061 195 5126; x_wconf 56' lang='grc' dir='ltr'>ΡΙ,</span> <span class='ocrx_word' id='word_1_669' title='bbox 205 5061 341 5114; x_wconf 70' lang='lat' dir='ltr'>aeuus</span> <span class='ocrx_word' id='word_1_670' title='bbox 368 5061 403 5116; x_wconf 80' lang='lat'>28</span> <span class='ocrx_word' id='word_1_671' title='bbox 413 5057 603 5129; x_wconf 82' lang='lat' dir='ltr'>ususfructus]</span> <span class='ocrx_word' id='word_1_672' title='bbox 616 5062 786 5114; x_wconf 87' lang='lat' dir='ltr'>ususcstrno·</span> <span class='ocrx_word' id='word_1_673' title='bbox 838 5060 873 5116; x_wconf 84' lang='lat'>41</span> <span class='ocrx_word' id='word_1_674' title='bbox 886 5057 1034 5128; x_wconf 74' lang='lat' dir='ltr'>uanmulit]</span> <span class='ocrx_word' id='word_1_675' title='bbox 1044 5057 1103 5124; x_wconf 85' lang='lat' dir='ltr'>FX,</span> <span class='ocrx_word' id='word_1_676' title='bbox 1115 5057 1226 5113; x_wconf 89' lang='lat' dir='ltr'>sustulit</span> <span class='ocrx_word' id='word_1_677' title='bbox 1237 5055 1325 5120; x_wconf 79' lang='lat' dir='ltr'>YMO,</span> <span class='ocrx_word' id='word_1_678' title='bbox 1337 5054 1528 5112; x_wconf 86' lang='lat' dir='ltr'>substuleritO</span> 
     </span>
    </p>
   </div>
   <div class='ocr_carea' id='block_1_6' title="bbox 251 5145 1317 5199">
    <p class='ocr_par' dir='ltr' id='par_1_8' title="bbox 251 5145 1317 5199">
     <span class='ocr_line' id='line_1_55' title="bbox 251 5145 1317 5199; baseline 0.005 -5"><span class='ocrx_word' id='word_1_679' title='bbox 251 5147 280 5194; x_wconf 86' lang='lat'>11.</span> <span class='ocrx_word' id='word_1_680' title='bbox 1282 5145 1317 5199; x_wconf 76' lang='lat'>32</span> 
     </span>
    </p>
   </div>
   <div class='ocr_carea' id='block_1_7' title="bbox 13 5303 247 5452">
    <p class='ocr_par' dir='ltr' id='par_1_9' title="bbox 13 5303 247 5452">
     <span class='ocr_line' id='line_1_56' title="bbox 13 5303 247 5452; baseline -0.004 0"><span class='ocrx_word' id='word_1_681' title='bbox 13 5339 138 5452; x_wconf 71' lang='lat' dir='ltr'>nm...</span> <span class='ocrx_word' id='word_1_682' title='bbox 244 5303 247 5310; x_wconf 82' lang='grc'><strong>’</strong></span> 
     </span>
    </p>
   </div>
   <div class='ocr_carea' id='block_1_8' title="bbox 0 0 1827 5460">
    <p class='ocr_par' dir='ltr' id='par_1_10' title="bbox 0 0 1827 5460">
     <span class='ocr_line' id='line_1_57' title="bbox 0 0 1827 5460; baseline 0 0"><span class='ocrx_word' id='word_1_683' title='bbox 0 0 1827 5460; x_wconf 95' lang='lat' dir='ltr'> </span> 
     </span>
    </p>
   </div>
  </div>
 </body>
</html>
