3600 5460
291 217 470 284 XXXVIIII
491 217 512 282 5
532 223 567 278 83
587 253 619 263 -
640 219 695 282 61
963 212 1053 290 414
1403 237 1449 283 oa
1472 236 1727 284 communimus

229 375 367 444 ueniam
391 375 420 430 in
441 373 484 429 his
508 374 657 444 quaeum.
692 373 785 428 ilutne
808 377 838 427 et
856 371 958 428 surdos
980 371 1084 428 dooere
1105 386 1160 427 nou
1182 371 1368 441 prohihentur.
1405 372 1449 443 Si,
1473 389 1538 430 enm
1557 375 1666 429 PrImus
1682 373 1729 430 tibi

292 462 395 519 donare
413 463 498 518 uellet
519 468 548 517 et
570 468 601 517 tu
619 461 739 518 docendi
757 459 885 517 Secundo
910 461 1079 516 uoluntatem
1101 459 1230 530 haberes,
1252 461 1361 518 Primus
1377 461 1507 518 Secundo
1532 478 1570 518 ex
1591 463 1729 518 noluutste

292 557 341 606 tua
358 551 500 620 stipulanti
518 551 682 620 promiserit,
701 549 841 620 perficitur
852 549 964 606 donatIo
976 556 1013 616 et,
1032 550 1098 620 quia
1111 549 1178 604 nibil
1187 550 1296 606 Primus
1308 550 1445 620 Secundo,
1463 569 1482 606 a
1493 567 1550 622 quo
1562 553 1729 620 counenibrr,

292 639 420 709 donauit,
439 643 482 695 et¹
502 639 613 708 quidem
632 641 660 694 in
678 639 812 709 solidum,
829 655 883 696 non
901 639 929 694 io
947 638 976 694 id
993 638 1068 708 quod
1085 637 1176 694 iacere
1193 643 1287 708 potest
1303 639 1510 704 condemnatur.
1539 641 1627 711 idque
1644 646 1729 696 custo·

292 727 366 783 ditur
383 733 413 783 et
430 729 454 783 si
471 727 618 798 delegante
635 743 678 798 eo,
696 727 744 798 qui
762 727 937 784 donatiouem
956 733 1016 782 erat
1029 733 1201 798 accepturus,
1219 727 1347 783 creditori
1358 729 1418 784 eius
1431 729 1551 785 donator
1561 729 1757 800 promiserint

292 821 321 872 et
338 817 391 872 boo
408 817 480 872 enlm
499 832 566 872 omn
584 817 704 872 creditor
719 832 801 872 snum
818 817 960 886 negotium
978 816 1059 886 gerit.
1177 839 1185 850 =

235 902 274 960 34
345 906 465 961 Pincus
487 904 556 960 libro
577 905 674 976 quinto
696 905 906 968 sententiarum.
940 904 970 960 Si
987 909 1067 975 pater
1090 904 1255 976 emancipati
1279 903 1327 960 lilii
1345 905 1452 962 nomine
1470 905 1555 961 dona·
1573 901 1729 989 Μ
1745 911 1786 987 li

292 994 374 1049 tionIs
392 994 484 1049 animo
501 993 647 1064 pecuniam
665 992 818 1050 leeuersuit
835 1009 952 1064 eamque
970 992 1043 1049 filins
1061 993 1209 1063 stipulatus
1228 998 1283 1062 eet,
1306 993 1366 1064 ipso
1389 994 1447 1048 iure
1470 992 1626 1063 perfectam
1650 996 1729 1050 dous·

260 1089 272 1135 t
291 1081 395 1138 tionem
413 1081 517 1151 ambigi
534 1098 589 1138 non
606 1086 707 1151 potest.
745 1081 775 1138 Si
792 1083 854 1152 quis
872 1083 990 1153 aliquem
1009 1098 1027 1138 a
1043 1083 1203 1138 lenunculi·
1227 1082 1271 1136 nei
1294 1081 1419 1138 hostibus
1437 1083 1538 1152 eripuit
1556 1079 1729 1166 [Q

292 1175 321 1226 et
339 1169 442 1241 uliquid
460 1185 509 1240 pro
528 1185 561 1227 eo
580 1170 694 1241 abipso
712 1171 838 1241 seeipiat,
856 1171 924 1228 hoec
936 1171 1049 1228 deuotio
1061 1169 1252 1226 iurenocabilis
1264 1174 1320 1225 est:
1338 1186 1392 1226 non
1405 1185 1511 1226 merces
1523 1172 1620 1228 eximii
1632 1171 1755 1226 laboris'l
1785 1203 1786 1206 =

292 1259 457 1330 appellanda
473 1265 525 1329 est,
543 1259 617 1330 quod
634 1259 865 1329 contemplatione
883 1261 980 1316 salotIs
998 1265 1073 1316 certo
1092 1259 1174 1315 modo
1192 1259 1331 1314 aestimuri
1349 1275 1403 1314 nou
1421 1260 1551 1330 placuit².

236 1343 275 1404 35
345 1348 504 1405 &sunone
521 1347 591 1404 libro
609 1348 769 1418 trigsnsimo
787 1347 875 1418 primo
893 1349 1072 1419 digestorum.
1101 1346 1330 1417 insumerem
1349 1349 1555 1417 manumlserst,
1571 1344 1728 1432 [Q
1744 1365 1786 1403 ε

293 1439 437 1508 epistulam
456 1437 531 1492 misit
548 1437 575 1491 ln
593 1435 662 1492 been
679 1436 778 1492 uerba:
797 1437 894 1492 'Titius
912 1436 1006 1494 Stiobo
1028 1436 1126 1492 liberto
1150 1451 1201 1492 suo
1225 1437 1351 1492 salutem.
1377 1452 1440 1492 uum
1464 1441 1492 1492 te
1516 1438 1728 1506 manumissum,

292 1527 436 1596 'pecubm
455 1539 564 1596 qnoque
582 1531 660 1580 tuum
678 1540 774 1595 omne,
797 1526 930 1596 quidquid
947 1525 1033 1582 hebes
1055 1530 1111 1581 tam
1135 1525 1163 1580 in
1186 1524 1342 1580 nominibus
1365 1541 1451 1594 qnam.
1469 1525 1498 1580 in
1516 1525 1603 1582 rebus
1621 1539 1728 1582 mouen-

292 1613 375 1670 ‘tibus
393 1615 453 1670 siue
471 1615 500 1669 in
517 1619 670 1683 numerato,
687 1629 732 1669 me
750 1613 800 1670 tibi
819 1615 970 1672 concedere
988 1614 1040 1670 bae
1055 1614 1175 1684 epistula
1186 1629 1269 1669 manu
1281 1628 1344 1669 mes
1355 1615 1458 1684 scripta
1469 1619 1565 1670 notum
1579 1614 1632 1670 tibi
1643 1613 1727 1670 iacio'.
1745 1623 1786 1662 ι

182 1767 185 1772 ,
292 1703 410 1759 eundem
428 1701 556 1758 libertum
574 1706 740 1758 testamento
758 1719 793 1758 ex
810 1702 893 1759 besse
911 1703 1021 1774 scripsit
1037 1701 1175 1772 herodem,
1194 1701 1384 1772 Sempronium
1403 1717 1438 1758 ex
1451 1704 1565 1758 triente:
1584 1718 1637 1758 nee
1650 1719 1727 1773 pecu·

291 1792 358 1848 Ilnm
377 1791 478 1868 StInbo
494 1791 599 1860 legauit
622 1805 674 1846 noc
698 1792 821 1847 annones
839 1793 972 1861 praestari
991 1793 1079 1848 iussit.
1106 1791 1269 1861 quaesituro¹
1281 1795 1336 1860 cst,
1360 1795 1450 1846 utrum
1474 1791 1503 1846 in
1524 1807 1619 1848 assem
1637 1791 1727 1848 Stiobo

292 1881 365 1936 actio
383 1880 464 1936 detur
481 1879 630 1934 eorundem
649 1880 800 1949 uomicam,
817 1894 890 1950 qnae
907 1881 934 1934 iu
952 1881 1060 1949 peculio
1078 1879 1182 1949 babuit,
1201 1895 1237 1934 an
1254 1879 1377 1948 utrisque
1395 1877 1542 1936 heredibus
1559 1895 1612 1950 pro
1630 1881 1728 1950 portio·

291 1967 374 2024 uibus
392 1967 572 2024 hereditoriis
599 1968 741 2038 respoudit
758 1969 910 2024 secuudum
928 1984 1051 2038 eaquae
1068 1973 1286 2040 proponerentur
1309 1967 1432 2036 utrisque
1450 1967 1599 2024 heredibus
1618 1985 1667 2040 pro
1684 1969 1727 2024 bo·

260 2063 273 2110 1
291 2057 428 2114 rediturils
445 2055 617 2127 portionibus
635 2062 799 2129 competere
835 2057 938 2112 Lucius
956 2058 1047 2114 Titius
1064 2057 1178 2113 tondum
1197 2057 1323 2112 Maeuiae
1340 2055 1457 2112 donauit
1477 2061 1506 2111 et
1524 2063 1590 2112 ante
1607 2057 1728 2112 traditio-
1758 2065 1786 2104 ³

291 2146 373 2200 rrernn
385 2145 504 2202 eundem
522 2143 636 2200 tondum
655 2151 719 2215 post
735 2146 796 2202 dies
813 2161 916 2216 paucos
929 2145 993 2202 Seio
1004 2146 1112 2218 pIguori
1123 2145 1258 2214 obligauit
1274 2148 1303 2199 et
1314 2145 1385 2200 iutra
1396 2145 1456 2200 dies
1468 2147 1584 2216 triginta
1595 2147 1726 2202 liseuiam

291 2235 320 2290 in
337 2249 455 2290 uacuam
473 2234 675 2304 possessionem
694 2233 817 2290 eiusdem
835 2233 912 2290 tundi
931 2235 1050 2292 induxit:
1069 2249 1180 2306 quaero,
1198 2249 1236 2290 sn
1253 2233 1364 2290 donatio
1382 2231 1562 2304 pertenuem
1589 2234 1727 2304 respondit

292 2322 443 2378 secundnm
461 2337 496 2378 sa
513 2337 584 2392 qnos
601 2327 819 2392 proponerentur
841 2321 1005 2392 perlectum:
1029 2339 1135 2379 nerum¹
1149 2322 1312 2380 creditorem
1334 2321 1454 2394 ilrlmam
1477 2323 1603 2394 pignoris
1626 2324 1725 2394 obliga·
1770 2325 1786 2368 i

259 2417 274 2464 t
291 2412 394 2467 tionem
413 2409 523 2466 babere.
553 2411 627 2466 Auia
644 2410 696 2466 sub
715 2412 824 2468 uomiue
836 2411 973 2468 Labeonis
991 2413 1101 2482 nepotis
1117 2413 1160 2468 ani
1178 2417 1301 2468 mutuam
1320 2413 1465 2481 pecuniam
1483 2412 1570 2482 dedit,
1589 2419 1619 2468 ct
1632 2427 1725 2468 usurus

291 2515 401 2570 semper
418 2500 492 2570 cepit
508 2503 539 2556 et
554 2500 738 2556 iustrumenta
753 2499 909 2557 debltorum
927 2499 1085 2557 aLabeone
1103 2501 1215 2572 recepit,
1233 2515 1304 2570 qoee
1321 2501 1350 2556 iu
1367 2500 1521 2556 hereditate
1539 2502 1601 2557 eius
1618 2502 1725 2557 iuuenta

291 2594 369 2646 suut:
387 2603 499 2659 quwro,
517 2604 553 2643 an
571 2587 682 2644 donam
699 2587 823 2658 perlecto
839 2603 902 2646 esse
920 2589 1055 2646 uideatur.
1082 2590 1233 2660 respondit,
1251 2605 1314 2646 cnm
1331 2588 1440 2646 debitor
1450 2589 1575 2646 Labeoni
1592 2589 1725 2661 obligetur

291 2681 343 2748 est,
361 2675 512 2748 perlectam
531 2675 706 2732 donatorem
723 2691 794 2734 esse.
1291 2719 1292 2724 η
1445 2717 1447 2722 -

316 2939 356 3034 It
394 2938 459 3014 DE
487 2937 662 3014 MORTIS
690 2936 847 3016 CAUSA
873 2805 1227 3018 DONXIIONIBUS
1254 2939 1316 3016 ET
1346 2940 1627 3018 CAPIONIBUS
1667 2941 1703 3018 Ii

255 3097 271 3154 1
344 3094 517 3150 desertans
533 3093 602 3150 libro
621 3110 693 3150 nono
711 3095 922 3152 institutionum.
957 3097 1052 3152 liortie
1074 3113 1158 3152 cansa
1175 3096 1287 3153 donatio
1305 3101 1358 3168 cet,
1377 3089 1725 3180 [nn‘iffiiffi

234 3217 238 3226 ·
291 3198 354 3240 cum
373 3183 434 3254 qnia
452 3181 553 3239 babere
572 3199 602 3238 se
620 3184 681 3240 uult
698 3199 780 3255 quam
799 3199 862 3240 eum
887 3185 931 3240 cui
955 3185 1040 3242 donat
1063 3185 1206 3256 magisque
1229 3201 1292 3242 enm
1316 3186 1361 3242 eni
1384 3186 1470 3242 donst
1492 3202 1578 3258 quam
1602 3185 1786 3242 heredem-

258 3281 271 3325 1
290 3287 380 3330 suurn.
417 3271 463 3328 Sic
480 3275 509 3330 et
527 3271 601 3344 apud
619 3273 768 3330 Homerum
786 3273 968 3330 Telemachus
986 3274 1072 3332 donat
1088 3274 1211 3330 Plreeoi.

289 3369 534 3442 rmrzonoc)

291 3503 300 3538 ¹
320 3501 357 3572 et]
376 3501 423 3557 el‘?
493 3501 505 3538 ¹
524 3503 571 3570 iii,
590 3503 636 3572 qni
656 3504 773 3572 aliquem
793 3520 810 3559 a
827 3505 988 3560 latrunculis
1006 3505 1050 3560 nel
1068 3503 1194 3560 hostibus
1212 3503 1326 3574 eripuit,
1350 3505 1379 3559 in
1397 3501 1533 3558 Infinitum
1553 3504 1658 3560 donare
1675 3520 1723 3559 non

289 3573 450 3644 prohibetur
466 3573 502 3636 (si
519 3579 612 3630 tamen
630 3574 742 3630 donatio
760 3580 789 3630 et
805 3591 861 3632 uon
879 3591 984 3632 merces
1007 3577 1099 3632 enlmii
1121 3573 1223 3632 laboris
1246 3575 1411 3647 appellanda
1432 3577 1594 3701 camnis
1610 3581 1723 3632 contem-

336 3645 559 3702 concussistis
582 3650 658 3702 certo
681 3647 765 3702 modo
787 3649 926 3704 aestImeri
949 3664 1004 3704 nou
1027 3647 1131 3718 placuit
1154 3649 1252 3708 Paulae
1358 3648 1458 3707 ⁸,aute
1543 3647 1658 3703 itionem
1680 3648 1722 3702 del

312 3715 415 3792 *odyss
427 3717 469 3780 17,
481 3713 517 3770 78
527 3735 580 3790 equ
598 3715 709 3788 nopes,
729 3716 761 3780 οῩ
780 3717 825 3792 [tp
841 3719 918 3774 insen
938 3719 1013 3774 bomo
1031 3720 1100 3792 ἒςτιι
1119 3718 1182 3774 utne
1195 3719 1263 3789 ipse.
1283 3718 1306 3773 εἴ
1318 3739 1363 3774 ses
1376 3716 1424 3772 ἒιιὲ
1440 3718 1591 3790 nsacrrlpec
1602 3717 1722 3788 &sinopes

291 3847 524 3932 1qun⁴ertturF⁵
540 3849 545 3914 Ι
559 3847 746 3918 probibentur]
761 3851 914 3905 ffleomB:
926 3860 981 3906 tm·
1035 3855 1148 3923 lepernut
1168 3851 1271 3916 Graeci,
1288 3851 1612 3920 noncoutemplatiousm
1632 3880 1664 3892 -
1680 3847 1722 3918 cix

290 3916 638 3989 pnrsra1‚prchibcturF²
685 3922 981 3993 InomInc1minsp.
1035 3923 1157 3993 bpizoaes
1168 3922 1232 3991 ῥητῷ
1246 3922 1368 3976 ποιότητι
1381 3921 1429 3978 ubre
1442 3921 1546 3986 secede)
1557 3931 1647 3978 etcum
1657 3923 1721 3976 Pon·

289 4007 372 4044 uocuo
391 3991 479 4042 omF
526 3990 794 4059 ceetlxizlnoc,
813 3995 880 4047 etF
922 3994 981 4048 cei
1034 3994 1510 4064 lustoediclrsetpnodm'cdurster,
1528 4013 1580 4048 non
1592 3992 1721 4048 mercedem

289 4060 352 4129 qula
369 4061 432 4131 sem]
448 4068 586 4131 petatiuom
605 4065 783 4133 luciformem
796 4071 912 4118 amoenet
923 4065 980 4118 bre-
1035 4083 1094 4127 esee,
1112 4065 1158 4118 eesl
1174 4065 1335 4118 donatiouem
1348 4071 1416 4119 nerto
1434 4065 1511 4118 modo
1526 4083 1580 4117 nou
1592 4071 1721 4118 emtione·

289 4139 410 4194 utorium,
429 4140 502 4185 cuine
519 4135 697 4202 oonspllctores
721 4153 780 4188 nere
800 4135 900 4189 dedteee
917 4151 980 4189 con·
1035 4136 1107 4199 dom,
1133 4141 1184 4205 ipsi
1204 4136 1386 4190 sesbetttuernnt
1406 4135 1571 4188 donationem
1592 4136 1675 4190 uideri
1694 4131 1721 4186 eb

289 4202 504 4272 temptationem,
522 4221 573 4256 non
592 4203 821 4273 contemplatione
839 4207 919 4276 (quod
933 4207 980 4259 Iso·
1034 4213 1261 4266 remunerationem
1265 4207 1371 4280 socium
1385 4208 1429 4331 (Es.
1438 4205 1516 4260 schot.
1526 4207 1563 4258 od
1574 4206 1607 4259 B.
1615 4206 1650 4259 ti
1649 4243 1658 4270 ,
1667 4205 1690 4268 1,
1697 4203 1723 4270 6)

290 4274 348 4328 tent
366 4281 390 4327 et
407 4275 454 4328 alte·
470 4273 532 4326 lites·
543 4280 567 4326 et
578 4274 755 4340 Monaesum)
771 4277 886 4331 declarat
903 4277 981 4330 tutet·
1036 4278 1071 4331 10
1087 4291 1137 4345 pro
1147 4273 1214 4330 'b'eo
1224 4275 1261 4328 ps
1277 4279 1281 4343 Ι
1297 4275 1384 4332 neten
1414 4277 1508 4332 cestio
1519 4277 1557 4329 F²
1573 4279 1578 4343 1
1595 4289 1650 4331 unu
1660 4285 1723 4330 mer

288 4350 414 4414 peetutto:
436 4343 502 4411 quia
517 4344 599 4399 ‘nime
621 4345 772 4414 praemium
796 4347 870 4401 nulla
890 4351 983 4416 potest
1035 4347 1091 4416 eea]
1110 4349 1154 4410 Fi,
1173 4363 1236 4400 nom
1255 4361 1360 4403 merces
1373 4349 1417 4412 F’,
1436 4361 1542 4402 meroes
1562 4347 1635 4402 euim
1646 4345 1725 4402 XI'Z

289 4413 482 4469 aestimatione
498 4415 579 4483 pretii
595 4417 713 4484 pensari.
741 4417 883 4471 Iustiniani
898 4425 981 4471 netem
1035 4418 1124 4481 Moc,
1144 4433 1250 4474 merces
1264 4417 1303 4483 Q:
1321 4419 1558 4490 eflscprncdatt
1597 4418 1725 4488 inprime

281 4490 401 4560 formum
419 4487 488 4538 illum
498 4487 825 4555 perturbunerrasteoblotu
836 4489 982 4542 donottonis
1035 4507 1084 4542 om.
1097 4490 1132 4542 F¹
1187 4491 1221 4544 13
1239 4489 1357 4544 salutum
1377 4489 1414 4542 F·
1468 4490 1504 4543 20
1521 4487 1730 4559 complutensi*

281 4561 378 4628 finitae
392 4563 637 4621 commemoratione,
654 4565 684 4612 nt
697 4565 912 4629 queceepuuniur
929 4565 981 4612 lom
1035 4561 1069 4614 21
1096 4557 1221 4627 fundum]
1250 4560 1360 4615 modum
1389 4561 1424 4613 F¹
1446 4561 1451 4626 Ι
1470 4559 1545 4629 post}
1573 4565 1670 4630 posset
1692 4560 1727 4614 F·

289 4643 341 4679 uon
364 4625 475 4680 babeant
497 4645 547 4697 quo
568 4631 727 4700 reseruntur:
754 4631 823 4700 quod
845 4649 901 4683 cum
923 4629 981 4699 By·
1035 4631 1108 4686 cest
1120 4629 1281 4700 capionibua
1289 4649 1340 4685 om.
1349 4632 1401 4686 ind.
1411 4632 1437 4684 F
1440 4649 1484 4684 nec
1493 4637 1626 4685 nermrmst
1636 4631 1729 4686 timess

290 4703 371 4750 corriti
388 4704 505 4752 sutores
515 4704 671 4768 posteriores
685 4701 867 4763 intellectarum,
884 4719 915 4754 ee
926 4715 981 4755 non
1034 4703 1070 4756 30
1088 4702 1223 4756 marciane
1244 4703 1269 4754 F
1282 4704 1287 4770 Ι
1306 4709 1365 4772 poet
1387 4702 1594 4756 iustItutlcuttm
1613 4721 1678 4774 qnos
1695 4705 1728 4756 le·

280 4768 403 4837 fecerunt
419 4781 483 4821 uam
500 4772 631 4830 (nimirum
645 4769 684 4822 F’
700 4777 724 4824 et
741 4778 865 4840 interpres
881 4777 981 4824 certem
1032 4781 1129 4844 pamm
1143 4793 1170 4844 ρ.
1180 4775 1281 4836 cini:
1298 4773 1466 4828 inlisum
1480 4775 1497 4827 3
1510 4778 1589 4828 metu
1601 4773 1730 4828 conterrlt

288 4844 342 4892 stc:
362 4837 384 4891 ei
402 4836 448 4909 reip
466 4838 558 4894 arcebo
575 4837 644 4894 terra
664 4839 727 4911 Ῠιιὲρ
745 4841 793 4901 roi
805 4840 981 4903 eeaircvroi
1033 4851 1138 4913 scripsit
1149 4844 1194 4908 Ρ,
1212 4845 1259 4898 stet.
1271 4844 1307 4897 F‘
1354 4846 1396 4898 31-
1408 4858 1438 4899 sc
1451 4845 1511 4899 nnlt
1526 4845 1622 4913 quam]
1643 4846 1730 4914 mugit

290 4905 410 4976 ῥγωοθιι
430 4906 518 4973 stubs,
538 4909 613 4965 ὃιιωο
630 4911 805 4982 ιιροιὲχοκτεε
817 4913 856 4980 τῷ
869 4930 980 4979 neptem·
1034 4921 1082 4968 tue.
1101 4921 1159 4968 orte
1180 4929 1261 4985 quam
1280 4914 1427 4981 XYZQc,
1451 4923 1510 4970 ame
1532 4930 1565 4970 sc
1589 4917 1651 4971 uult
1674 4915 1729 4972 ilc

289 4978 364 5034 criasi
384 4978 431 5036 rba
449 4979 577 5052 ῥγοθὲιιτι
596 5012 628 5022 -
647 4989 733 5054 itaque
750 4983 980 5054 contemplatione
1033 4985 1069 5039 32
1086 4985 1174 5041 rltaco
1194 4988 1229 5040 F¹
1293 5037 1294 5040 ,
