3608 5460
82 133 253 184 ausoauso
750 110 836 191 613
1167 117 1331 186 XXXlllll
1351 67 1394 186 26
1412 127 1509 183 onie

47 281 63 327 a
80 279 205 345 tempore
222 289 240 329 a
257 288 288 330 so
305 272 428 343 precario
445 271 555 343 habere,
574 278 648 330 recte
665 273 834 344 interdicctl,
853 274 931 345 qussi
951 289 967 329 a
985 289 1016 330 se
1032 276 1156 344 precario
1174 275 1285 332 babeas.
1315 278 1386 332 Eum
1401 293 1510 348 quoque

79 365 205 434 precario
223 363 309 418 moeri
326 361 415 418 uoluit
431 369 554 433 praetor,
577 363 625 433 qui
643 363 706 419 dolo
723 361 803 433 iecit,
828 366 859 418 ut
877 361 977 418 habere
995 362 1140 419 desineret.
1169 364 1234 420 illud
1253 366 1411 436 adnotatur,
1435 368 1510 437 quod

79 453 190 523 culpem
213 467 268 508 nou
286 452 449 522 praestatis
467 452 514 522 qui
536 452 659 522 precario
682 451 802 522 rogauit,
827 451 877 508 sed
901 453 988 510 solum
1011 451 1103 508 dolum
1127 459 1262 524 praestat,
1287 471 1452 525 quamquam
1476 457 1509 526 is,

78 543 126 612 qoi
145 541 347 598 commodatum
366 542 500 612 suscepit,
524 557 578 598 uon
594 544 703 598 tautum
722 541 827 611 dolum,
851 541 901 596 sed
921 541 1004 596 etiam
1023 542 1129 612 culpam
1148 547 1278 612 praestat.
1307 545 1510 600 necimmerito

79 631 174 687 dolum
193 631 281 687 solum
298 635 421 701 praestat
444 639 466 684 ie
489 631 536 700 qui
554 631 677 701 precario
695 630 815 700 rogauit,
838 645 901 685 com
924 633 1012 686 totum
1036 645 1070 685 ex
1093 629 1256 687 liberalitate
1279 631 1429 688 descendat
1451 635 1542 689 eiust

78 721 126 790 qui
144 721 269 792 precario
286 721 423 777 concessit
439 726 468 775 et
486 720 554 775 satis
571 719 621 789 sit,
643 719 668 774 si
686 718 765 774 dolus
783 723 890 773 tantum
907 723 1069 789 praestetur.
1097 721 1205 790 eulpam
1230 726 1321 776 tamm
1339 721 1402 778 dolo
1420 723 1508 792 proxi-

31 819 59 864 4
78 826 153 864 mam
172 811 305 866 contineri
323 811 384 880 quis
402 809 498 864 merito
517 807 624 863 timent.
661 807 704 863 Ex
721 806 773 864 hoc
791 807 935 864 interdicto
954 807 1061 863 restitui
1078 807 1161 864 debet
1178 810 1204 863 ln
1222 810 1364 880 pristinam
1384 826 1509 866 causam:

77 898 153 969 quod
172 899 196 954 si
215 914 269 955 non
287 897 370 954 inerit
387 896 498 966 immor,
518 896 709 952 condemnatio
728 897 755 951 in
774 900 879 952 tantum
897 894 959 968 liet,
978 898 1073 966 quanti
1091 896 1214 953 interfuit
1232 900 1332 955 actoris
1350 901 1375 956 ei
1393 917 1450 956 rem
1468 918 1509 957 re·
1534 923 1540 944 ι

77 989 157 1044 stitui
181 1003 216 1043 ex
233 1003 267 1044 eo
285 993 420 1058 tempore,
445 1001 480 1043 ex
499 1002 553 1056 quo
570 985 745 1042 interdictum
770 985 873 1040 editum
899 991 955 1041 est:
980 1001 1046 1056 ergo
1068 992 1097 1042 et
1120 985 1225 1042 tinctus
1248 1003 1283 1042 ex
1306 989 1351 1045 die
1373 990 1509 1046 interdicti

26 1085 58 1132 5
76 1075 147 1132 editi
164 1075 385 1148 praestabuntur.
422 1075 451 1132 Si
470 1075 603 1130 seruitute
620 1089 688 1129 usus
707 1090 761 1130 uon
780 1073 832 1130 iuit
849 1075 873 1130 is
890 1075 937 1144 qui
955 1075 1078 1145 precario
1096 1077 1205 1146 rogauit
1223 1092 1255 1131 ac
1273 1093 1322 1146 per
1339 1078 1391 1144 hoc
1409 1080 1510 1136 amissa
1530 1091 1558 1132 ro
1630 1137 1633 1142 ,

23 1175 56 1222 6
77 1167 130 1236 sit,
152 1166 311 1236 uideamus,
335 1181 370 1221 an
388 1164 533 1220 interdicto
550 1167 684 1219 teneatur.
712 1177 765 1233 ego
783 1161 899 1220 arbitror
917 1177 972 1219 non
990 1155 1070 1234 alias,
1094 1179 1175 1233 quam
1200 1165 1224 1219 sl
1248 1164 1311 1222 doio
1334 1165 1437 1223 fecerit
1473 1169 1510 1224 Et

77 1255 245 1325 generaliter
263 1253 314 1311 crit
331 1245 476 1310 dicendum
496 1254 525 1308 ln
542 1252 741 1308 restitutionem
761 1253 853 1308 uenire
871 1251 964 1308 dolum
983 1257 1012 1306 et
1029 1253 1136 1322 culpam
1152 1254 1235 1308 latam
1247 1253 1399 1326 dumtaxat,
1419 1262 1510 1313 cetera

77 1359 133 1400 non
152 1345 255 1399 uenire.
281 1345 362 1414 plane
380 1350 443 1414 post
461 1341 634 1398 interdictum
653 1341 756 1396 editum
775 1340 912 1412 oportebit
935 1346 964 1396 et
982 1341 1073 1396 dolum
1098 1348 1127 1397 et
1144 1343 1251 1413 culpam
1275 1349 1303 1398 et
1321 1359 1428 1400 omnem
1446 1361 1509 1402 cau·

78 1447 138 1488 sam
164 1433 272 1488 uenire:
297 1449 360 1488 nam
384 1431 430 1488 ubi
454 1447 556 1487 moram
581 1431 643 1500 quis
666 1429 732 1486 tecit
754 1431 891 1502 precario,
914 1445 1022 1486 omnem
1047 1445 1158 1486 oausam
1182 1431 1293 1488 debebit
1317 1433 1509 1490 constitueret
1546 1477 1547 1482 ,

15 1529 50 1575 7
78 1521 258 1578 Interdictum
277 1521 329 1578 hoc
347 1525 456 1592 etpost
473 1536 573 1576 annom
592 1525 747 1590 competere
760 1517 852 1576 Labeo
870 1519 965 1576 scribit
976 1535 1064 1590 eoque
1076 1521 1135 1576 iure
1147 1521 1263 1576 utimur:
1281 1537 1344 1576 cum
1359 1523 1429 1577 enim
1443 1537 1509 1578 nou·
1530 1535 1557 1577 re

79 1625 228 1680 numquam
246 1611 274 1666 in
292 1612 403 1682 longum
423 1616 531 1681 tempus
549 1610 701 1680 precarium
719 1607 894 1678 concedatur,
912 1608 1061 1664 absurdum
1074 1615 1117 1664 eet
1128 1609 1219 1665 dicere
1231 1609 1405 1666 interdictum
1420 1612 1509 1667 locum

7 1709 43 1754 8
79 1715 133 1756 non
152 1699 253 1755 habere
272 1707 334 1771 poet
351 1716 461 1756 annum.
498 1700 557 1754 Hoc
580 1699 723 1754 interdicte
747 1697 826 1752 heres
843 1697 903 1754 eius
921 1700 967 1768 qui
985 1699 1107 1768 precario
1125 1699 1235 1768 rogauit
1252 1703 1362 1754 tenetur
1380 1701 1508 1768 quemad-

80 1788 191 1845 modum
210 1789 285 1860 ipse,
307 1795 352 1860 ut,
374 1790 434 1844 siue
452 1787 535 1844 habet
552 1788 612 1843 siue
631 1787 694 1843 dolo
712 1785 778 1842 iecit
795 1801 849 1856 quo
871 1788 960 1843 minus
979 1787 1092 1844 haberet
1114 1788 1157 1842 oei
1176 1787 1212 1843 ad
1230 1803 1260 1844 se
1278 1788 1446 1858 perueniret,
1470 1795 1509 1844 te·

80 1883 188 1934 ocatur:
208 1893 243 1934 ex
261 1877 325 1934 dolo
342 1883 434 1934 autem
453 1876 576 1932 defuncti
593 1877 734 1945 hactenus,
752 1880 887 1946 quatenus
905 1877 941 1931 ad
959 1891 1022 1932 eum
1041 1878 1173 1948 peruenit.
1529 1891 1557 1931 ra

2 1961 34 2018 ὖ
132 1967 227 2024 Gerus
243 1965 313 2023 libro
332 1967 480 2022 uicensimo
498 1971 578 2022 sexto
595 1965 631 2021 ad
649 1965 768 2020 edictum
786 1965 960 2035 prouinciale.
986 1967 1112 2022 Precario
1124 1967 1263 2036 possessio
1276 1966 1406 2022 consisti⁸
1418 1970 1510 2036 potest
1528 1965 1555 2022 E

81 2058 123 2112 uel
138 2058 212 2112 inter
229 2061 388 2127 praesentes
406 2057 451 2111 uel
469 2055 695 2124 interabsentes,
714 2055 798 2109 ueluti
816 2069 865 2124 per
883 2055 1027 2124 epistulam
1046 2056 1090 2111 uel
1109 2071 1158 2126 per
1175 2055 1309 2110 nuruum.

2 2139 33 2196 )
131 2147 304 2202 Pourorrurs
326 2144 396 2201 libro
418 2145 513 2214 quinto
538 2159 571 2200 ex
590 2145 705 2199 Plautio.
742 2142 873 2208 Quamuis
891 2144 1015 2199 ancillam
1034 2145 1096 2213 quie
1113 2145 1235 2214 precario
1256 2159 1335 2214 roga·
1354 2139 1509 2226 [BE-{i}
1527 2153 1555 2206 Ε

81 2236 157 2304 uerit,
175 2234 205 2290 id
223 2238 316 2290 actum
334 2233 455 2304 uidetur,
478 2238 509 2288 ut
527 2233 609 2288 etiam
628 2232 700 2302 quod
720 2247 754 2287 ex
773 2232 871 2287 ancilla
888 2237 982 2287 uatum
1001 2234 1120 2288 essetis
1139 2233 1235 2288 eadem
1254 2248 1338 2288 causa
1355 2231 1509 2288 haberetur.

2 2315 15 2370 'a
131 2324 248 2380 Caesus
265 2322 333 2378 libro
351 2324 469 2394 septimo
488 2321 666 2392 digestorum.
703 2319 732 2375 Si
751 2321 859 2376 debitor
875 2337 933 2376 rem
957 2322 1127 2392 pigneratam
1152 2323 1274 2393 precario
1293 2337 1333 2376 ro·
1353 2317 1509 2405 [ᾗῇ]κῖ
1527 2328 1554 2382 Ε

71 2413 198 2482 gmerit,
223 2413 314 2468 solnta
331 2412 447 2482 pecunia
464 2412 615 2481 precarium
634 2411 763 2466 soluitur:
787 2410 889 2480 qnippe
907 2409 936 2466 id
955 2417 1046 2466 actum
1065 2414 1120 2481 est,
1145 2416 1176 2466 ut
1199 2423 1287 2481 usque
1305 2425 1339 2467 eo
1356 2411 1508 2482 precarium
1527 2423 1555 2465 as

2 2577 16 2606 .
68 2507 192 2558 teneret.

65 2681 143 2750 quid
162 2679 252 2750 duur,
271 2681 294 2734 si
313 2679 450 2749 conuenit,
468 2684 499 2734 ut
516 2679 544 2733 in
562 2677 694 2733 kalendas
706 2677 789 2733 Iulias
806 2679 929 2748 precario
941 2677 1090 2748 possideat,
1109 2678 1241 2748 numquid
1253 2679 1415 2748 exceptione
1433 2677 1509 2732 adiu·

64 2769 187 2826 uandns
205 2774 262 2838 est,
280 2783 316 2824 nc
334 2773 398 2824 ante
416 2768 442 2822 el
459 2768 598 2837 possessio
616 2765 776 2821 auferatur?
802 2766 852 2821 sed
870 2767 945 2822 nulia
963 2767 1004 2821 uie
1023 2772 1066 2821 est
1083 2766 1163 2822 boios
1181 2767 1384 2836 conuentionis,
1403 2770 1509 2822 utrem

2 2890 9 2896 —
63 2860 195 2914 alienam
213 2857 323 2913 domino
341 2857 427 2912 inuito
445 2857 586 2927 possidere
604 2857 693 2911 liceat.
723 2856 849 2911 Precatio
861 2856 969 2925 rogatio
986 2861 1015 2910 et
1032 2855 1068 2910 ad
1085 2855 1213 2912 heredem
1232 2856 1291 2911 eius
1309 2857 1356 2926 qui
1374 2857 1510 2914 concessit
1527 2869 1554 2910 cc

61 2949 191 3004 transit:
213 2945 249 3002 ad
268 2945 395 3001 heredem
413 2949 506 3000 autem
524 2945 584 3001 eius
601 2945 649 3015 qni
666 2945 789 3014 precario
813 2945 923 3014 rogauit
946 2959 1001 3000 non
1023 2945 1134 3014 transit,
1158 2945 1258 3015 quippe
1281 2945 1334 3015 ipsi
1357 2945 1507 3014 dumtaxat,

63 3051 131 3092 nou
150 3036 235 3092 etiam
254 3034 346 3090 heredi
364 3047 497 3088 concessa
513 3034 652 3104 possessio
670 3039 720 3089 est.

2 3109 23 3166 ἲ
128 3126 303 3180 Pourouros
320 3121 390 3178 libro
407 3123 567 3191 trigansimo
584 3123 665 3178 tertio
684 3122 718 3177 ud
737 3121 865 3188 Quintum
879 3122 1008 3178 Mucium.
1041 3121 1069 3177 Si
1088 3137 1184 3178 seruus
1202 3128 1267 3178 tuns
1285 3128 1333 3178 tuo
1351 3119 1506 3206 Q
1525 3128 1569 3201 Es

68 3213 210 3270 mandato
227 3213 351 3282 precario
367 3213 507 3281 rogauerit
530 3212 574 3268 uel
599 3216 687 3266 ratum
711 3211 838 3267 habueris
860 3211 934 3280 quod
957 3211 1002 3268 ille
1023 3211 1132 3280 rogandi
1148 3217 1197 3266 tuo
1215 3211 1337 3281 nomino,
1361 3211 1506 3280 teneberis,

65 3305 156 3374 quasi
174 3302 298 3373 precario
315 3299 428 3356 habeas.
454 3299 504 3356 sed
522 3301 546 3355 si
563 3305 592 3355 te
610 3301 752 3369 ignorante
770 3315 821 3356 suo
832 3289 947 3356 'nomine
965 3301 1009 3355 uel
1027 3315 1124 3355 seruus
1143 3301 1187 3355 uel
1204 3298 1276 3356 iilius
1288 3302 1434 3372 rogauerit,
1452 3317 1507 3357 uon
1526 3312 1554 3354 at

71 3393 180 3448 uideris
198 3397 229 3446 tu
247 3391 370 3460 precario
388 3389 498 3458 habere,
517 3389 566 3444 sed
585 3389 638 3444 illi⁵
656 3389 708 3460 erit
725 3389 797 3444 actio
815 3388 849 3442 de
867 3389 974 3460 peculio
992 3389 1036 3444 uel
1054 3387 1089 3443 de
1108 3389 1135 3443 in
1153 3404 1209 3443 rem
1229 3403 1317 3444 uerso.

9 3469 52 3533 it
129 3482 251 3536 Pnuuus
273 3479 342 3535 libro
364 3480 445 3534 tertio
468 3479 574 3534 decimo
598 3477 633 3532 ad
652 3477 792 3533 Sabinum.
828 3477 1006 3532 Interdictum
1030 3476 1065 3532 de
1087 3479 1217 3548 precariis
1235 3479 1332 3533 merito
1349 3475 1546 3562 [estate-as

78 3569 262 3626 introductum
281 3573 337 3639 est,
356 3569 421 3638 quia
438 3569 512 3624 nulla
529 3583 562 3622 eo
580 3567 689 3622 nomine
707 3567 773 3622 iuris
791 3566 877 3620 ciuilis
896 3567 968 3622 actio
987 3572 1071 3624 esset:
1094 3568 1183 3636 magis
1201 3567 1273 3622 enim
1292 3567 1327 3621 ad
1345 3567 1506 3624 donationes

80 3665 105 3713 et
123 3657 251 3714 beneficii
269 3673 390 3727 causam,
408 3673 489 3726 quam
508 3655 543 3711 ad
562 3656 665 3726 negotii
683 3655 815 3710 contrsmti
834 3661 942 3725 spectat
959 3655 1073 3725 precarii
1091 3654 1224 3711 condicio.
1525 3671 1554 3710 aa

38 3739 67 3798 15
130 3749 303 3804 Pourourus
320 3746 389 3802 libro
401 3746 551 3802 uicensimo
562 3760 635 3800 nono
648 3744 684 3799 ad
696 3743 836 3800 Sabinum.
863 3744 900 3798 Et
911 3741 995 3800 habet
1006 3760 1140 3800 summam
1154 3745 1245 3814 aequi·
1278 3757 1303 3802 Β.
1315 3759 1353 3813 oe,
1365 3759 1402 3812 et,
1414 3759 1443 3804 17
1452 3761 1505 3804 etr.
1525 3753 1546 3808 S

57 3841 178 3904 lutam,
202 3840 233 3890 ut
255 3841 370 3891 eatenus
392 3835 508 3904 quisque
531 3839 625 3890 nostro
642 3837 748 3901 utatur,
773 3837 908 3902 quatenus
926 3834 951 3888 ei
969 3833 1088 3890 tribucre
1105 3834 1230 3889 uelimus.
1266 3820 1449 3904 Hos-pite&
1458 3825 1507 3905 oui

53 3925 227 3994 tgratuitam
251 3924 446 3980 habitationem
474 3923 612 3994 accipiunt
635 3937 689 3980 uon
712 3921 907 3991 intelleguntur
933 3923 1057 3993 precario
1083 3922 1215 3978 habitare.
1257 3924 1383 3978 Precatio
1406 3923 1507 3980 habere

48 4015 162 4070 tetiam
187 4028 221 4068 ea
243 4028 313 4082 quae
334 4013 363 4068 in
385 4013 445 4068 iure
467 4013 620 4068 consistunt
637 4027 797 4082 ροοοιιιοιιο,
821 4017 853 4066 ut
875 4011 998 4068 immissa
1020 4013 1065 4067 uel
1088 4017 1221 4082 protecta.
1258 4011 1327 4067 Cum
1345 4013 1406 4082 quis
1424 4013 1459 4068 de
1476 4029 1506 4068 re

45 4101 130 4160 tubi
148 4101 319 4158 restituenda
337 4107 447 4158 cautum
464 4100 556 4172 habet,
573 4101 725 4172 precarium
743 4099 917 4156 interdictum
936 4101 962 4156 ei
979 4115 1034 4157 non
1052 4101 1190 4171 competit.
1223 4101 1302 4172 Eum,
1319 4103 1366 4171 qui
1384 4103 1507 4173 precario

74 4199 271 4270 samoe)

75 4348 85 4382 ¹
108 4348 137 4400 et
157 4341 244 4412 magis
262 4347 305 4397 est
322 4348 361 4411 ut,
380 4341 466 4396 sicilie
483 4356 538 4396 non
556 4329 668 4397 reuocet
684 4346 713 4396 et
730 4341 754 4396 si
766 4357 864 4410 passus
877 4329 921 4396 est
932 4341 1022 4411 aliquo
1035 4346 1157 4412 tempore
1169 4343 1292 4412 precario
1304 4342 1413 4414 habere,
1431 4349 1506 4399 recte

73 4414 225 4542 {offigit
242 4415 393 4484 (detposse
408 4427 508 4482 ...me,
528 4413 689 4480 itemase)?
746 4411 966 4480 ’restituerem
980 4413 1029 4481 ib?
1087 4414 1245 4469 ³oonstltoi
1263 4417 1299 4510 (ιι.ἱ
1312 4415 1360 4481 tl?
1412 4416 1507 4471 ‘cuii

72 4577 344 4589 ...a-...a-...ffl-u-m-
351 4577 503 4586 ω...

73 4623 245 4688 ltempcpe
263 4617 299 4670 F¹
356 4617 415 4673 his
433 4619 472 4672 his
490 4619 516 4671 F
528 4620 588 4682 (ern
597 4621 632 4690 s)
648 4618 652 4684 Ι
668 4616 765 4685 totum]
820 4618 880 4673 sisti
909 4621 1048 4689 (euperem.
1073 4619 1107 4673 al.
1132 4619 1277 4688 constitui)
1306 4619 1347 4684 X,
1377 4620 1507 4675 constitui

70 4695 167 4748 totum
190 4688 243 4744 hoc
267 4689 303 4742 F’
359 4689 519 4744 liseditum
545 4689 590 4753 Fi
611 4689 650 4758 et]
673 4703 707 4742 ex
731 4687 766 4740 F²
825 4689 942 4746 YMOC:
966 4689 1108 4752 saniorem
1127 4691 1154 4745 B
1172 4691 1250 4762 (Ttpl
1303 4691 1338 4746 35
1355 4707 1450 4746 seruos
1469 4692 1505 4744 ΡΙ

73 4763 113 4818 10
131 4760 180 4830 qui
199 4779 247 4813 om.
261 4759 297 4812 F¹
353 4761 386 4815 13
404 4760 541 4831 oporteuit
559 4761 595 4813 F¹
650 4761 684 4814 14
702 4757 768 4814 lacit
820 4761 855 4816 36
872 4758 1070 4830 pecullo'd'uel
1086 4759 1122 4815 Fi
1166 4763 1202 4817 38
1219 4761 1435 4818 introduct‘o’um
1451 4761 1504 4832 Fit

70 4833 116 4890 Ρ
131 4835 138 4901 Ι
154 4830 329 4899 constituere]
342 4829 638 4887 restituoreXYMOU
684 4830 766 4900 lbet]
819 4831 943 4903 meg'u'is
964 4833 999 4884 Ρ)
1143 4859 1181 4898 ,ν

69 4907 121 4964 ur
134 4903 173 4959 F¹
188 4903 195 4974 Ι
210 4901 330 4974 eoqu'a'e
343 4903 379 4956 F’
431 4904 467 4959 20
484 4901 626 4962 consis‘s'ti
642 4903 686 4970 F’,
704 4917 767 4959 con·

129 2592 210 2648 mna
231 2589 300 2646 libro
323 2589 472 2646 uicensimo
494 2589 591 2660 quinto
613 2587 790 2658 digestorum.
805 2587 828 2670 ,ΙΙ
853 2587 939 2644 Gom⁴
962 2589 1085 2659 precario
1108 2587 1155 2645 ali·
1177 2585 1332 2672 [acam.
1348 2599 1507 2656 es,1e‚r‚1t
1525 2596 1554 2651 E
1580 2599 1596 2646 i.
1609 2595 1662 2647 eoc'
1762 2575 1767 2594 ⁴
