3638 5460
303 271 422 340 XXXV
444 275 464 338 2
486 280 563 335 1-4
622 361 624 365 ι
975 264 1062 345 202
1547 287 1594 335 so
1618 285 1735 335 uncum

302 431 443 487 stitutione
462 430 603 487 coheredis
622 429 658 486 ad
676 429 837 486 coheredem
856 429 990 500 peruenit,
1008 426 1116 499 proficit
1133 427 1287 498 legatariis:
1305 429 1329 484 is
1344 428 1417 484 euim
1429 427 1525 484 similis
1536 426 1687 483 estheres¹
1700 441 1735 482 ex

301 524 378 588 parte
396 533 477 589 pure,
497 535 531 574 ox
549 523 627 590 purte
645 519 697 576 sub
716 518 875 574 condicione
893 517 987 573 heredi
1005 517 1139 573 instituto.
1170 517 1219 573 sed
1238 533 1279 587 ea,
1298 532 1369 588 quae
1387 517 1422 574 ab
1440 533 1474 574 eo
1491 519 1584 588 legata
1601 522 1676 587 sunt,
1695 516 1736 571 si’

302 608 424 664 omiserit
441 607 630 678 hereditatem,
648 625 703 664 non
721 606 903 677 augebuntur,
922 607 1026 663 sedicet
1044 607 1068 661 si
1086 606 1121 662 ab
1140 621 1173 662 co
1191 607 1350 662 nominatim
1367 605 1433 664 data
1445 613 1516 677 sunt,
1534 622 1590 662 nou
1602 605 1735 676 ‘quisquis

255 705 284 752 14
302 696 375 751 'mihi
393 696 472 752 heres
490 696 558 752 erit'.
595 697 623 752 Si
642 697 784 753 coheredis
802 697 856 752 mei
874 697 963 767 portio
981 696 1116 751 exhausta
1133 696 1183 763 sit,
1207 711 1269 750 mea
1286 696 1394 767 integra
1411 701 1440 752 et
1456 697 1529 752 illam
1547 695 1735 764 uindicauero,

302 786 413 842 Cassius
436 785 642 842 confundendas
665 801 727 842 esso
750 793 843 858 partes
865 786 1017 855 existimat,
1040 786 1171 840 Proculus
1196 789 1303 840 contra:
1327 786 1355 839 in
1378 800 1434 855 qua
1457 785 1549 855 specle
1567 791 1596 840 et
1612 785 1736 840 Iulianus

301 877 415 931 Proculo
434 875 564 945 adsensit,
582 891 664 946 quern
683 876 846 931 sententiam
864 873 1074 944 probabiliorem
1093 889 1154 929 esse
1172 880 1247 945 puto.
1276 875 1325 929 sed
1342 875 1387 928 et⁸
1404 873 1485 930 diuus
1496 873 1653 930 Antoninus
1664 873 1735 928 iudi·

254 972 282 1019 lt
301 979 379 1020 casso
402 965 502 1020 dicitur
524 965 741 1020 commiscendus
764 979 826 1020 esse
844 968 975 1033 utrasque
992 968 1086 1034 partes
1105 964 1132 1018 in
1150 964 1354 1033 computatione
1370 963 1440 1034 legis
1458 961 1603 1018 Falcidiae.
1641 961 1672 1018 st
1690 977 1735 1018 co

300 1053 428 1108 heredem
447 1069 537 1109 meum
552 1057 620 1123 post
638 1054 739 1109 aditam
757 1054 936 1109 hereditatem
956 1053 1135 1124 adrogauero,
1154 1068 1209 1108 uon
1223 1051 1400 1122 dubitabitur,
1419 1052 1485 1122 quin
1497 1051 1667 1122 separandae
1680 1051 1737 1106 rint

252 1152 281 1198 uo
299 1143 447 1212 portiones,
466 1143 578 1213 perinde
597 1146 680 1212 utque
698 1144 722 1198 si
741 1142 868 1198 coheredi
886 1158 947 1198 meo
965 1142 1044 1198 hares
1062 1142 1238 1198 exstitissem.
1275 1140 1304 1196 Si
1322 1142 1350 1196 in
1367 1156 1454 1196 annos
1472 1141 1595 1211 singulos
1612 1141 1735 1210 legatum

299 1231 336 1286 sit
353 1231 434 1301 Titio,
453 1233 518 1302 quis
536 1232 621 1286 multa
638 1233 730 1301 legata
748 1237 776 1288 et
794 1231 991 1287 conditionalia
1008 1237 1080 1300 aunt,
1099 1231 1219 1286 contioni
1237 1231 1313 1285 locus
1331 1235 1375 1285 est
1391 1246 1463 1300 quse
1481 1232 1509 1285 in
1526 1229 1618 1285 edicto
1636 1243 1735 1300 propo

253 1329 281 1378 17
300 1321 373 1376 nitur
391 1320 501 1390 'quanto
525 1321 642 1390 amplius
665 1321 766 1390 accipit
786 1319 880 1376 reddi'.
919 1320 962 1390 ld,
986 1321 1060 1390 quod
1078 1325 1178 1376 natura
1194 1319 1339 1374 hereditati
1357 1318 1473 1375 debetur
1490 1325 1519 1374 ct
1555 1306 1738 1393 hoff-{l}

299 1407 483 1491 petquuidem
502 1424 557 1465 non
574 1414 675 1480 potest,
694 1411 813 1465 solutum
833 1423 899 1465 uero
917 1425 972 1465 non
990 1410 1130 1480 repetitur,
1150 1424 1205 1466 uon
1222 1423 1283 1464 osse
1295 1407 1510 1478 computandum
1522 1407 1550 1464 iu
1562 1409 1640 1464 hore·
1658 1404 1740 1492 Q]

300 1496 386 1552 ditate
404 1497 515 1567 quidam
533 1503 640 1568 putant.
668 1499 717 1554 sed
735 1499 855 1555 lulianus
874 1503 902 1553 et
920 1498 988 1553 haec
1006 1513 1040 1554 ex
1058 1503 1160 1554 euentu
1178 1513 1280 1568 angere
1298 1497 1490 1568 patrimonium
1504 1503 1620 1553 autnon
1632 1512 1746 1568 augore

300 1586 439 1642 existimat
461 1591 490 1642 et
513 1587 676 1643 hereditario
698 1588 757 1643 iure
780 1588 808 1643 id
832 1603 942 1658 quoque
965 1589 1027 1658 capi
1044 1587 1162 1658 ideoque
1181 1591 1209 1642 et
1226 1589 1254 1643 in
1271 1585 1472 1642 restitutionem
1491 1586 1651 1643 hereditatis
1669 1603 1749 1644 uen-

251 1687 281 1734 1⁸
299 1680 399 1731 turum.
436 1673 466 1730 Si
484 1675 592 1732 debitor
609 1677 737 1733 creditori
754 1677 834 1732 heres
852 1677 967 1748 crisim,
990 1679 1115 1747 quamuis
1133 1675 1292 1733 confusione
1309 1675 1447 1747 liberetur,
1466 1681 1558 1732 umen
1575 1677 1748 1746 locupletio-

299 1779 355 1820 rem
381 1763 559 1820 hcraditstem
583 1767 724 1837 percipere
745 1766 867 1836 uidetur,
891 1773 923 1821 nt
940 1771 1114 1838 computetur
1131 1767 1157 1821 ei
1175 1767 1250 1836 quod
1267 1765 1363 1835 dehet,
1387 1766 1513 1835 quamuis
1530 1765 1653 1821 aditione
1671 1780 1746 1822 cou-

251 1866 280 1912 le
299 1853 390 1909 tirsum
409 1855 454 1909 sit.
490 1854 533 1909 De
551 1855 675 1925 impensa
692 1856 862 1911 monumenti
879 1856 988 1911 nomine
1006 1855 1080 1912 facta
1097 1857 1244 1927 quaeritur,
1263 1872 1298 1911 an
1316 1855 1415 1910 deduci
1433 1853 1541 1910 debeat.
1570 1860 1599 1910 et
1616 1853 1750 1910 eminus

299 1943 340 1999 ita
362 1943 552 1998 deducendum
572 1949 663 2014 putat,
687 1945 711 1999 si
730 1945 913 2000 necessarium
932 1943 1014 2000 luerit
1031 1949 1236 2000 mouumentum
1255 1948 1389 2000 extruere.
1421 1945 1565 2000 Marcellus
1582 1945 1748 2014 consultus,

300 2047 335 2088 an
353 2031 455 2087 brueris
474 2035 697 2103 monumentique
715 2034 852 2105 impensa,
869 2037 998 2104 quantam
1018 2039 1134 2089 testator
1150 2033 1210 2089 heri
1228 2034 1316 2104 iussit,
1335 2035 1362 2088 in
1380 2047 1443 2089 sero
1462 2034 1550 2088 alieno
1569 2031 1671 2088 deduci
1689 2032 1749 2088 de-

300 2120 377 2192 beat,
396 2121 537 2192 respondit
555 2137 609 2178 uon
628 2124 745 2192 amplius
762 2139 796 2178 eo
815 2125 936 2192 nomine,
954 2139 1036 2193 quum
1055 2124 1129 2193 quod
1147 2122 1250 2178 struens
1266 2139 1351 2179 caum
1369 2126 1561 2193 consumptum
1579 2125 1631 2192 ast,
1649 2121 1746 2178 dedu-

300 2211 425 2266 cendum.
453 2227 515 2266 num
534 2213 602 2281 cius,
621 2211 695 2282 quod
713 2213 742 2268 in
760 2213 958 2268 extructionem
978 2215 1146 2268 mouumenti
1157 2217 1300 2282 erogatum
1312 2217 1363 2282 est,
1382 2212 1518 2267 diuersam
1531 2225 1594 2266 case
1606 2227 1747 2267 omnam:

299 2316 351 2356 uec
369 2302 440 2356 eninr
458 2301 498 2357 ita
515 2303 684 2356 monumenti
702 2299 920 2358 aedificationem
938 2303 1121 2358 necessariam
1141 2303 1151 2372 fl
1171 2317 1241 2373 esse,
1259 2305 1291 2357 ut
1308 2302 1345 2357 sit
1362 2299 1444 2358 ihnus
1462 2315 1495 2357 ac
1513 2301 1664 2371 sepultura.
1695 2299 1744 2356 id-

208 2395 210 2398 ’
300 2391 372 2446 circo
390 2406 462 2460 eum,
481 2391 526 2446 cni
543 2392 660 2460 pecunia
678 2391 715 2446 ad
732 2391 887 2447 laciendum
906 2397 1110 2447 monumentum
1129 2393 1221 2462 legata
1237 2391 1281 2462 sit,
1300 2391 1449 2448 Falcidiam
1466 2405 1621 2462 passurum.

261 2483 280 2541 2
352 2480 532 2536 Mauortius
553 2477 622 2536 lihro
645 2481 777 2537 uicesimo
799 2481 920 2536 secundo
944 2480 1122 2550 digestorum.
1156 2481 1214 2537 Nec
1235 2481 1352 2552 amplius
1369 2479 1574 2537 concedendum
1606 2492 1742 2550 e.41,1,²
1779 2477 1785 2486 “

299 2569 359 2640 erit,
376 2585 458 2639 qnam
476 2569 551 2639 quod
568 2567 688 2625 sufficiat
706 2570 741 2625 ad
760 2571 879 2641 speciem
898 2570 1032 2626 modicum
1051 2570 1228 2626 monumenti.
1784 2575 1785 2580 ’

261 2662 280 2722 3
352 2659 471 2715 Pnuuue
492 2657 561 2714 libro
583 2659 713 2730 singulari
732 2659 767 2714 ad
785 2661 873 2729 legem
892 2659 1050 2715 Falcidiam.
1087 2657 1116 2714 Si
1134 2659 1213 2715 heres
1231 2660 1373 2716 institutus
1392 2673 1452 2715 eam
1470 2659 1575 2716 heredi·
1593 2653 1744 2744 Q

298 2751 383 2802 tatem
404 2753 479 2816 'quae
502 2748 634 2803 soluendo
657 2763 713 2803 uon
735 2753 778 2803 cst
799 2749 966 2819 condiderit,
991 2750 1038 2804 uix
1061 2749 1171 2819 quidem
1195 2750 1296 2819 poterit
1317 2750 1476 2820 persuaderi
1492 2763 1548 2805 uon
1564 2747 1653 2806 inisse
1672 2763 1743 2805 carra

298 2835 477 2892 hereditatem
496 2837 641 2907 soluendo,
660 2852 731 2908 quae
749 2841 900 2908 emptorem
918 2839 1066 2894 inuenerit:
1092 2853 1157 2893 uere
1175 2843 1267 2894 sutem
1285 2839 1390 2894 ratione
1408 2839 1473 2895 nihil
1491 2839 1631 2908 legatariis
1649 2838 1744 2896 debe-

299 2925 386 2996 bitur,
410 2926 475 2996 quie
492 2926 580 2995 magis
599 2941 633 2981 ex
652 2927 768 2981 stultitia
785 2929 915 2997 emptoris
932 2927 1034 2982 habero
1051 2928 1160 2982 uidetur
1178 2927 1256 2982 hores
1274 2928 1415 2984 institutus
1432 2941 1514 2998 quam
1533 2943 1567 2982 cx
1585 2926 1669 2984 bouis
1687 2928 1744 2984 de·

298 3013 392 3070 iuncti.
425 3029 487 3070 uam
510 3019 539 3070 et
557 3030 573 3070 e
591 3016 727 3071 contrario
745 3015 768 3070 si
787 3017 857 3071 mdo
875 3017 1029 3073 uendiderit
1047 3031 1091 3072 rea
1109 3017 1302 3088 hereditarias,
1326 3031 1380 3073 non
1399 3017 1451 3073 erit
1466 3017 1519 3072 hoc
1535 3018 1743 3087 legatariorum

266 3116 279 3160 1
298 3103 505 3160 detrimentum:
524 3106 563 3159 ita
580 3119 646 3174 ergo
664 3105 837 3160 commodum
856 3105 939 3162 debet
957 3121 1018 3162 esse
1037 3106 1153 3176 heredis,
1172 3107 1196 3161 si
1213 3106 1284 3162 boue
1302 3122 1346 3162 roa
1364 3105 1603 3162 administrauerit.
1631 3105 1745 3165 Sedet

298 3195 321 3249 si
345 3195 370 3250 is
392 3195 440 3264 qui
461 3193 593 3250 soluendo
611 3209 667 3249 uon
684 3197 728 3248 est
745 3195 879 3264 leganerit
897 3201 926 3251 et
942 3196 1021 3252 heres
1040 3211 1101 3252 cum
1122 3195 1301 3252 creditoribus
1320 3196 1465 3267 deciderit,
1487 3211 1523 3252 ue
1540 3196 1660 3252 solidum
1680 3199 1741 3254 sol-

297 3288 383 3354 ueret,
402 3288 431 3338 et
447 3282 484 3338 ob
501 3297 562 3338 cam
582 3282 747 3338 decisionem
766 3283 868 3340 factum
884 3285 929 3354 sit,
947 3291 978 3340 nt
996 3285 1098 3354 aliquid
1116 3286 1254 3356 retineret,
1273 3286 1338 3340 nihil
1355 3292 1448 3342 tamen
1465 3286 1606 3356 legatariis
1623 3286 1738 3344 dabitu-

264 3383 279 3428 a
298 3387 367 3442 rum,
384 3373 450 3442 quia
467 3385 528 3427 eam
546 3373 690 3442 pecuniam
709 3389 763 3428 uon
781 3389 816 3428 ex
835 3373 994 3444 hereditate,
1013 3375 1061 3430 sed
1080 3390 1114 3430 ex
1133 3375 1272 3432 decisione
1289 3373 1380 3445 habet.
1417 3375 1486 3430 ltcm
1504 3376 1528 3430 si
1545 3375 1586 3430 rei
1603 3375 1738 3446 publicae

296 3463 325 3517 in
349 3475 435 3516 anuos
459 3461 581 3530 singulos
603 3463 724 3531 legatum
747 3463 797 3532 sit,
821 3477 883 3518 cum
908 3462 942 3518 de
961 3464 1024 3534 lege
1041 3463 1164 3518 Falcidia
1181 3467 1341 3535 quaeratur,
1364 3465 1507 3520 Marcellus
1524 3468 1605 3534 putat
1621 3469 1733 3522 tautum
1751 3458 1785 3508 ἕ

296 3551 384 3606 uideri
407 3551 543 3620 legatum,
566 3556 699 3620 quantum
717 3549 838 3608 sufficiat
855 3552 922 3607 sorti
940 3552 976 3607 ad
994 3567 1091 3608 usuras
1108 3554 1222 3608 trientes
1240 3554 1300 3608 eius
1318 3569 1455 3624 summac,
1480 3569 1551 3624 quse
1568 3555 1664 3626 legata
1681 3562 1732 3625 est,

297 3639 489 3710 colligendas⁴.

258 3730 279 3788 4
349 3730 530 3784 Psruursuus
545 3727 612 3784 libro
625 3733 703 3785 sexto
716 3729 822 3786 decimo
835 3730 1034 3800 quaestionum.
1057 3731 1154 3802 Funde
1167 3733 1259 3802 legato
1271 3729 1573 3790 mihisubcoudicione
1592 3730 1730 3818 [Tafis]
1752 3759 1785 3789 a

295 3853 538 3924 munnulus)

297 4023 468 4088 ¹hcrce'del.
540 4033 601 4102 ¹si]
621 4033 822 4105 quilVoorda:
844 4055 869 4088 u.
883 4034 929 4101 i.)‘?
999 4037 1057 4091 8et
1075 4037 1122 4091 det.
1199 4041 1392 4110 ⁴rsqm'runtnr
1410 4041 1487 4092 talia:
1511 4043 1619 4095 mutum
1644 4040 1730 4096 uideri

294 4105 416 4175 legatum
434 4103 529 4174 sorus,
553 4111 685 4175 quantum
710 4103 829 4160 sufficiat
851 4105 886 4160 ad
904 4122 1003 4162 usuras
1021 4109 1134 4163 trientes
1152 4111 1192 4176 (td
1210 4117 1247 4164 est
1264 4116 1434 4181 complacatum
1452 4111 1489 4164 ool
1506 4129 1599 4166 neuros
1617 4115 1729 4178 hirnus)

295 4178 321 4232 ei
338 4191 461 4232 summae
480 4191 550 4246 quae
569 4178 660 4246 legata
678 4183 722 4231 ost
739 4177 907 4246 colligendae

296 4296 370 4303 -—-—
570 4296 720 4304 --———-

294 4356 311 4410 2
330 4354 380 4410 sed
398 4369 432 4408 cs
450 4370 520 4424 qnae
538 4353 574 4410 ab
593 4370 626 4410 eo
649 4357 710 4427 sep]
733 4354 765 4410 ri
783 4356 813 4410 ui
831 4356 888 4427 nap’
903 4355 984 4421 sirei
1037 4357 1215 4414 hereditatis⁴
1227 4358 1265 4411 F’
1300 4356 1531 4414 succedendum
1542 4361 1575 4414 F:
1590 4361 1613 4415 ei
1625 4363 1657 4416 ui
1668 4363 1729 4435 xpri-

294 4425 495 4492 tesarenbnena,
514 4425 982 4500 eunernarahiuprr‘runhaponorrr'au,
1038 4449 1105 4484 uara
1127 4439 1273 4500 λιιγιιτεγθῃ
1298 4441 1330 4494 ec
1362 4450 1385 4498 ῳ
1410 4431 1497 4486 nunus
1524 4433 1657 4490 nrrccrluar
1683 4437 1730 4490 Rs

294 4495 342 4558 οῩκ
361 4497 480 4560 ιῨΞοιιιΛι
495 4499 521 4552 Β
533 4499 642 4566 (Actora.)
685 4500 745 4554 tsi
762 4499 904 4556 coheredis
922 4503 982 4572 sep]
1037 4501 1242 4572 2bepicieruF¹
1279 4502 1312 4557 31
1326 4517 1388 4558 esce
1399 4501 1484 4558 dehet
1492 4503 1531 4556 F²
1546 4505 1551 4572 Ι
1566 4503 1685 4562 heredes
1694 4507 1717 4562 F
1719 4507 1729 4542 ²

294 4567 340 4624 ὲὶκ
360 4567 386 4622 'ei
405 4569 470 4632 ἒιιοῨ
488 4569 536 4624 neu
555 4568 637 4624 uah'eu
655 4573 807 4642 λκιιιτεγθιζι,
826 4570 877 4628 arro
894 4573 984 4635 δὲτοῨ
1037 4575 1072 4628 34
1094 4571 1288 4628 hereditatem·
1306 4575 1343 4628 F'
1396 4575 1431 4630 35
1453 4579 1560 4630 tantm
1584 4578 1729 4634 uideri

295 4641 506 4712 εγῐκλκροιιόιιογ
531 4639 593 4696 buon
618 4639 650 4697 τὸ
673 4643 753 4714 ratpot
776 4642 868 4708 ιῨτοῨ,
893 4643 922 4699 'en
944 4647 983 4714 τῷ
1037 4647 1071 4702 37
1090 4645 1267 4715 colligendas]
1294 4643 1423 4708 roooirou
1447 4645 1531 4702 rooba
1555 4652 1629 4706 bonci
1653 4663 1730 4718 tura·

294 4711 697 4784 λόιῳτοῨΦιλκιΔίογὲκὰτεροιι
708 4715 983 4783 ιιίῑιιγτιιΒ(Αποιι.)ι
1037 4717 1168 4781 τεῩεοθιιι,
1194 4715 1257 4772 beon
1277 4716 1318 4772 hri
1336 4717 1392 4772 τῶιι
1410 4715 1461 4775 buo
1479 4721 1568 4792 rpr'ron
1586 4721 1730 4780 terruerit

294 4786 413 4839 uidentur
431 4793 514 4839 iumen
534 4785 630 4840 Graeci
651 4805 703 4841 noa
725 4795 777 4842 tam
800 4790 874 4842 aliter
894 4791 984 4859 tepere
1037 4789 1124 4843 rbnoru
1154 4788 1254 4852 crebrer
1285 4788 1317 4844 τὸ
1346 4789 1503 4856 inserentes
1534 4793 1677 4857 neea'harou
1703 4796 1730 4850 B

294 4856 377 4922 (aner
394 4875 473 4911 roura
485 4855 597 4912 Caesius
615 4873 669 4912 non
688 4857 893 4914 contundendas
911 4862 984 4926 esse)
1036 4861 1159 4928 (Aaou),
1183 4860 1298 4924 τογτὲετι
1322 4863 1451 4925 uocantes
1469 4861 1615 4932 ποιότητι,
1641 4867 1688 4922 beu
1707 4868 1730 4922 εἰ

293 4945 369 4998 mum
383 4927 519 4982 attendisse
531 4931 703 4984 tantummodo
718 4931 754 4984 od
764 4930 843 4984 uerba
862 4931 885 4984 si
904 4929 983 4986 cohe-
1036 4929 1201 4996 iteraretur,
1222 4930 1337 4995 chinaco
1355 4932 1397 4998 ἐφ’
1412 4933 1458 4989 ina
1476 4933 1599 4999 ὲιιιιγτὸιι
1620 4957 1729 5004 creara-

292 4997 366 5052 redis
439 4999 546 5068 integra
569 5008 593 5055 et
609 5000 825 5057 commiscendus
897 5001 983 5058 Falci·
1038 5005 1089 5068 seir
1108 5003 1187 5058 rbrou
1206 5001 1258 5058 ire
1275 5007 1364 5074 spiror
1387 5004 1529 5061 trarocrrlo
1548 5005 1679 5075 tutior-ou
1698 5011 1728 5064 rri

293 5069 355 5125 diue
367 5087 417 5125 sorr
429 5079 495 5126 recte
511 5075 516 5141 l
532 5071 682 5132 cdhbusta
695 5069 742 5128 Fbl
782 5073 816 5127 14
828 5073 856 5126 iu
868 5093 916 5126 cru.
928 5075 963 5126 F·
977 5075 982 5145 1
1037 5075 1218 5147 hurarepceicp
1229 5075 1277 5138 τοῨ
1286 5076 1392 5141 tuatim
1401 5077 1522 5133 uocbrurr
1536 5077 1584 5135 BS
1592 5065 1729 5152 (Dorotb)
