3584 5454
61 283 108 338 ιι
130 287 399 337 ιιιιιιοιιιιιι
455 349 458 356 .
702 251 704 258 ¹
733 227 819 345 693
1157 269 1321 338 XllllllVl
1344 272 1360 336 1
1383 277 1499 334 ιιι-ιο

16 479 18 486 ,
62 443 205 485 ιιιιιιιιι
229 429 360 499 uoluerit,
383 425 528 484 fideiussor
549 441 659 497 quoque
677 426 819 498 liberatur,
838 441 872 483 eo
890 427 979 497 msgis
996 426 1069 499 quod
1087 443 1137 500 por
1156 429 1291 486 eiusmodi
1309 429 1444 486 sotionem
1463 407 1517 484 ad*

62 533 140 574 reum
162 517 329 589 peruenitur.

8 609 44 668 tr
116 607 296 664 Psrrsrrsrrus
314 605 383 662 libro
402 619 474 662 neno
492 605 692 675 quaestionum.
719 602 749 660 si
767 603 884 660 debitori
901 605 1056 676 deportatio
1067 606 1189 676 irrogata
1201 611 1251 676 est,
1269 623 1324 662 non
1343 601 1499 690 [Q
1520 613 1545 665 P

62 711 146 767 posse
163 711 213 766 pro
231 711 264 752 eo
282 693 470 752 fideiussorem
489 695 576 765 accipi
595 693 690 750 scribit
707 693 840 764 lulianus,
859 695 938 764 qussi
956 699 1016 750 tota
1033 693 1165 765 obligatio
1185 700 1280 752 eontra
1298 710 1360 750 oum
1379 697 1500 751 extincto

30 786 108 844 isit
145 784 175 840 Si
197 783 268 841 tilius
290 785 318 840 in
342 799 426 840 causa
446 785 577 854 peculiari
595 784 635 838 ita
651 781 840 839 fideiussorem
860 784 1009 854 acceperit:
1029 782 1166 854 'quantam
1185 785 1329 856 pecuniam
1348 784 1531 855 credidero,e
1641 787 1642 792 ’

63 872 126 934 'lide
143 879 192 930 ιιι
209 889 271 930 esse
288 872 394 928 iubesi'
412 876 442 929 et
459 873 648 944 emancipatus
666 872 769 943 credet,
787 873 858 943 putri
876 872 995 942 quidem,
1014 873 1038 927 si
1055 871 1110 929 non
1129 880 1172 930 est
1186 889 1250 930 reus
1263 873 1425 944 obligatum,
1444 889 1500 930 non

61 963 209 1034 tenebitur,
228 961 283 1020 filio
302 979 369 1020 uero
387 962 564 1020 humanitatis
583 961 684 1018 intuitu
702 961 836 1018 obnoxius
855 976 916 1017 esso
934 961 1026 1018 debet.

6 1053 45 1112 ts
116 1053 194 1108 lucas
218 1051 286 1109 libro
309 1053 416 1108 decimo
440 1052 642 1122 quaestionum.
679 1047 709 1105 Si
727 1049 817 1106 Titius
840 1056 869 1106 ιι
892 1049 956 1106 Seia
978 1065 1028 1121 pro
1052 1051 1159 1107 Maeuio
1182 1045 1499 1138 Μῖιὶιι
1517 1057 1545 1111 Ρ

62 1139 261 1212 fideiussorint,
285 1141 423 1198 subducta
445 1141 557 1198 muliere
576 1139 703 1196 dabimus
720 1139 749 1194 in
767 1139 883 1194 solidum
902 1139 1036 1196 aduersus
1054 1140 1157 1198 Titium
1176 1141 1324 1212 sobonem,
1348 1157 1410 1197 oum
1429 1143 1499 1198 seire

31 1243 43 1289 1
62 1232 184 1302 potuerit
201 1237 250 1287 aut
268 1233 393 1302 ignorare
407 1246 461 1287 non
475 1229 601 1286 debuerit
613 1229 753 1284 mulierem
766 1227 867 1286 frustra
879 1229 1055 1286 intercedere.
1084 1230 1155 1286 Huic
1167 1230 1263 1286 similia
1276 1235 1306 1285 ιι
1316 1222 1362 1286 illa
1374 1231 1498 1300 quaestio
1519 1242 1546 1282 ιι

62 1320 151 1376 uideri
169 1325 275 1392 potest,
296 1321 333 1378 ob
351 1324 471 1378 aetatem
489 1319 513 1374 si
531 1319 692 1374 restituatur
710 1319 738 1374 in
756 1318 892 1388 integrum
910 1335 981 1376 unus
999 1317 1151 1389 fideiussor,
1170 1333 1205 1374 an
1222 1319 1292 1375 ulter
1309 1335 1378 1376 onus
1397 1320 1498 1393 obliga·

62 1410 146 1466 tionis
167 1410 303 1480 integrum
327 1409 454 1482 eroipere
479 1406 587 1464 debeat.
622 1407 672 1464 sed
696 1408 735 1463 ita
755 1407 865 1464 demum
884 1407 962 1464 elteri
980 1413 1069 1464 totum
1087 1407 1262 1478 irrogandum
1280 1415 1337 1480 ιιι,
1362 1411 1385 1466 si
1402 1415 1500 1480 postea

62 1499 152 1554 minor
169 1498 332 1568 intercessit,
350 1503 463 1570 propter
480 1497 614 1554 incertum
633 1497 731 1552 aetatis
750 1512 783 1554 sc
801 1497 990 1554 restitutionis.
1016 1497 1090 1567 quod
1107 1497 1131 1552 si
1143 1497 1205 1553 delo
1218 1497 1360 1555 creditoris
1372 1499 1499 1556 inductus

62 1588 100 1644 sit
118 1587 220 1658 minor,
244 1593 275 1644 ut
292 1587 455 1658 fideiubest,
474 1602 528 1643 non
547 1587 636 1657 magis
654 1586 781 1644 eruditori
799 1586 1011 1643 succurrendum
1030 1587 1081 1642 erit
1099 1586 1232 1642 aduersus
1250 1585 1499 1660 confideiusserem,

62 1693 147 1748 qcsm
165 1678 189 1734 si
207 1676 281 1734 iacta
298 1679 446 1734 noustione
464 1677 651 1734 circumuento
670 1677 774 1734 minore
791 1675 960 1733 desideraret
971 1677 999 1732 in
1011 1679 1133 1732 ueterem
1145 1675 1296 1733 debitorem
1309 1677 1403 1734 utilem
1415 1679 1498 1736 aetio·
1519 1688 1547 1730 ιι

63 1781 127 1824 nem
145 1765 198 1822 sibi
216 1766 285 1822 dari.

5 1859 45 1918 49
117 1855 195 1910 Iners
217 1855 286 1911 libro
310 1855 460 1910 uicensimo
481 1855 600 1926 septime
618 1854 818 1924 quaestionum.
855 1852 885 1909 Si
902 1857 1068 1909 testamento
1086 1851 1230 1910 liberatum
1249 1853 1324 1910 debi-
1342 1831 1499 1940 [Q
1516 1860 1544 1915 P

63 1949 152 2000 terem
169 1943 248 2000 heres
266 1944 389 2014 emittm,
413 1942 603 2000 fideiussorem
622 1947 714 2000 autem
733 1943 792 2000 sius
811 1942 970 2012 conueniat,
988 1941 1111 2012 proderit
1128 1943 1253 2014 exceptio
1272 1943 1327 2001 doli
1344 1943 1498 2002 fideiussori

30 2050 42 2094 1
62 2037 177 2104 propter
194 2031 205 2102 ll
224 2031 426 2103 improbitatem
444 2032 568 2103 heredis,
586 2047 657 2103 quae
675 2032 807 2104 prodesse
825 2047 872 2087 reo
891 2030 1031 2102 debueret,
1050 2032 1074 2087 si
1092 2033 1292 2088 conueniretur.
1328 2034 1371 2088 Ex
1390 2033 1498 2090 duobus
1516 2041 1531 2088 t.
1543 2041 1588 2090 ιιι

62 2119 233 2178 fideiussoris
253 2121 400 2178 heredibus
423 2123 448 2179 si
471 2137 520 2193 per
543 2137 662 2178 errorem
686 2123 754 2178 alter
772 2120 889 2178 solidum
908 2121 1045 2192 exsoluat,
1069 2121 1180 2192 qnidam
1199 2126 1298 2192 putant
1315 2121 1417 2178 habere
1435 2139 1497 2179 eum
1517 2135 1546 2176 ιι

63 2211 264 2268 condictionem
286 2215 316 2267 ιι
338 2211 401 2266 ideo
425 2227 535 2268 manere
560 2213 710 2283 obligatum
735 2210 911 2267 coheredem:
935 2216 1060 2266 censente
1081 2225 1190 2281 qnoque
1209 2209 1381 2268 condictione
1400 2213 1498 2268 durare

63 2299 258 2370 obligetionsm
283 2299 425 2356 coheredis
447 2300 566 2372 probant
589 2307 747 2373 propterea,
770 2299 844 2371 quod
868 2299 999 2370 creditor,
1023 2300 1084 2370 qui,
1108 2299 1173 2354 dum
1191 2315 1221 2355 se
1239 2303 1319 2370 putet
1337 2300 1498 2374 obligatum,

62 2393 170 2461 portem
190 2389 224 2460 si,
242 2390 289 2459 qui
306 2393 396 2446 totum
414 2390 499 2461 dedit,
518 2393 674 2462 excoluerit,
693 2391 794 2446 nullam
812 2388 925 2445 habebit
942 2387 1151 2444 condictionem.
1182 2389 1255 2459 quod
1273 2389 1297 2445 si
1315 2389 1370 2446 duo
1387 2389 1497 2447 fideius-

63 2493 141 2536 sores
159 2479 264 2549 sccepti
283 2477 384 2536 luerint
401 2479 479 2535 uerbi
496 2479 586 2549 gratis
603 2481 632 2536 in
649 2480 748 2550 uiginti
764 2484 792 2536 et
804 2479 872 2534 ulter
884 2493 919 2534 ex
930 2476 1038 2534 duobus
1050 2476 1195 2534 heredibus
1206 2479 1318 2534 elterius
1330 2477 1498 2536 fideiussoris

62 2572 152 2626 tetum
171 2568 299 2624 creditori
316 2568 473 2639 excoluerit,
492 2567 605 2625 habebit
621 2569 731 2640 quidem
746 2568 852 2638 decem,
869 2583 940 2638 quse
952 2568 1013 2638 ipso
1024 2568 1083 2624 iure
1094 2582 1149 2623 non
1161 2566 1264 2638 debuit,
1282 2569 1496 2626 condictionem:
1517 2581 1545 2622 ιι

63 2673 100 2714 ιι
117 2661 211 2714 autem
229 2663 257 2713 et
274 2659 328 2714 alia
345 2657 464 2728 quinque
483 2659 558 2714 milia
575 2663 699 2729 repetere
716 2659 816 2729 possit,
838 2658 863 2714 si
880 2656 1024 2714 fideiussor
1041 2657 1110 2712 alter
1127 2655 1258 2714 soluendo
1277 2663 1328 2728 ιιι,
1347 2658 1496 2716 uidendum

63 2752 121 2802 est:
140 2745 176 2802 ab
194 2747 271 2804 initio
289 2747 361 2802 enim
380 2746 460 2803 heres
477 2745 644 2804 fideiussoris
663 2748 722 2804 siue
741 2746 855 2804 heredes
872 2752 904 2803 ut
920 2748 980 2818 ipse
997 2744 1142 2804 fideiussor
1159 2747 1288 2803 audiendi
1305 2751 1379 2819 sunt,
1397 2755 1428 2806 ut
1445 2749 1496 2806 sei-

63 2836 128 2892 licet
144 2850 195 2906 pro
213 2840 291 2906 parte
310 2835 410 2906 singuli
427 2833 602 2893 fideiussores
621 2837 685 2906 qui¹
704 2841 768 2892 sunt
786 2837 992 2894 conuenienter.
1020 2836 1156 2892 seuerior⁸
1174 2841 1203 2893 et
1220 2837 1312 2894 uther
1328 2838 1410 2894 estin
1422 2843 1496 2895 utro·

62 2939 118 2996 qne
141 2939 208 2980 esso
231 2925 278 2980 illa
299 2925 435 2982 sententia
458 2926 621 2982 solutionem
645 2941 701 2983 eon
724 2925 861 2982 indebitae
885 2925 1046 2996 quantitatis
1068 2940 1123 2981 non
1144 2924 1245 2982 debore
1263 2928 1399 2999 reuocari,
1421 2927 1496 2999 quod

30 3028 45 3074 ι
63 3015 147 3071 etism
170 3014 288 3086 epistula
305 3013 363 3070 diui
380 3015 422 3070 Pii
440 3013 610 3085 significatur
628 3015 655 3071 in
673 3029 791 3086 persona
808 3013 989 3085 fideiussoris,
1012 3015 1060 3084 qui
1078 3019 1166 3071 totum
1185 3016 1347 3072 exsolueret
1384 3017 1495 3083 Quaesi-
1514 3029 1544 3070 ιι

62 3109 122 3161 bum
141 3109 192 3174 est,
211 3119 246 3160 ιι
264 3102 415 3174 fideiussor,
434 3105 482 3174 qui
500 3103 618 3175 'eapnse
635 3105 781 3175 pecuniam
800 3119 830 3160 se
848 3103 982 3160 daturom'
1000 3104 1104 3160 Romae
1121 3104 1254 3175 promisit,
1272 3105 1297 3160 si
1308 3121 1372 3162 reus
1383 3108 1495 3178 promit·

62 3193 140 3250 tendi
157 3193 268 3263 espuss
286 3197 369 3263 esset,
387 3193 480 3248 statim
499 3195 638 3251 conueniri
656 3194 752 3265 possit.
779 3193 835 3249 dixi
853 3207 908 3250 ιιι
925 3193 1014 3263 magis
1031 3191 1219 3250 fideiussorem
1238 3193 1382 3252 confestim
1399 3199 1495 3270 teneri,

62 3299 147 3354 quum
165 3282 189 3338 si
207 3283 266 3353 ipse
285 3281 396 3354 Capuae
413 3283 615 3355 spopondisset,
633 3299 696 3340 eum
714 3297 777 3338 reus
796 3282 885 3338 adhue
902 3281 1023 3353 Capuam
1041 3285 1184 3353 peruenire
1203 3299 1258 3342 ιιι
1275 3286 1426 3356 potuisset:
1444 3302 1495 3342 neo

63 3372 99 3428 sd
118 3387 175 3427 rem
194 3371 339 3442 pertinere,
357 3371 431 3441 quod
450 3371 502 3429 heo
518 3373 603 3428 latere
621 3387 702 3428 nemo
719 3369 828 3428 dubitet
843 3371 964 3428 nondum
983 3369 1170 3430 fideiussorem
1184 3375 1278 3445 teneri,
1296 3376 1423 3445 quianee
1435 3375 1495 3447 ipse

62 3477 127 3518 reos
144 3459 321 3532 promittendi
339 3465 486 3517 teneretur.
516 3477 579 3518 nam
598 3475 614 3516 e
632 3462 768 3518 contrario
786 3476 895 3532 quoque
912 3461 1016 3532 siquis
1034 3462 1217 3534 responderit,
1240 3464 1369 3533 quoniam
1386 3463 1495 3522 debitor
1514 3477 1542 3518 ιι

62 3550 176 3622 capras
194 3551 244 3619 sit,
267 3547 454 3606 fideiussorem
473 3549 616 3607 confestim
634 3551 721 3607 teneri
738 3565 792 3607 non
810 3549 904 3607 habita
920 3551 1025 3607 ratione
1042 3551 1120 3606 taciti
1138 3552 1239 3622 proprii
1256 3554 1395 3624 temporis,
1413 3569 1494 3610 euen-

63 3647 164 3710 turum,
182 3643 215 3695 ut
232 3653 265 3695 co
284 3655 350 3696 casu
368 3639 514 3696 fideiussor
530 3640 716 3711 conuenistur,
735 3655 789 3711 quo
808 3639 915 3696 debitor
932 3640 1000 3710 ipss,
1019 3640 1043 3695 si
1060 3640 1164 3696 Romae
1176 3639 1281 3712 fuisset,
1300 3657 1355 3699 non
1367 3643 1494 3700 conueni-

63 3735 147 3785 retur.
173 3729 267 3800 itaque
285 3727 364 3785 nobis
381 3729 473 3800 placet
490 3728 687 3786 fideiussoriam
706 3728 900 3804 obligationem
917 3729 1104 3785 condicionem
1117 3730 1194 3786 taciti
1206 3733 1336 3802 temporis
1348 3746 1382 3788 er
1394 3733 1493 3790 utrius-

62 3833 116 3889 que
135 3831 254 3889 persona
270 3819 421 3890 reciperare
439 3822 496 3875 tom
514 3819 554 3874 rei
570 3817 746 3889 promittendi
764 3833 846 3888 quam
864 3818 951 3889 ipsius
962 3816 1139 3888 fideiussoris,
1157 3820 1285 3890 quoniam
1298 3820 1371 3876 aliud
1383 3837 1493 3893 respon·

62 3905 194 3964 dentibus
215 3911 311 3963 contra
328 3909 394 3964 iuris
412 3907 528 3965 formam
546 3908 574 3964 in
592 3907 729 3965 duriorem
747 3907 933 3964 condicionem
952 3911 1081 3978 acceptus
1099 3908 1280 3978 intellegetur.
1512 3924 1541 3964 so

8 3995 47 4056 50
116 3997 194 4051 lours
220 3995 289 4052 libro
310 3997 471 4067 trigessimo
495 3999 613 4069 septimo
636 3997 836 4068 quaestionum.
873 3995 997 4053 Debitori
1021 3996 1139 4054 creditor
1162 4013 1212 4068 pro
1233 4003 1312 4068 parts
1336 3995 1493 4082 [lsjssfiso
1511 4007 1538 4060 P

62 4084 143 4140 heres
161 4085 253 4141 extitit
271 4091 384 4156 accepto
402 4087 536 4144 coherede
553 4085 727 4144 fideiussore:
746 4086 819 4158 quod
838 4085 875 4142 ad
892 4085 978 4157 ipsius
995 4085 1106 4157 quidem
1123 4087 1276 4157 portionem
1295 4077 1492 4160 attinetffrbh‘

62 4175 140 4246 gotio
163 4161 268 4230 ratione
291 4173 458 4232 contusionis
484 4175 623 4234 intercidit
649 4181 698 4233 aut
725 4175 810 4246 (quod
834 4175 1001 4243 asinarius)
1025 4176 1168 4232 solutionis
1192 4181 1342 4246 potestate:
1369 4178 1419 4234 sed
1442 4195 1492 4249 pro

62 4267 140 4336 psrte
159 4261 302 4320 coheredis
319 4263 450 4335 obligatio
469 4267 546 4322 selua
563 4271 678 4324 estnon
695 4263 880 4337 fideiussoris,
905 4265 955 4322 ssd
971 4263 1149 4337 hereditaria,
1172 4267 1301 4337 queniam
1319 4269 1406 4324 maior
1422 4269 1493 4325 tollit

62 4353 204 4410 minorem.
1509 4368 1539 4410 ιι

64 4449 257 4520 emmo)

64 4579 73 4614 ¹
92 4577 117 4632 si
134 4592 190 4632 non
208 4580 333 4634 estrees
356 4577 494 4648 obligatus
512 4579 564 4664 dei.
582 4585 627 4633 out
643 4596 693 4633 ser.
711 4577 776 4648 qula
798 4591 854 4633 non
877 4579 921 4632 est
941 4590 1005 4633 rens
1028 4575 1166 4648 obligatus
1190 4579 1234 4650 (es.
1251 4579 1288 4633 D.
1299 4580 1343 4646 45,
1356 4581 1380 4646 1,
1393 4579 1492 4649 132,1)

64 4649 76 4684 ²
93 4647 228 4705 soluendo
246 4658 294 4704 ιιι.
365 4650 377 4685 ¹
395 4649 444 4706 sed
462 4663 552 4706 senor
569 4651 604 4719 (a
617 4649 665 4718 i.)i

64 4783 173 4838 3nono
191 4781 290 4836 ιιι*
338 4781 522 4853 bpeenli⁴sri
540 4779 577 4834 ι’*
621 4780 680 4837 6ιὶ
697 4795 753 4837 ιιι
805 4781 931 4838 diodonis
943 4781 980 4836 F¹
1034 4783 1069 4838 26
1086 4783 1206 4854 quinque
1219 4782 1307 4840 'milis'
1318 4788 1443 4855 repetere
1455 4786 1493 4840 ἲ)

63 4853 117 4926 est]
130 4851 199 4918 ff,
217 4867 268 4940 sno
281 4853 523 4910 nominari-roto
529 4853 563 4908 O:
582 4867 632 4908 suo
644 4853 753 4938 nomine
805 4855 840 4909 28
849 4853 1018 4940 senerierlli,
1030 4853 1082 4939 sed
1088 4856 1177 4910 uerior
1185 4856 1217 4910 X
1219 4855 1327 4912 istoc
1359 4857 1394 4912 29
1403 4855 1491 4912 illa‘m'

61 4923 753 5068 u‘..tul¹.no·.i...1tretet.i
805 4929 976 5068 stilibi
991 4919 1244 5068 §.siggim
1265 4927 1497 5068 sigilii

62 5069 143 5128 dart
161 5069 199 5124 5²
246 5067 364 5150 iddare
383 5069 415 5123 F:
433 5067 542 5124 sossius·
561 5067 589 5124 B
637 5068 654 5123 2
690 5081 753 5124 oon·
805 5068 840 5124 36
858 5083 963 5141 cappae
981 5069 1008 5124 F
1054 5070 1088 5127 37
1106 5015 1221 5127 fuisseytt
1231 5071 1271 5127 Ρ
1285 5073 1291 5141 1
1306 5016 1442 5142 ιιιῙΡζιι
1454 5071 1491 5125 F·

5 5367 33 5388 e..

5 5367 126 5445 m.

130 5427 150 5445 b„
192 5433 205 5446 ι
