3464 5444
302 383 340 460 e
378 380 444 457 AN
471 379 563 455 PER
589 377 736 454 ALIUM
765 376 951 454 CAUSAE
978 375 1378 453 APPELLATIONUM
1405 373 1552 452 REDDI

587 507 588 510 ‘
786 500 999 578 POSSUNT
1040 501 1078 578 dt

130 637 133 650 “
174 669 189 724 1
265 661 416 716 Unrrsuuu
433 658 502 714 libro
520 661 619 728 quarto
637 656 859 726 appellationum.
890 655 991 722 Quaeri
1002 657 1081 725 solet,
1099 672 1134 711 an
1151 669 1202 726 per
1219 655 1303 710 alium
1321 669 1423 710 caum
1441 669 1490 725 ap·
1508 649 1668 737 [effic

118 731 123 794 -¹‘
210 751 365 822 pollutionis
383 747 461 804 reddi
479 749 608 817 possunt:
627 759 697 814 quae
716 759 761 800 res
778 745 806 799 in
824 743 907 800 rebus
925 745 1089 814 pecuniariis
1107 751 1136 800 et
1152 745 1181 800 in
1199 742 1359 800 criminibus
1376 744 1478 813 agitari
1495 729 1708 836 consueuit}

109 868 113 920 ’ἢ
212 843 241 894 et
259 840 286 894 in
304 837 386 892 rebus
404 835 568 905 pecuniariis
587 839 651 888 sunt
668 834 803 904 rescripta
819 848 902 902 posse
920 834 992 902 agii
1020 833 1105 889 uerba
1122 833 1248 904 rescripti
1265 833 1306 888 ita
1323 847 1353 888 se
1367 831 1485 888 babent:
1504 831 1575 886 'Diui
1592 830 1710 914 irs„X

109 927 110 930 ’
212 928 275 984 'tres
289 925 425 994 Longino.
453 922 482 978 Si
501 923 550 977 tibi
568 923 615 992 qui
633 922 782 992 appellauit
805 921 959 991 mandauit,
983 927 1015 976 ut
1028 937 1095 976 eum
1114 921 1149 976 de
1168 921 1364 992 appellatione,
1389 935 1473 989 quarn
1492 921 1576 975 Pollia
1591 919 1639 982 ad
1663 947 1710 998 ἱ

100 1010 103 1072 l
213 1015 282 1070 'eum
302 1013 380 1082 lecit,
403 1009 582 1080 defenderes,
605 1013 634 1065 et
652 1025 696 1065 res
714 1009 872 1080 pecuniaria
889 1015 946 1064 est:
970 1009 1036 1064 nilsil
1059 1009 1186 1080 probibet
1208 1010 1318 1065 nomine
1340 1007 1401 1064 eius
1425 1012 1455 1064 te
1472 1008 1699 1104 responderQfi

212 1103 262 1158 ‘sin
280 1109 372 1156 autem
391 1115 446 1155 non
463 1099 500 1154 sit
516 1099 675 1168 pecuniaria
693 1113 785 1166 causa,
804 1097 854 1176 sed
872 1097 1010 1168 capitalis,
1029 1113 1078 1167 per
1095 1103 1298 1168 procuratorem
1317 1099 1364 1167 agi
1381 1099 1527 1153 nonlicet.
1551 1097 1597 1152 sed
1614 1123 1697 1192 §t

85 1207 92 1260 ,ὲ
212 1191 244 1246 'si
262 1206 296 1245 ea
314 1205 399 1244 cansa
416 1189 466 1256 sit,
484 1202 519 1242 ex
538 1201 593 1256 qna
610 1187 688 1256 sequi
706 1186 778 1241 solet
795 1201 884 1256 poena
901 1201 990 1256 osque
1008 1185 1044 1240 ad
1062 1187 1352 1258 relegationem,'non
1370 1189 1482 1257 oportet
1498 1201 1547 1256 per
1562 1186 1684 1278 alira1¹¹

79 1292 83 1350 l
212 1280 319 1334 ‘causas
337 1279 396 1347 agi,
420 1277 469 1332 sed
488 1277 577 1346 ipsum
596 1275 694 1330 adesse
712 1274 848 1330 auditorio
867 1273 968 1329 debere
985 1274 1127 1330 sciendum
1150 1273 1210 1331 est'.
1236 1277 1318 1346 plane
1341 1276 1366 1332 si
1388 1275 1547 1344 pecuniaria
1562 1289 1679 1364 ειη·
1727 1285 1728 1290 ’

212 1373 265 1436 est,
283 1383 318 1422 ex
336 1382 391 1436 qua
409 1364 559 1434 ignominia
576 1364 708 1434 sequitur,
726 1369 818 1434 potest
835 1369 864 1418 et
881 1378 930 1434 per
948 1369 1152 1433 procuratorem
1169 1363 1222 1419 boc
1234 1363 1288 1434 agi.
1316 1362 1400 1432 idque
1412 1364 1466 1418 erit
1476 1362 1667 1446 probandum²

213 1456 287 1511 etin
305 1455 366 1524 ipso
384 1459 558 1522 accusemne,
581 1453 605 1509 si
624 1453 804 1522 appellauerit
827 1452 872 1506 uel
895 1452 918 1506 si
942 1451 1076 1508 aduersm
1100 1467 1162 1507 eum
1181 1453 1218 1508 sit
1235 1453 1412 1523 appellatum.
1440 1457 1470 1508 et
1486 1452 1666 1532 generalia„

212 1559 284 1615 quae
302 1557 387 1598 causa
404 1557 454 1612 per
471 1543 554 1596 alium
572 1541 618 1610 agi
637 1556 691 1596 non
709 1545 809 1611 potest,
827 1540 887 1596 eius
905 1555 957 1596 nec
975 1541 1184 1610 appellationem
1202 1556 1252 1612 per
1269 1541 1353 1598 alinm
1372 1541 1420 1610 agi
1437 1543 1550 1609 oportet
1702 1588 1728 1623 Ι

58 1615 63 1640 ¹
175 1636 194 1694 2
267 1632 373 1686 Macen
390 1629 459 1686 libro
477 1630 599 1684 secundo
617 1629 653 1686 de
671 1627 907 1699 appellationibus.
939 1627 968 1684 Si
985 1635 1145 1698 procurator
1163 1629 1285 1686 absentis
1303 1629 1492 1700 appellauerit,
1508 1621 1652 1728 Q
1694 1663 1728 1712 ὃ

48 1718 53 1790 l
214 1720 314 1776 deinde
332 1719 452 1776 rationes
470 1718 628 1787 reddiderit,
647 1717 730 1784 nihilo
748 1717 838 1772 minus
856 1717 916 1787 ipse
928 1717 1095 1788 respondere
1106 1718 1198 1774 debet.
1225 1719 1275 1774 sed
1288 1734 1324 1774 an
1336 1733 1370 1774 cc
1382 1721 1508 1773 cessante
1520 1716 1646 1785 domins.

47 1795 53 1800 ’
212 1809 268 1864 litis
286 1807 451 1878 respondere
469 1807 559 1877 possit
575 1807 701 1876 exemplo
720 1805 912 1875 adulescentis,
931 1806 1089 1862 uideamus:
1108 1808 1196 1877 magis
1214 1813 1306 1864 nmen
1322 1806 1494 1877 obseruator,
1511 1811 1539 1861 nt
1552 1811 1648 1871 arolfi

213 1895 315 1953 debeat
332 1898 360 1952 in
378 1897 469 1952 cauus
488 1881 678 1966 appellationis
695 1893 844 1950 reddendis
862 1895 894 1965 is,
913 1895 992 1950 coisse
1010 1894 1132 1952 absentis
1149 1901 1310 1966 procurator
1328 1895 1486 1966 appellauit

137 442 143 518 l

38 1860 43 1926 l

908 2109 945 2192 X
1712 2135 1727 2175 c

249 2265 287 2344 R
328 2265 368 2343 s1
398 2263 561 2341 TUTOR
586 2263 678 2339 UEL
708 2259 933 2339 ooRATOR
959 2261 1374 2342 MAGISTRATUSUE
1398 2263 1582 2342 OREATUS
1712 2277 1728 2330 s

717 2385 1075 2464 APPELLAUERFP
1115 2387 1153 2466 dt

179 2553 194 2610 1
268 2543 418 2600 Unersuus
435 2542 504 2599 libro
521 2543 603 2599 artic
621 2541 656 2598 de
674 2539 765 2598 officio
784 2543 912 2598 consulis.
942 2541 972 2598 Si
990 2541 1085 2612 qniad
1100 2559 1214 2600 munera
1231 2543 1343 2615 publica
1360 2544 1488 2600 nominati
1504 2533 1677 2626 [ῆι-’ζε-
1711 2538 1726 2593 l

214 2633 412 2704 appellauerint
430 2647 481 2687 nec
499 2647 598 2688 causas
616 2631 806 2702 probauerint,
829 2633 917 2687 scient
935 2631 970 2686 ad
987 2633 1139 2702 periculum
1157 2649 1237 2688 sunm
1256 2633 1407 2703 pertinere,
1430 2633 1453 2688 si
1469 2619 1677 2702 quidboni

214 2737 263 2793 per
281 2737 385 2777 moram
404 2722 595 2792 appellationis
614 2721 652 2776 rei
671 2719 796 2791 publicae
815 2719 953 2776 acciderit.
981 2720 1055 2790 quod
1078 2721 1102 2776 si
1125 2721 1283 2791 appamerit
1305 2735 1355 2777 ecs
1379 2721 1523 2777 necessario
1536 2731 1675 2790 prouo-

121 2793 131 2812 ⁴
215 2825 303 2879 cesse,
322 2811 366 2864 cui
385 2809 594 2864 adscribendum
614 2811 650 2864 sit
667 2809 696 2864 id
714 2809 853 2879 damnum,
871 2825 984 2879 praeses
1002 2809 1046 2865 uel
1064 2810 1191 2880 princeps
1210 2809 1376 2865 aestimabit

178 2907 197 2966 2
268 2899 526 2954 Hnassoosursnns
549 2897 618 2953 libro
641 2897 737 2968 quinto
763 2898 829 2952 iuris
847 2899 1036 2968 epitomarnm.
1072 2899 1160 2955 Tutor
1178 2899 1222 2954 uel
1241 2903 1352 2954 curator
1368 2903 1487 2954 retentm
1503 2888 1696 2980 Q

215 2987 239 3042 si
256 2987 450 3058 prouocanerit
468 2991 578 3042 etanta
596 3001 707 3041 causam
727 2992 816 3042 actam
836 2987 975 3057 moriatur,
993 2991 1105 3058 propter
1122 2987 1273 3058 periculum
1291 2987 1376 3043 medii
1392 2987 1514 3058 temporis
1528 2997 1669 3041 suecen-

215 3091 292 3132 sores
310 3077 369 3132 eius
388 3089 486 3130 causas
504 3075 695 3145 appellationis
713 3089 826 3130 necesse
845 3073 948 3130 habent
965 3075 1089 3132 reddere.

902 3289 966 3374 Xl.

268 3445 305 3522 a
345 3441 444 3520 EUM
473 3441 552 3535 QUI
578 3439 936 3518 APPELLAUERIT
964 3441 1012 3518 ΙΝ
1038 3439 1294 3520 PROUINCIA
1319 3441 1516 3520 DEFENDI
1543 3439 1570 3517 lt

180 3609 196 3664 1
271 3599 420 3655 Uarianos
436 3597 507 3653 libro
524 3603 621 3667 quarto
639 3596 674 3652 de
693 3596 930 3666 appellationibus.
966 3597 1051 3666 Eum,
1070 3597 1117 3666 qni
1135 3597 1300 3668 appellauit,
1324 3603 1450 3669 oportere
1464 3599 1489 3654 in
1505 3585 1638 3680 [ffli

216 3687 358 3758 prouincia
375 3685 486 3741 delendi
503 3686 531 3740 in
550 3686 610 3740 aliis
628 3685 686 3740 suis
703 3685 803 3754 causis,
822 3685 930 3740 etiamsi
948 3685 1138 3756 appellationis
1156 3702 1242 3742 causa
1257 3687 1457 3758 peregrinetur,
1474 3685 1522 3741 diui
1534 3681 1602 3738 ons

216 3777 340 3832 Decimio
358 3773 463 3830 Philoni
481 3774 687 3844 rescripserunt.

180 3871 198 3928 2
271 3865 446 3918 Msamsnus
463 3861 532 3917 libro
550 3862 672 3916 secundo
690 3861 726 3916 de
744 3861 981 3932 appellationibus.
1018 3863 1079 3918 Hoc
1102 3863 1175 3918 enim
1196 3863 1250 3919 illls
1266 3867 1438 3934 praestatur,
1459 3877 1490 3919 ne
1504 3849 1616 3946 ωε

219 3967 332 4007 necesse
350 3949 471 4006 babeant
488 3966 518 4006 se
536 3948 692 4020 defendere,
711 3952 758 4020 qui
776 3945 815 4006 'rel
833 3949 959 4022 publicae
977 3965 1063 4007 cansa
1080 3949 1189 4007 absunt

216 4071 407 4144 raresco)

216 4195 323 4204 —--—

219 4261 228 4298 ¹
248 4262 294 4330 agi
312 4261 358 4315 det
377 4269 422 4316 aas
440 4270 487 4316 rsa.
505 4276 554 4330 per
571 4261 654 4316 adum
730 4261 742 4296 ²
760 4259 915 4318 aduersos?

219 4443 362 4512 bagatari
381 4443 417 4496 F²
471 4445 544 4514 Bet]
563 4445 597 4500 ed
616 4447 652 4500 ΡΙ
707 4447 740 4502 11
759 4443 859 4502 dedere
873 4445 908 4500 ΡΙ
962 4443 1178 4516 iiqui's'adF’
1213 4441 1558 4520 tenerositatem

221 4515 255 4568 14
279 4514 487 4583 appellationem
513 4535 561 4568 ons.
579 4517 629 4571 F:
656 4516 717 4578 οῩτε
746 4515 760 4570 si
783 4515 909 4572 tartarce
963 4516 1063 4589 inpie
1080 4515 1221 4588 ’surrpcrrisa
1245 4517 1260 4570 ir
1281 4517 1469 4591 acspsrupsias
1485 4523 1533 4570 arlo

221 4581 458 4646 airricarusirerB
500 4586 534 4641 18
552 4586 579 4642 in
592 4605 641 4640 om.
654 4589 690 4642 ΓΙ
732 4588 908 4642 mlrabr.
962 4588 1109 4655 mom)
1142 4579 1543 4662 30prouinoia1isdfiptom'b‘

219 4673 269 4708 cm.
288 4657 339 4710 scd.
358 4655 382 4710 F
402 4657 408 4724 Ι
431 4657 652 4728 magistratusue]
685 4659 863 4730 magistratus
890 4659 916 4714 F
962 4659 998 4716 34
1015 4673 1051 4716 ne
1063 4665 1195 4716 *neceam
1213 4657 1251 4712 F*
