4350 5438
297 298 574 348 sreursrosuroure
967 273 1056 356 939
1504 281 1530 348 L
1554 284 1595 348 16
1617 289 1733 345 61-75

238 439 277 498 61
351 438 471 493 Pauuus
488 435 557 492 libro
576 435 768 514 serageosimo
786 438 882 507 quinto
900 437 936 493 ad
955 436 1084 492 edictum.
1114 435 1322 494 'Satisdationis'
1335 437 1518 510 appellatione
1537 440 1576 495 in·
1595 435 1733 520 [Effusas
1752 443 1780 498 E

297 526 405 582 tendum
425 527 508 580 etiam
527 526 702 596 repromissio
720 524 911 594 continebitur,
930 543 986 596 que
1002 531 1148 582 contentus
1166 525 1219 582 fuit
1236 528 1268 596 is,
1287 528 1332 584 cni
1349 527 1495 583 satisdatio
1513 515 1732 583 debebatis*

239 618 279 678 62
351 614 446 670 Galus
467 613 537 670 libro
560 614 710 670 uicensimo
729 618 808 670 sexto
827 614 862 669 ad
881 615 1001 670 edictum
1020 615 1196 686 prouinciale.
1231 615 1328 686 'Tignl'
1347 616 1531 687 appellatione
1549 617 1576 672 in
1595 613 1733 700 Quassus
1752 619 1779 674 Ε

297 704 360 774 lege
378 703 522 758 duodecim
542 702 697 758 tabularum
716 718 797 758 omne
814 719 903 772 genna
921 704 1061 774 materiae,
1079 720 1114 760 ax
1132 719 1188 774 qua
1205 703 1331 760 aedilicia
1348 709 1484 774 constant,
1502 693 1732 774 significatu-s*
1754 717 1769 757 a

239 796 279 854 63
351 791 503 848 Uunrauus
529 791 598 848 libro
625 793 849 862 septuagensimo
873 793 960 862 primo
984 793 1019 848 ad
1043 793 1173 849 edietum.
1209 793 1305 850 'Penes
1328 792 1364 848 te'
1388 795 1505 864 amplius
1528 799 1572 849 est
1595 791 1734 877 [sirmio
1753 799 1781 854 E

297 897 380 952 quarn
400 882 481 952 ‘apud
500 881 550 936 te':
567 898 631 936 nam
650 881 724 951 opud
741 886 770 936 te
788 887 839 951 cst,
858 881 932 950 quod
950 882 1183 952 qualiterqualiter
1201 897 1219 937 a
1236 887 1265 938 te
1283 887 1423 953 teneatur,
1441 897 1526 952 pones
1543 886 1573 937 te
1591 871 1735 954 effi

299 969 418 1040 quodam
438 968 519 1026 modo
536 968 702 1038 possidetur.

240 1064 281 1122 64
351 1061 471 1115 Pauuus
494 1056 564 1112 libro
587 1057 780 1126 sexagensimo
798 1058 915 1128 septimo
934 1057 969 1113 ad
987 1057 1117 1114 edictum.
1153 1057 1319 1114 lntestatns'
1337 1063 1453 1114 estnon
1471 1063 1578 1115 tantum
1597 1055 1735 1143 [W
1753 1065 1781 1121 Ε

299 1149 346 1218 qui
365 1152 561 1204 testamentum
580 1145 726 1216 mutauit,
745 1146 794 1201 sed
813 1148 896 1202 etiam
915 1148 993 1202 cuius
1011 1163 1046 1202 ex
1064 1153 1230 1203 testamento
1248 1147 1386 1202 hereditas
1404 1147 1480 1203 adita
1497 1162 1552 1204 nen
1570 1135 1734 1204 est*—
1755 1161 1768 1201 a
1862 1191 1863 1194 η

240 1241 281 1300 65
353 1237 504 1293 Uneranus
526 1233 595 1290 libro
613 1235 837 1305 septuagensimo
855 1236 977 1292 secundo
995 1236 1031 1291 ad
1048 1237 1178 1292 edictum.
1209 1235 1341 1291 'Heredis'
1358 1233 1506 1307 appellatio
1524 1253 1579 1293 non
1597 1233 1736 1320 [W
1754 1243 1782 1299 Ε

299 1326 387 1382 solum
407 1324 443 1382 ad
461 1323 615 1394 proximum
634 1322 771 1393 heredem,
791 1323 840 1379 sed
858 1331 888 1380 et
906 1325 941 1380 nd
959 1325 1101 1380 ulteriores
1118 1322 1250 1380 rotamur:
1268 1341 1331 1380 nam
1350 1331 1379 1381 et
1396 1325 1504 1381 heredia
1522 1325 1602 1382 hares
1619 1331 1648 1382 et
1660 1314 1736 1382 dein·

299 1431 365 1486 nepa
384 1414 493 1470 heredia
511 1412 694 1482 appellatione
711 1413 875 1468 continetur.

240 1508 281 1568 66
353 1504 431 1558 lours
448 1501 517 1558 libro
535 1501 760 1571 septuagensimo
778 1505 876 1571 quarto
894 1501 930 1556 ad
947 1501 1077 1558 edictum.
1109 1500 1222 1558 ‘Mareia'
1240 1501 1387 1572 appellatio
1406 1501 1442 1556 ad
1460 1517 1505 1557 res
1522 1517 1579 1558 mo·
1598 1498 1736 1586 Q
1756 1509 1782 1563 Ε

299 1591 369 1648 biles
386 1597 493 1646 tantum
512 1590 638 1661 pertinet.
1756 1605 1786 1644 ra

240 1685 282 1744 67
353 1681 431 1736 Iners
449 1680 518 1736 libro
536 1677 759 1748 septuagensimo
778 1681 857 1732 sexto
876 1675 912 1732 ad
932 1677 1061 1734 edictum.
1089 1677 1262 1734 'alienatum'
1275 1694 1329 1735 non
1346 1679 1455 1750 proprie
1470 1679 1578 1749 dicitnr,
1597 1675 1738 1762 [Q
1754 1686 1783 1740 E

269 1769 375 1839 1qned
398 1769 488 1824 adhue
511 1769 539 1824 in
562 1767 683 1823 dominio
706 1765 858 1822 uenditoris
881 1771 988 1821 manet:
1012 1766 1169 1824 'uenditum'
1192 1773 1285 1824 tamma
1308 1771 1384 1823 recte
1408 1767 1522 1823 dicetur.
1558 1766 1737 1824 'Donationis'

300 1856 414 1914 uerbum
432 1858 592 1928 simpliciter
609 1855 746 1925 loquendo
764 1869 872 1910 omnem
891 1853 1067 1911 donationem
1086 1856 1326 1927 comprehendisse
1337 1855 1456 1932 uidetur,
1474 1858 1534 1912 siue
1547 1857 1642 1912 mortis
1653 1872 1738 1912 cansa

300 1948 359 2002 siue
378 1962 432 2002 non
451 1946 545 2002 mortis
564 1961 649 2000 eausa
666 1943 757 1999 suerit.

240 2038 282 2099 68
353 2036 430 2090 lusu
452 2033 521 2090 libro
546 2033 770 2104 septuagensimo
793 2031 909 2102 septimo
933 2031 969 2086 ad
991 2032 1120 2088 edietum.
1157 2033 1207 2088 Ille
1228 2031 1316 2089 uerba
1336 2031 1477 2090 'arbitratu
1495 2033 1574 2089 Lucii
1598 2030 1736 2117 [We—ee
1754 2040 1781 2094 Ε

301 2124 374 2180 'Titii
392 2122 458 2178 fieri'
475 2124 519 2178 ius
537 2121 694 2192 significant
711 2127 740 2176 et
758 2122 785 2176 in
803 2137 913 2176 sernum
932 2136 987 2177 non
1005 2121 1116 2177 cadunt.
1433 2175 1438 2183 ,
1755 2135 1784 2175 ao

241 2217 282 2276 69
354 2213 432 2268 lusu
458 2211 527 2267 libro
552 2211 776 2282 septuagensimo
800 2217 900 2266 octauo
924 2211 959 2266 ad
982 2209 1112 2294 edictum.
1148 2210 1225 2266 Haec
1247 2208 1334 2266 uerba
1357 2208 1408 2265 'oui
1432 2209 1472 2265 rei
1495 2209 1575 2266 dolus
1597 2205 1736 2294 Q
1755 2217 1783 2272 Ε

302 2302 398 2358 'malus
421 2299 509 2356 aberit
533 2299 639 2355 ainerit'
657 2301 822 2369 generaliter
844 2299 1079 2369 comprehendunt
1102 2313 1210 2354 omnem
1229 2297 1336 2368 dolum,
1360 2298 1525 2369 quicumque
1543 2299 1571 2354 in
1589 2298 1661 2354 hane
1678 2315 1736 2355 rem

246 2399 251 2404 '
302 2391 439 2447 admissus
457 2394 509 2458 est,
527 2388 563 2443 de
581 2404 637 2457 qua
654 2388 794 2458 stipulatio
813 2393 857 2443 est
874 2389 1044 2459 interposita.

241 2483 284 2542 70
355 2481 474 2536 Pauuus
491 2476 561 2534 libro
579 2477 803 2547 septuagensimo
821 2477 903 2532 tertio
921 2475 957 2531 ad
975 2467 1104 2531 edietum.
1132 2475 1280 2532 Sciendum
1299 2481 1342 2531 est
1354 2474 1482 2530 heredem
1494 2476 1577 2531 etiam
1597 2471 1736 2561 [ffl
1754 2481 1782 2537 Ε

301 2585 352 2640 per
369 2569 470 2624 multas
487 2566 677 2622 successiones
695 2565 791 2635 accipi.
822 2582 884 2620 nom
904 2565 999 2634 paucis
1018 2563 1178 2637 spellciebus
1196 2563 1318 2620 ‘heredis'
1336 2563 1483 2635 appellatio
1500 2567 1654 2634 proximum
1673 2581 1736 2622 con·
1754 2573 1771 2620 l.
1782 2569 1836 2622 ttt'

302 2659 380 2728 tinet,
399 2657 484 2712 ueluti
503 2657 530 2710 in
549 2653 745 2710 substitutione
763 2651 912 2724 impuberis
931 2653 1062 2722 'quisquis
1081 2653 1145 2708 mihi
1164 2653 1243 2710 heres
1261 2654 1321 2724 erit,
1338 2653 1411 2708 idem
1429 2651 1485 2708 filio
1503 2653 1582 2709 heres
1594 2654 1671 2724 esto,
1690 2654 1737 2710 ubi
1756 2667 1785 2708 aa

301 2747 411 2802 heredia
429 2743 508 2801 lieres
526 2759 581 2798 non
598 2741 761 2811 continetur,
780 2743 845 2812 quia
862 2743 983 2797 incertus
1000 2748 1051 2797 est.
1077 2743 1144 2798 item
1162 2743 1190 2797 in
1201 2743 1263 2812 lege
1275 2743 1355 2798 Aelia
1367 2741 1463 2798 Sentio
1474 2741 1545 2798 tilius
1556 2742 1636 2799 heres
1647 2743 1738 2814 proxi·

302 2851 364 2891 mus
381 2840 474 2905 potest
491 2833 616 2888 libertum
635 2836 780 2902 paternum
799 2835 831 2885 ut
847 2831 985 2900 ingratum
1003 2845 1148 2901 securare,
1167 2847 1222 2886 non
1240 2831 1323 2886 etiam
1342 2831 1366 2886 si
1383 2831 1477 2887 heredi
1495 2831 1575 2887 hares
1593 2833 1737 2888 exstiterit.

302 2925 375 2980 idem
394 2923 494 2979 dicitur
511 2923 539 2977 in
557 2937 701 2992 operarum
719 2919 877 2990 erectione,
896 2925 927 2974 nt
943 2917 1016 2974 filius
1034 2919 1114 2975 heres
1132 2920 1243 2990 erigere
1260 2921 1362 2990 possit,
1380 2935 1436 2976 non
1454 2935 1489 2976 ex
1506 2923 1680 2978 sucoeasioue
1698 2921 1738 2978 ai·

302 3011 400 3069 iectus.
431 3011 516 3067 uerba
534 3010 602 3065 haec
621 3010 652 3064 'ia
671 3009 706 3064 ad
725 3023 806 3078 quem
826 3023 860 3063 ea
877 3007 1064 3078 respertinet'
1082 3009 1123 3064 aio
1140 3009 1344 3079 intelleguntur,
1362 3014 1394 3064 ut
1412 3010 1459 3080 qui
1477 3011 1505 3066 in
1520 3011 1677 3067 uniuersum
1689 3010 1737 3068 do·
1757 3023 1786 3066 ae

303 3103 416 3158 minium
435 3101 479 3156 uel
497 3101 555 3155 iure
573 3099 647 3154 ciuili
666 3098 710 3154 nei
727 3097 786 3152 iure
804 3097 942 3166 praetorio
960 3097 1092 3166 succedit,
1111 3099 1292 3153 contineatur.

243 3193 283 3252 ‘11
356 3190 507 3246 Uuesauus
529 3187 599 3244 libro
620 3187 843 3256 septuagensimo
867 3201 939 3240 nono
962 3186 999 3240 ad
1022 3187 1151 3241 edietum.
1188 3185 1272 3242 Aliud
1295 3192 1339 3241 est
1360 3184 1482 3258 'capere'‚
1507 3187 1581 3244 aliud
1599 3184 1738 3272 [Βῖῑῐε
1755 3196 1784 3251 Ε

303 3277 452 3348 ‘accipere'.
484 3291 583 3348 capere
604 3291 666 3330 eum
684 3275 786 3330 effectu
803 3275 950 3344 accipitur:
973 3276 1111 3345 accipere,
1136 3281 1164 3330 et
1181 3276 1205 3330 si
1223 3276 1285 3345 quia
1303 3290 1357 3331 non
1375 3275 1416 3330 sic
1434 3277 1556 3347 accepit,
1579 3265 1737 3333 nt'he‘heat‘.

303 3367 421 3437 ideoque
444 3381 499 3422 non
521 3365 632 3420 uidetur
654 3365 715 3434 quia
739 3378 851 3434 capere,
875 3363 948 3434 quod
974 3365 1040 3419 erit²
1059 3364 1249 3420 restituturus:
1272 3364 1344 3419 sicut
1367 3365 1527 3434 peruenisse
1544 3365 1654 3436 proprie
1671 3365 1739 3420 illud

271 3469 284 3514 1
304 3453 509 3524 dieitur„quod
527 3459 571 3509 est
589 3469 788 3509 remansurum.
824 3453 900 3508 llaec
918 3451 1004 3508 uerba
1021 3452 1071 3508 ‘his
1089 3451 1171 3507 rebus
1188 3456 1264 3507 reete
1282 3453 1422 3522 praestari
1440 3453 1493 3508 hoc
1510 3453 1679 3524 significant,
1703 3469 1738 3509 ne
1758 3467 1787 3509 aa
1897 3505 1900 3510 .

273 3583 277 3590 -
304 3544 370 3614 quid
389 3543 539 3613 perieulum
558 3543 603 3598 uel
622 3541 752 3597 damnum
770 3557 805 3596 ea
823 3555 857 3596 ea
874 3555 904 3596 re
922 3541 1066 3611 stipulator
1084 3541 1206 3596 sentiret

244 3637 285 3695 72
357 3633 477 3688 Patruus
494 3631 563 3688 libro
582 3631 804 3702 septuagensimo
823 3634 902 3686 sexto
920 3629 956 3686 ad
974 3630 1104 3686 edictum.
1134 3625 1327 3700 appellatione
1345 3628 1399 3686 'rei'
1416 3645 1481 3700 pars
1499 3629 1582 3685 etiam
1601 3624 1739 3712 [ᾗῇ
1757 3639 1784 3695 Ε

304 3721 467 3777 continetur.

245 3817 286 3875 73
358 3810 509 3866 ULPIANUS
532 3809 601 3865 libro
624 3808 813 3878 octogensimo
836 3807 872 3862 ad
890 3807 1020 3863 edietum.
1056 3807 1133 3863 Haec
1150 3805 1237 3862 uerba
1253 3807 1282 3862 in
1299 3807 1475 3876 stipulatione
1492 3807 1585 3876 posita
1602 3803 1740 3885 [W
1758 3816 1786 3870 Ε

306 3898 373 3954 'eam
392 3915 450 3954 ram
468 3904 543 3954 recta
560 3897 674 3953 restitui
693 3895 798 3952 iructus
816 3897 969 3952 continent:
988 3895 1078 3952 ‘reeta'
1095 3897 1167 3950 enim
1186 3895 1300 3951 uerbum
1318 3910 1369 3966 pro
1387 3895 1440 3950 uiri
1457 3895 1522 3950 beni
1540 3883 1739 3952 arbitrio—ess
1759 3911 1788 3950 ro

245 3993 287 4052 74
359 3989 478 4044 Faunus
504 3987 574 4043 libro
601 3987 724 4043 secundo
750 3985 786 4041 ad
810 3986 929 4041 edictum
955 3984 1083 4040 aedilium
1106 3985 1249 4040 curulium.
1285 3982 1458 4053 signatorius
1482 3985 1580 4040 anulus
1603 3981 1741 4068 Q
1759 3993 1786 4046 Ε

305 4076 473 4132 'ornamenti'
492 4077 673 4146 appellatione
690 4091 746 4131 nou
764 4075 926 4130 continetur.
1741 4071 1742 4074 ’

245 4170 287 4231 75
358 4165 435 4220 Inna
458 4163 527 4220 libro
548 4165 794 4236 quinquagensimo
813 4163 849 4219 ad
868 4163 997 4218 edietum.
1028 4159 1198 4218 ‘Restituere'
1216 4160 1240 4216 is
1258 4159 1334 4216 nide-
1353 4155 1740 4246 Q
1758 4170 1786 4223 Ε

305 4259 357 4324 tur,
377 4255 424 4323 qui
442 4253 470 4308 id
489 4255 617 4324 restituit,
636 4253 710 4324 quod
728 4251 870 4308 habiturus
889 4257 963 4308 eaact
980 4255 1065 4322 actor,
1084 4252 1107 4307 si
1125 4250 1313 4307 controuersia
1330 4250 1356 4306 ei
1373 4247 1447 4306 iacta
1464 4266 1520 4308 non
1538 4255 1621 4306 esset.
1759 4264 1790 4304 ra

304 4351 499 4422 rmruoc)

307 4497 315 4534 ¹
335 4500 379 4549 aar
397 4493 501 4562 (uerae

305 4626 414 4696 6qnod
434 4623 754 4696 quodamtqnoden1sr'e]
769 4625 816 4688 Ρ)
835 4623 917 4679 modo
934 4639 997 4694 pos·
1050 4624 1140 4679 itui
1153 4621 1188 4678 Ρ
1228 4623 1262 4678 31
1275 4621 1349 4677 ciuili
1361 4622 1405 4678 uel
1417 4621 1476 4676 iure
1489 4622 1582 4676 omi*
1621 4623 1656 4677 33
1669 4622 1741 4690 eum]

306 4699 421 4767 uidetur]
442 4697 556 4752 FXY'G
572 4717 628 4752 cum
647 4697 688 4750 B.-
711 4695 744 4749 rd
765 4696 856 4766 τρόπῳ
879 4695 927 4748 uui
953 4715 997 4749 ae·
1050 4697 1128 4751 atil
1145 4697 1150 4762 Ι
1166 4695 1263 4749 sicem.
1277 4691 1743 4762 ΡτκᾶκοῩχοῨτωοτιεὲλὲΞΔτοΒ

306 4769 432 4832 aduenae,
445 4765 997 4838 quicquidtquodOtnnimo(atcuo.lt1)
1051 4768 1086 4822 35
1104 4766 1146 4821 hia
1164 4765 1247 4821 rebus
1266 4771 1340 4820 reete
1377 4764 1501 4834 raestari]
1519 4763 1557 4819 'eni
1571 4765 1675 4826 rotrone
1687 4765 1743 4818 τοῖα

305 4840 463 4911 possidetur
494 4839 586 4894 Y‘MO
696 4839 730 4894 10
759 4837 934 4893 hereditatis
962 4835 998 4890 F*
1050 4837 1173 4908 upe'tsuaer
1199 4835 1231 4890 τὸ
1251 4834 1334 4906 ὀρθὸκ
1352 4780 1396 4906 gb
1415 4834 1504 4905 opeda
1523 4837 1598 4905 Spa)
1616 4853 1742 4906 παρακεχε-

307 4915 341 4968 ll
363 4909 635 4981 compr‘a'ehendissa
658 4910 696 4962 Ρ
757 4911 792 4964 22
816 4909 912 4976 aberit}
934 4921 997 4962 anc-
1051 4909 1126 4964 sisar
1140 4907 1293 4971 duoadrace
1306 4908 1332 4962 Β
1379 4908 1415 4962 36
1433 4907 1479 4962 nei
1495 4907 1535 4961 hta
1547 4907 1583 4959 Ρ
1630 4907 1742 4962 wenn-

306 4985 344 5039 rit
364 4985 406 5048 F!
427 4980 660 5052 comprehendant
681 4981 717 5034 F¹
789 4981 824 5036 25
847 4979 998 5034 successio·
1050 4981 1163 5036 tinctF
1211 4979 1248 5035 44
1265 4977 1399 5036 habituris
1418 4977 1453 5032 Ρ

306 5051 401 5111 ne'm'a
414 5053 450 5107 Ρ
498 5055 533 5110 26
546 5051 788 5109 substitutionem*
800 5049 949 5121 impuberis
963 5051 998 5104 Ρ
