3464 5460
281 253 444 320 xxxxul
465 255 509 320 24
529 261 647 316 20-22
950 247 1038 328 610
1349 270 1445 329 ouon
1467 270 1505 318 u1
1526 271 1585 320 rur
1602 273 1669 330 omn

249 418 261 463 1
281 416 330 467 aut
347 412 429 466 ianua
446 415 514 480 puta
531 412 682 482 praeclusa.
718 408 874 466 Prohibitus
898 414 990 466 autem
1013 408 1181 480 intellegimr
1197 408 1321 480 quolibet
1337 407 1506 480 prohibentis
1524 414 1590 479 ertu,
1608 413 1672 475 idest

283 501 326 556 nel
353 499 468 556 dicentis
491 515 521 556 ae
545 500 688 570 prohibere
715 499 760 554 uei
784 515 894 555 manum
917 499 1080 570 opponentis
1103 499 1261 570 lapillumue
1283 499 1412 554 muntia
1435 497 1586 568 prohrbeudi
1602 507 1672 570 piru,

249 596 263 640 a
282 589 400 646 Tamdiu
417 589 557 644 automni
575 587 641 644 feeit
659 587 819 659 prohibitus,
838 589 969 658 quamdiu
987 603 1031 644 res
1049 589 1077 644 in
1095 587 1192 644 eodem
1210 592 1285 644 statu
1304 585 1488 658 permanebit:
1506 603 1564 642 nam
1575 590 1673 660 sipuu.

250 685 263 729 u
282 679 441 734 conuenerit
463 693 525 734 oum
550 677 722 746 aduersario,
745 677 846 732 desinit
869 678 898 732 ui
921 675 1021 732 iooere.
1057 677 1127 732 Item
1150 677 1174 732 si
1196 675 1325 748 prohibiti
1342 676 1422 732 heres
1441 677 1486 732 uel
1502 677 1539 746 is,
1558 678 1598 746 qui
1611 679 1635 735 rb
1648 699 1673 739 so

282 767 387 835 emerit,
408 767 537 836 ignorans
556 765 895 836 eausampraeeedeutem
914 765 1017 835 feeerit,
1037 765 1184 822 dieendum
1201 780 1263 822 esse
1281 767 1449 836 Pomponius
1467 765 1507 822 sit
1523 780 1573 820 non
1587 766 1693 827 inurens

249 863 264 908 t
282 870 345 910 eum
363 856 391 910 in
410 855 593 910 interdictum.
622 855 701 920 Quod
718 855 746 910 iu
765 869 837 911 naue
854 853 887 910 tit
904 855 948 912 uei
966 855 994 910 in
1012 855 1067 910 alia
1081 854 1204 926 quatuor
1215 870 1245 910 re
1257 855 1490 926 solemnissima,
1509 853 1592 910 mobili
1601 861 1672 930 tanen,

250 951 264 996 5
282 959 338 1000 non
355 944 510 1000 continetur
527 943 579 1000 hoo
596 944 750 1000 interdicto.
778 943 844 1000 Siue
861 945 890 999 in
909 945 1017 1015 priuato
1035 944 1095 1000 siue
1111 943 1141 1000 in
1157 943 1268 1014 pubiieo
1286 959 1356 1014 opus
1374 942 1424 1000 fiat
1442 944 1501 1000 siue
1518 943 1544 998 in
1559 943 1609 999 loeo
1617 961 1672 1004 sarm

282 1033 387 1094 sinsin
405 1034 541 1103 religioso,
560 1033 735 1088 interdiotum
753 1035 892 1103 competit

226 1119 263 1176 21
334 1123 506 1178 Pouroruus
524 1119 592 1178 libro
611 1123 760 1178 uicensimo
778 1136 850 1179 nono
869 1121 912 1178 ad
923 1120 1063 1178 Sabinum.
1091 1121 1121 1178 Si
1138 1137 1216 1191 opus,
1235 1121 1309 1192 quod
1321 1122 1383 1192 quis
1395 1121 1488 1178 iussus
1499 1126 1541 1176 est
1556 1115 1697 1204 [iiffis

283 1211 415 1280 aiudiee,
434 1212 480 1280 qui
500 1210 604 1266 exhor
622 1211 766 1267 interdicto
784 1216 911 1281 sumptus
928 1217 1011 1281 esset,
1029 1211 1182 1280 restituero,
1201 1210 1270 1266 stiur
1288 1211 1350 1280 quis
1367 1210 1536 1266 niautdam
1548 1213 1672 1280 sustituit,
1685 1227 1702 1264 u

250 1308 263 1352 1
283 1300 366 1356 nihile
389 1299 478 1356 minus
501 1299 573 1356 idern
596 1301 641 1354 ilie
661 1299 817 1356 omnimodo
835 1299 945 1356 iubetur
962 1315 1032 1370 opus
1049 1300 1200 1355 restituero.
1237 1298 1268 1356 Si
1285 1300 1391 1356 iussero
1408 1315 1518 1355 seruum
1536 1313 1612 1356 moun
1624 1316 1673 1371 opu

281 1387 386 1459 faeere,
410 1404 486 1458 eum,
510 1395 642 1458 quantum
661 1389 697 1444 ad
716 1405 760 1446 me
778 1391 789 1460 i
808 1390 939 1460 pertinet,
963 1390 991 1444 in
1008 1389 1170 1444 elandesh'ni
1188 1389 1371 1460 suspirionem
1395 1404 1451 1444 non
1475 1387 1588 1458 ueniret,
1605 1397 1726 1444 munstur

283 1483 374 1534 autem
394 1494 471 1534 meus
490 1478 635 1547 putauerit,
654 1479 678 1534 si
696 1479 825 1534 reseisset
842 1477 1025 1547 aduersarius,
1042 1476 1241 1548 prohibiturum
1253 1493 1326 1546 eum,
1345 1494 1381 1533 an
1393 1475 1508 1533 tenear?
1532 1481 1674 1547 etuoupoto,

250 1574 344 1624 auum
363 1583 425 1623 mea
444 1582 561 1636 persona
578 1567 614 1622 sit
631 1567 771 1623 intuenda.
802 1568 834 1622 In
851 1582 934 1637 opere
952 1582 1025 1622 nouo
1043 1572 1099 1622 um
1118 1567 1170 1622 soii
1187 1583 1270 1636 quam
1289 1567 1358 1622 eseli
1376 1581 1505 1622 mensura
1521 1564 1628 1622 imienda
1639 1573 1674 1621 ost

250 1663 265 1706 a
283 1655 313 1712 Si
331 1657 392 1726 quis
409 1661 522 1726 propter
539 1671 609 1726 opus
627 1654 730 1712 suetum
749 1657 792 1712 ios
810 1655 920 1726 aliquod
939 1655 1043 1725 praedii
1061 1655 1161 1726 amisit,
1178 1656 1207 1712 id
1225 1655 1333 1712 restitui
1350 1671 1386 1712 ex
1403 1655 1457 1711 hoo
1469 1653 1675 1711 interdietodebe.
1688 1665 1706 1705 u

226 1740 265 1798 22
336 1745 508 1800 Uuuunsrus
526 1743 595 1800 iibro
614 1743 735 1802 seeundo
753 1745 968 1800 interdiotorum.
996 1743 1025 1800 st
1044 1745 1128 1800 uitem
1147 1759 1236 1800 meam
1255 1761 1290 1800 ex
1301 1743 1388 1801 fundo
1400 1759 1462 1800 meo
1474 1744 1502 1800 iu
1514 1739 1706 1800 ruminent

283 1833 510 1904 deprehenderis¹
531 1847 619 1902 eaque
637 1834 665 1889 in
684 1832 769 1888 fundo
787 1837 836 1890 tue
854 1834 994 1902 ooaluerit,
1015 1834 1082 1889 utile
1099 1838 1143 1890 est
1160 1834 1335 1890 interdictum
1353 1833 1428 1904 quod
1446 1833 1476 1888 ui
1493 1837 1541 1888 aut
1556 1833 1614 1888 eun
1627 1833 1678 1888 intrr

284 1938 399 1978 ennom:
418 1922 468 1977 sed
486 1923 510 1977 si
528 1939 616 1978 annus
634 1923 812 1992 praeterierit,
831 1923 932 1978 nullam
951 1937 1091 1978 remanere
1109 1924 1245 1978 aetionem
1263 1923 1397 1992 radioes²,
1416 1937 1489 1992 quae
1506 1921 1533 1977 in
1550 1920 1621 1976 tundo
1634 1935 1678 1976 neo

252 2019 264 2063 1
284 2012 347 2082 sint,
366 2015 428 2066 tuas
446 2010 513 2080 fieri,
531 2012 596 2080 quia
613 2011 672 2066 bis¹
691 2011 862 2068 aeeessiones
881 2012 945 2066 sint.
977 2009 1007 2066 Si
1025 2011 1087 2081 quis
1106 2011 1134 2066 ui
1152 2013 1287 2068 antelam
1306 2012 1452 2081 arauerit⁴,
1469 2015 1537 2080 puto
1554 2026 1607 2066 eum
1616 2009 1679 2065 teneri

285 2099 336 2155 boo
358 2100 504 2156 interdicto
528 2099 640 2170 perinde
662 2105 744 2170 atque
768 2101 792 2156 si
810 2099 911 2156 fossam
931 2097 1055 2156 sedisset:
1080 2102 1224 2158 nonenim
1243 2117 1278 2158 ex
1295 2101 1428 2172 qualitate
1446 2101 1537 2171 operis
1553 2099 1608 2156 hoio
1621 2100 1680 2154 iuter·
1693 2108 1710 2147 u

252 2195 266 2241 u
285 2187 359 2244 dioto
377 2190 454 2244 loeus
472 2193 523 2256 est,
542 2188 591 2244 sed
610 2204 644 2244 ex
663 2204 746 2259 opere
764 2188 845 2258 sarto,
864 2188 939 2259 quod
956 2188 1162 2246 eohaeretsolo.
1190 2188 1220 2246 Si
1231 2189 1268 2246 od
1280 2191 1391 2246 ianuam
1403 2205 1494 2246 meam
1506 2187 1605 2244 tabutas
1614 2187 1681 2244 iretis

285 2281 314 2332 et
332 2292 384 2347 ego
403 2293 464 2346 ees,
489 2279 647 2347 priusquam
666 2277 716 2334 tibi
734 2278 936 2346 denuntiarem,
961 2277 1090 2348 retirero,
1115 2278 1215 2334 deinde
1233 2279 1350 2334 inuieem
1369 2279 1514 2335 interdioto
1532 2278 1597 2349 quod
1612 2277 1682 2332 uiant

285 2366 355 2422 elam
374 2367 524 2435 egerimus:
543 2367 595 2421 nisi
613 2368 737 2422 remittas
756 2366 829 2436 mihi,
847 2372 879 2422 ut
892 2366 1028 2437 absoluat,
1047 2366 1283 2424 oondemnandum
1296 2372 1333 2438 te,
1352 2369 1432 2438 quasi
1444 2383 1503 2424 rem
1514 2383 1568 2424 non
1577 2368 1681 2434 meurs,

285 2455 380 2525 quanti
399 2471 462 2510 mes
479 2455 599 2525 intersit,
626 2461 674 2512 aut
691 2461 766 2510 eerte
783 2457 972 2526 exceptionem
991 2455 1057 2520 mihi
1074 2454 1245 2526 profuturam
1264 2457 1295 2512 ‘si
1313 2473 1368 2512 non
1386 2457 1415 2512 ui
1433 2473 1485 2514 nee
1502 2457 1570 2512 olam
1585 2471 1626 2512 neo
1638 2469 1682 2525 pre

253 2551 267 2596 u
286 2543 383 2598 'eurio⁵
402 2541 515 2600 feeeris’.
552 2543 581 2600 Si
600 2549 706 2600 stereus
723 2559 772 2615 per
789 2543 904 2600 fundum
923 2560 1014 2600 meum
1033 2545 1142 2615 tuleris,
1164 2561 1225 2600 oum
1245 2545 1274 2602 id
1291 2551 1320 2602 te
1337 2539 1429 2602 faeere
1448 2547 1597 2614 uetuisssn,
1613 2559 1681 2614 qun·
1694 2551 1710 2590 ¹⁵

286 2647 367 2702 quam
386 2633 453 2688 nihii
470 2632 562 2688 damni
580 2632 677 2688 feceris
695 2633 760 2690 mihi
778 2649 829 2690 uee
847 2633 924 2690 tundi
943 2635 1014 2690 mei⁶
1033 2635 1191 2704 mutaueris,
1210 2640 1304 2692 umen
1321 2636 1409 2690 teneri
1420 2641 1450 2692 to
1462 2635 1535 2706 quod
1547 2633 1681 2690 nisurum
1719 2633 1720 2638 ’

286 2721 433 2778 Trebatius
451 2723 498 2776 uit.
526 2721 618 2778 Labeo
637 2729 739 2792 eontra,
759 2737 793 2778 ne
811 2723 893 2778 etium
913 2723 945 2791 is,
964 2723 1012 2792 qui
1029 2723 1174 2780 dumtaxat
1191 2725 1244 2780 iter
1261 2739 1311 2794 per
1328 2722 1444 2780 fundum
1462 2721 1681 2780 meumfeoeritant

253 2820 270 2867 4
287 2812 384 2865 suem⁷
404 2811 491 2880 egerit
508 2817 661 2866 senatusue
679 2810 762 2868 tuerit
779 2811 838 2866 sine
856 2812 911 2868 ulio
928 2826 1020 2882 opere,
1039 2811 1091 2868 boo
1108 2813 1255 2868 interdioto
1272 2818 1407 2868 teneatur.
1441 2813 1471 2870 Si
1488 2813 1550 2884 quis
1564 2813 1678 2884 proieeton

287 3003 349 3044 oum
373 3003 405 3044 eo
428 2989 485 3058 agi,
509 2989 583 3058 quod
607 2990 635 3044 in
658 2989 801 3061 repolehro
825 2989 855 3044 ui
877 2995 926 3046 aut
946 2991 1015 3046 eiam
1034 2988 1137 3046 tartum
1156 2991 1204 3061 sit,
1227 2992 1293 3062 quis
1309 2990 1448 3061 sepuiebri
1464 2992 1502 3048 sit
1519 3007 1568 3048 nou
1583 2988 1702 3047 munus

286 3078 371 3146 loeus,
389 3077 436 3146 qui
454 3079 567 3148 recipiat
586 3077 777 3147 humationem,
796 3077 845 3134 sed
863 3093 944 3134 omne
962 3080 1044 3136 etiam
1062 3095 1147 3150 supra
1163 3080 1191 3136 id
1210 3081 1329 3136 eaelum:
1348 3095 1437 3150 eoque
1455 3081 1562 3136 nomino
1576 3081 1674 3136 mana
1731 3136 1732 3143 ,

255 3176 269 3222 o
287 3165 392 3236 pulchri
410 3167 504 3222 uiolati
520 3167 566 3236 agi
583 3182 674 3236 posse.
701 3167 730 3224 Si
748 3169 780 3236 is,
798 3167 845 3240 qui
863 3167 1065 3226 denuntiauerit
1082 3185 1113 3224 se
1130 3184 1200 3239 opus
1214 3166 1360 3238 fauturum,
1378 3167 1523 3226 oonteatim
1535 3165 1672 3240 operuerit
1730 3202 1732 3219 ι

287 3257 356 3312 olam
375 3253 474 3312 feeisse
492 3271 546 3312 non
564 3255 741 3326 intellegitur:
759 3273 822 3312 nam
842 3257 865 3312 si
883 3264 947 3328 post
964 3263 1080 3329 tempus,
1100 3258 1236 3316 uidebitur
1253 3259 1323 3315 olam
1342 3257 1450 3316 ieoisse.

288 3361 479 3432 uxruoo)

290 3521 711 3594 ¹depressoris(R.Stephnnas:
728 3545 753 3578 u.
766 3523 815 3590 ui?
872 3523 1176 3595 ²radieesqnefflmtt
1233 3521 1308 3595 ⁸liis]
1322 3515 1670 3596 nitimseamrdrlntptddi
1726 3554 1732 3575 ι

289 3595 466 3650 ⁴inarauerit
488 3597 522 3660 (a.
543 3595 642 3666 p.605,
660 3595 724 3662 39)?
842 3597 928 3652 ‘neo
951 3597 1020 3652 elam
1043 3611 1094 3652 neo
1117 3597 1250 3668 precario]
1279 3597 1420 3653 antelam
1448 3601 1492 3671 (cf
1509 3599 1553 3652 t7
1569 3586 1669 3666 §diiii
1704 3612 1707 3657 j

289 3667 301 3701 θ
319 3663 416 3749 faeiem
434 3669 469 3732 (u.
482 3669 510 3732 t.)
529 3668 569 3720 uel
585 3669 666 3720 rtmtte
684 3685 738 3721 uor.
759 3673 804 3722 tna.
876 3668 886 3701 ⁷
904 3665 1004 3723 bouem
1024 3671 1058 3735 (u.
1072 3669 1122 3736 ii?
1149 3677 1153 3686 '

291 3825 306 3878 1
325 3823 511 3894 prohibentis
536 3823 574 3877 Ρ
631 3825 648 3878 2
670 3823 835 3894 lapillumue]
858 3825 976 3896 surpuit·
1029 3827 1284 3900 nerodtpetirasror
1299 3829 1389 3898 tepore
1405 3817 1667 3902 superuenerunt*

289 3895 381 3950 lomus
405 3897 441 3948 Ρ
463 3900 468 3963 Ι
488 3895 624 3966 iaetantia]
649 3897 693 3959 Ρ,
716 3897 886 3952 laota'm'ntis
910 3897 946 3950 Ρ
970 3897 975 3968 Ι
1029 3903 1139 3954 nubtum
1153 3906 1218 3952 autu
1232 3905 1330 3953 emmas
1344 3901 1349 3964 Ι
1364 3897 1487 3968 eaqu'a'e
1500 3899 1535 3951 Ρ
1584 3895 1668 3960 lnquit

290 3965 480 4038 probibendi‘s'
493 3967 582 4036 gratia
602 3967 638 4020 Ρ
687 3969 704 4022 3
723 3975 832 4022 autem*
847 3971 882 4021 Ρ
898 3971 902 4030 t
917 3984 977 4038 per·
1031 3969 1066 4022 Ρ
1082 3973 1087 4036 ι
1103 3971 1126 4024 si
1136 3970 1198 4040 quis
1207 3970 1235 4024 ui
1244 3975 1292 4024 aut
1301 3970 1371 4024 olam
1381 3970 1511 4039 arauerit}
1524 3970 1667 4037 restauratur

291 4039 458 4093 maneuitF¹
502 4037 617 4106 theros]
629 4037 685 4102 Ffl,
695 4037 760 4094 bere
771 4041 816 4092 Ρ
825 4043 850 4104 (s
859 4041 919 4094 add.
931 4041 977 4106 Ρ)
1031 4041 1077 4105 [riu
1102 4059 1149 4104 οογ
1172 4039 1318 4112 iporpn'cm
1343 4042 1370 4096 B
1388 4041 1470 4113 (Ttp.)
1532 4041 1564 4094 20
1581 4027 1670 4104 adqui
1721 3996 1732 4169 Ι

292 4107 514 4164 icontine'n'tur
528 4110 562 4162 Ρ
577 4111 582 4173 t
597 4110 657 4164 loeo
670 4125 748 4165 suero
760 4110 820 4165 siue
831 4111 859 4164 in
874 4131 921 4164 om.
931 4111 977 4174 Ρ,
1030 4115 1064 4168 21
1078 4111 1130 4180 est]
1144 4113 1235 4168 setF²
1278 4114 1313 4167 23
1327 4109 1514 4182 'exegerimus
1525 4111 1559 4164 Ρ
1589 4105 1666 4180 iltuit

291 4188 390 4235 tremunt
410 4181 520 4236 Graeci:
541 4179 570 4234 ὲκ
590 4181 652 4250 ἱερῷ
675 4181 748 4248 τόπῳ
773 4181 786 4234 t't
812 4182 929 4249 uuuusr'q)
951 4182 977 4236 B
1031 4183 1128 4238 ΜΡ
1187 4185 1222 4238 26
1239 4179 1318 4238 fundi
1336 4184 1399 4253 mei]
1424 4185 1540 4254 speeiem
1560 4177 1665 4258 fundibfl
1721 4200 1732 4259 Ι

291 4251 365 4322 (Spu.
385 4259 408 4306 at
428 4252 495 4322 Ttp.)
553 4251 800 4308 dintordiet'o'um
825 4253 861 4306 Ρ
915 4253 978 4308 9si
1030 4253 1153 4319 XYMO,
1174 4253 1251 4310 tondi
1270 4255 1323 4310 moi
1339 4253 1484 4311 faeiemG
1532 4254 1562 4308 27
1576 4250 1664 4328 territt
1722 4274 1732 4345 p

291 4323 432 4396 opusreq.]
451 4323 507 4392 rupi
526 4323 574 4384 τοῩ
592 4323 673 4393 te'epq
692 4323 706 4376 ir
727 4325 768 4394 tiu
787 4323 978 4384 ruraticauroc
1031 4326 1068 4380 Ρ
1089 4329 1094 4392 Ι
1115 4329 1165 4382 sut
1187 4340 1268 4382 ouem
1290 4327 1388 4396 egerit]
1410 4335 1485 4400 quart
1501 4319 1664 4397 wintune
1722 4362 1732 4369 Η

291 4393 849 4459 roretercdiuindtrracroiaursurdriuar
863 4395 978 4466 uturp.)
1031 4401 1283 4468 gregemuetoues,
1298 4405 1336 4453 itu
1348 4405 1492 4454 mmm:
1508 4391 1662 4476 usuratio·
1721 4378 1732 4429 Ι

292 4465 494 4534 10a1adr¹
555 4467 588 4520 11
612 4473 741 4522 seruum
766 4468 802 4519 π’
864 4467 898 4520 12
918 4481 978 4536 per·
1032 4469 1157 4533 sessuros
1226 4469 1268 4522 nu
1291 4469 1339 4530 eoi
1361 4468 1442 4540 uper
1466 4487 1515 4532 uu
1577 4471 1662 4532 emur·
1722 4434 1732 4521 Ι

290 4537 458 4592 ruerem
473 4538 477 4602 ι
493 4536 706 4592 ounrsuemn
722 4539 759 4592 F²
813 4538 847 4594 13
864 4539 979 4594 reses·
1032 4541 1058 4594 Β
1074 4540 1154 4612 (rep.)
1199 4541 1235 4596 na
1253 4546 1406 4596 remmus
1423 4540 1505 4596 usur
1568 4523 1661 4616 esunt
1722 4523 1732 4639 Ι

292 4612 335 4662 set
353 4609 390 4660 Ρ
449 4609 483 4662 14
506 4623 568 4662 eum
586 4615 666 4664 *mua
688 4610 724 4661 Ρ
780 4610 813 4664 16
831 4613 923 4664 uetem
941 4609 978 4664 Ρ
1032 4609 1126 4666 ebrum
1138 4611 1282 4668 immiserit
1294 4630 1342 4666 ouo
1356 4613 1392 4664 Ρ
1439 4605 1660 4688 eontquutt·

293 4679 326 4733 li
336 4677 555 4748 deprehenderis]
567 4679 739 4736 FXYMOG:
749 4678 795 4733 'eia
804 4679 978 4736 ieiunetur
1031 4683 1068 4736 Ρ
1117 4683 1152 4738 31
1170 4681 1388 4738 humanitiouuur
1401 4683 1435 4738 F:
1453 4679 1659 4738 reuocentur*
1723 4674 1732 4715 ¹

292 4767 340 4814 οογ
357 4749 460 4813 siturus
478 4749 516 4804 sic
534 4749 582 4804 rhu
600 4748 679 4822 irpdu
697 4769 748 4815 κογ
764 4753 790 4806 Β
807 4752 896 4823 (Pup),
914 4753 980 4808 ursdr
1031 4753 1059 4808 B
1076 4752 1157 4824 (Tip.)
1208 4755 1244 4810 32
1262 4752 1416 4810 oomtoatim
1433 4755 1461 4808 F
1722 4722 1732 4829 1

1725 4872 1732 4919 i

1727 4930 1732 4981 i

1728 5018 1732 5057 t

1729 5092 1732 5153 i
