4350 5438
1315 227 1402 310 908
1753 255 1800 304 nn
1822 197 2077 303 nncumorrsus

844 595 881 672 R
920 592 985 670 DE
1012 458 1450 672 DEGURIONIBUISLET
1477 593 1609 672 FlLllS
1636 593 1802 671 EORUM
1840 593 1880 672 R
2092 615 2153 671 err

608 754 624 810 1
699 749 848 805 Unrrruus
866 748 934 806 libro
952 749 1073 806 secundo
1092 749 1259 820 opinionum.
1294 751 1472 822 Decuriones,
1491 765 1561 822 quos
1579 749 1692 806 sedibus
1709 750 1843 821 ciuitatis,
1862 748 1899 805 ad
1917 763 2001 820 quam
2019 763 2077 819 per-
2093 749 2123 803 S·

644 839 746 908 tinent,
765 839 866 894 relictis
884 839 912 894 in
931 839 985 894 alia
1001 835 1063 895 loca
1080 839 1290 908 transmigrasse
1308 839 1481 912 probabitur,
1499 854 1613 910 praeses
1630 840 1788 910 prouinciae
1806 840 1835 894 in
1853 839 1973 910 patrium
1992 838 2077 893 solnm

644 943 774 984 reuocare
793 934 822 982 et
838 927 996 984 muneribus
1014 927 1229 998 congruentibus
1246 925 1325 1004 iungi
1342 933 1428 984 curet.
2093 942 2106 983 s

607 1020 626 1078 ιι
698 1017 776 1072 lours
792 1017 862 1072 libro
879 1019 967 1088 primo
985 1017 1209 1088 disputationum.
1246 1015 1297 1083 Qui
1316 1017 1352 1072 ad
1370 1023 1480 1088 tempus
1498 1017 1637 1086 relegatus
1655 1019 1711 1087 est,
1730 1015 1754 1071 si
1772 1014 1886 1072 decurio
1903 1017 1955 1085 sit,
1973 1015 2113 1072 desinett

645 1121 706 1162 esse
725 1105 844 1161 decurio.
873 1121 1000 1161 reuersus
1019 1107 1099 1176 plane
1117 1106 1207 1162 locum
1226 1121 1305 1162 suum
1324 1107 1434 1178 quidem
1459 1122 1514 1162 non
1532 1103 1680 1177 optinebit,
1705 1103 1754 1161 sed
1778 1121 1833 1161 non
1856 1119 1968 1175 semper
1989 1104 2077 1175 prohi-

644 1195 726 1251 betur
743 1195 854 1250 decurio
871 1193 939 1250 lieri.
967 1195 1086 1264 donique
1103 1196 1131 1250 in
1149 1197 1238 1251 locum
1257 1211 1337 1251 suurn
1356 1211 1411 1251 non
1430 1196 1589 1251 restituetur
1607 1197 1680 1262 (nam
1699 1199 1728 1250 et
1745 1193 1854 1264 sublegi
1870 1195 2002 1250 inlocum
2021 1194 2077 1249 eius

644 1287 746 1356 potest)
764 1289 793 1340 et
810 1287 833 1338 si
851 1299 982 1340 uumerus
1000 1283 1102 1340 ordinis
1120 1284 1217 1354 plenus
1235 1285 1284 1355 sit,
1303 1289 1465 1355 exspectare
1483 1300 1546 1340 eom
1565 1289 1687 1356 oportet,
1711 1282 1800 1338 donec
1818 1284 1888 1338 alius
1906 1290 1999 1338 uacet
2026 1283 2077 1338 alia

645 1387 729 1428 causa
747 1379 790 1428 est
807 1373 879 1442 eius,
902 1374 949 1442 qui
968 1373 1003 1428 ad
1020 1378 1130 1443 tempus
1148 1373 1243 1429 ordine
1261 1379 1432 1430 remouetur:
1455 1373 1499 1429 hic
1522 1374 1594 1429 enirn
1617 1373 1730 1443 impleto
1752 1375 1877 1443 tompore
1895 1372 2009 1428 decurio
2027 1376 2075 1427 est
2092 1385 2116 1425 re

644 1461 694 1516 sed
713 1467 741 1517 et
759 1462 786 1516 in
805 1461 886 1516 huius
904 1463 993 1517 locum
1012 1461 1119 1532 sublegi
1137 1463 1251 1532 poterit:
1270 1462 1320 1518 sod
1338 1469 1367 1518 et
1384 1463 1408 1518 si
1425 1463 1536 1533 plenum
1554 1463 1644 1516 locum
1663 1461 1806 1532 inuenerit,
1826 1467 1975 1532 exspectet,
1993 1461 2076 1516 donee

480 1579 483 1588 ,
514 1547 517 1554 '
612 1551 720 1607 ilocus
739 1557 827 1606 uacet.
864 1550 1018 1606 Restitutus
1037 1555 1130 1605 tamen
1149 1551 1177 1606 in
1194 1551 1317 1607 ordinem
1336 1558 1426 1607 utrum
1446 1567 1508 1606 eum
1527 1550 1649 1606 ordinem
1668 1555 1776 1620 teneat,
1794 1566 1877 1621 quern
1895 1551 2014 1621 primum
2032 1549 2075 1604 lra-

643 1640 712 1709 buit,
731 1655 767 1695 au
782 1653 850 1694 uero
869 1654 948 1709 quem
968 1655 1042 1694 nuno
1059 1645 1176 1695 nanctus
1195 1645 1246 1710 cst,
1265 1641 1359 1712 quaeri
1377 1645 1478 1712 potest,
1496 1641 1520 1695 si
1538 1638 1608 1695 iorte
1624 1639 1659 1694 de
1671 1639 1765 1696 ordine
1778 1640 1978 1695 sententiarum
1989 1639 2074 1694 dioen-

644 1728 741 1784 rlarum
761 1733 867 1798 agatur.
894 1727 1011 1782 arbitror
1032 1731 1126 1783 tamen
1151 1730 1268 1786 eundem
1293 1730 1416 1786 ordinem
1441 1737 1548 1799 tenere,
1571 1743 1652 1798 quem
1675 1728 1780 1799 pridem
1799 1727 1905 1784 habuit
1933 1727 2074 1784 nunidem

612 1825 627 1872 ι
645 1818 697 1872 erit
715 1818 742 1872 in
762 1831 810 1886 eo,
829 1817 875 1886 qui
895 1817 1033 1886 relegatus
1051 1817 1087 1872 ad
1105 1823 1214 1888 tempus
1233 1825 1289 1875 est:
1308 1836 1372 1876 nam
1391 1819 1435 1876 hio
1453 1819 1530 1874 nelnt
1548 1833 1642 1873 nouus
1655 1817 1684 1872 iu
1702 1817 1825 1873 ordinem
1844 1817 1932 1873 uenit.
1968 1817 2000 1872 In
2017 1814 2112 1871 uliu'u

646 1906 822 1962 decurionum
841 1906 967 1975 quaestio
985 1911 1042 1976 est,
1067 1911 1159 1963 utrum
1177 1908 1201 1964 is
1219 1909 1294 1964 solus
1313 1909 1468 1965 decurionis
1485 1905 1557 1962 lilius
1575 1921 1636 1962 esse
1654 1906 1793 1976 uideatur,
1816 1907 1865 1977 qui
1882 1911 2032 1978 conceptus
2049 1909 2074 1960 et

645 2001 727 2052 natus
746 1999 789 2050 est
806 2010 840 2050 ex
859 1994 1021 2064 decurione,
1046 2011 1081 2050 an
1099 2012 1166 2052 nero
1185 2003 1213 2052 et
1230 1998 1267 2067 is,
1291 1999 1339 2067 qui
1357 2001 1521 2053 antenatus
1542 1999 1598 2066 eet,
1618 1995 1629 2064 fl
1648 2011 1730 2065 qnam
1754 2001 1833 2065 pater
1857 1996 1971 2052 decurio
1993 1994 2072 2050 lieret
2087 1999 2142 2052 titt

645 2082 801 2154 etquidem
821 2087 953 2153 quantum
972 2085 1103 2156 pertinet,
1126 2101 1161 2141 ne
1178 2083 1298 2142 fustibus
1317 2088 1467 2156 castigetur
1490 2092 1518 2141 ct
1541 2101 1575 2140 ne
1598 2086 1628 2140 in
1649 2085 1788 2139 metallum
1806 2083 1901 2155 detur,
1926 2101 1982 2140 non
1999 2087 2073 2140 uocet

585 2203 590 2210 ·
645 2171 752 2243 plebeio
770 2177 848 2242 patre
867 2187 928 2228 esse
948 2177 1057 2243 natum,
1075 2175 1099 2229 si
1117 2181 1216 2245 postea
1233 2175 1320 2232 honor
1337 2176 1492 2232 decurionis
1509 2175 1581 2246 patri
1599 2189 1693 2229 eornm
1711 2175 1867 2228 accesserit
1894 2174 1924 2229 in
1944 2189 1996 2229 sno
2012 2189 2071 2243 quo·

611 2269 698 2332 tque
716 2261 881 2331 Papinianus
904 2261 977 2316 idem
1002 2263 1151 2333 respondit.
1179 2279 1214 2319 ne
1239 2265 1326 2336 patris
1350 2271 1416 2320 nota
1438 2263 1510 2320 fitius
1535 2263 1740 2318 macularetur¹.
1779 2261 1836 2318 Sed
1855 2263 1878 2318 si
1895 2269 1978 2334 pater
1993 2262 2070 2333 ipsius
2083 2275 2105 2315 rr

645 2351 739 2408 ordine
759 2357 849 2406 motus
867 2351 917 2420 sit,
940 2351 963 2406 si
982 2351 1092 2421 quidem
1111 2359 1176 2409 ante
1194 2354 1400 2424 conceptionem
1420 2354 1479 2408 eius
1498 2358 1656 2421 moueatur,
1674 2350 1793 2407 arbitror
1810 2367 1873 2407 eum
1892 2353 1972 2422 qnasi
1989 2349 2069 2423 plebei

644 2439 729 2496 lilium
749 2441 777 2495 in
794 2439 943 2496 honoribus
962 2443 1095 2510 spectari:
1120 2443 1194 2513 quod
1213 2443 1236 2499 si
1255 2447 1319 2514 post
1336 2443 1543 2514 conceptionem
1566 2446 1645 2512 pater
1662 2441 1749 2511 ipsius
1766 2441 1931 2511 dignitatern
1950 2441 2066 2509 amiserit,

611 2529 789 2585 tdioeudum
815 2529 867 2585 erit
890 2528 1009 2599 benigne
1031 2535 1064 2584 ut
1086 2531 1241 2587 decurionis
1266 2530 1351 2587 lilium
1378 2531 1548 2587 intuendum.
1591 2529 1708 2586 Pr0inde
1731 2529 1775 2586 hic
1798 2546 1924 2602 quoque,
1947 2533 1992 2602 qui
2012 2532 2066 2601 port

644 2619 731 2692 patris
748 2619 943 2688 relegationem
962 2623 1044 2675 natus
1062 2619 1112 2691 sit,
1137 2621 1160 2676 si
1178 2620 1288 2691 qnidern
1308 2625 1373 2676 ante
1391 2625 1540 2692 conceptus
1559 2624 1615 2690 est,
1640 2619 1735 2678 similis
1758 2621 1894 2676 senatoris
1917 2619 1973 2677 filio
1994 2619 2063 2676 bube-

611 2715 626 2762 ι
644 2708 730 2765 bitur:
755 2709 778 2763 si
796 2713 905 2780 postea,
930 2707 1041 2764 nocebit
1057 2703 1095 2763 iili
1113 2710 1254 2779 relegatio.
1291 2709 1320 2766 Si
1338 2710 1374 2766 ad
1392 2717 1502 2781 tempus
1520 2709 1615 2765 ordine
1633 2714 1708 2764 moto
1725 2715 1803 2781 patre
1821 2707 1906 2766 inerit
1922 2715 2001 2765 natus
2017 2723 2061 2764 me
2073 2717 2093 2760 rs

644 2799 744 2869 dicque
763 2803 886 2868 tempore
905 2802 1055 2869 conceptus
1074 2801 1103 2853 et
1120 2799 1225 2871 editus,
1250 2815 1285 2854 an
1308 2799 1387 2870 qnasi
1410 2799 1565 2855 decurionis
1583 2797 1655 2854 lilius
1673 2804 1816 2869 dueatur,
1838 2799 1905 2855 lieet
1921 2807 1998 2871 puter
2012 2799 2059 2854 clus

611 2892 709 2944 tante
726 2887 838 2958 obierit,
863 2903 945 2959 quam
968 2889 996 2943 in
1019 2887 1162 2944 ordinem¹
1178 2889 1307 2945 uenerit?
1329 2889 1403 2960 quod
1427 2887 1544 2958 benigne
1569 2888 1622 2944 erit
1644 2887 1853 2944 admittendum.
1890 2885 2058 2944 Praetereari
2104 2903 2109 2906 ·

644 2984 793 3048 conceptus
812 2978 849 3033 sit
866 2994 883 3032 a
900 2975 1022 3050 plebeio,
1045 2991 1109 3032 mox
1128 2981 1192 3033 ante
1216 2977 1363 3034 editionem
1387 2983 1467 3049 pater
1489 2978 1549 3032 eius
1572 2977 1778 3034 decurionatum
1802 2977 1921 3048 adeptus
1939 2983 1999 3034 ante
2014 2975 2056 3031 edi·

643 3069 745 3124 tionem
769 3067 904 3122 amiserit:
932 3083 987 3122 non
1010 3063 1227 3122 iniauorabiliter
1250 3067 1312 3138 quia
1335 3067 1455 3123 medium
1478 3073 1588 3137 tempus
1610 3067 1648 3122 illi
1670 3065 1803 3137 prodesse
1826 3069 1914 3124 ueluti
1935 3069 1986 3124 iarn
2005 3069 2056 3121 nalo

610 3155 827 3227 trespondebit.
864 3155 972 3212 Nullum
992 3155 1078 3226 patris
1096 3155 1225 3211 delictum
1244 3155 1383 3212 innocenti
1399 3155 1455 3212 tilio
1473 3169 1579 3226 poenae
1598 3159 1652 3211 est:
1676 3155 1793 3227 ideoque
1811 3173 1864 3212 nec
1881 3157 1975 3214 ordina
1990 3157 2087 3212 usu-s

610 3247 750 3300 trionum
774 3249 822 3301 aut
846 3245 944 3301 ceteris
971 3243 1120 3301 bonoribus
1142 3248 1256 3316 propter
1279 3245 1413 3301 eiusmodi
1436 3261 1548 3301 oausam
1573 3239 1739 3315 prohibetur.
1781 3245 1899 3302 llaioree
1921 3239 2054 3330 Q}

642 3335 721 3393 anuis
739 3335 937 3405 qninquaginta
955 3335 1075 3404 quinque
1094 3333 1129 3389 ad
1147 3333 1341 3390 decurionatus
1362 3333 1492 3392 honorem
1515 3334 1594 3390 inuiti
1617 3335 1710 3390 uocari
1728 3335 1969 3392 constitutionibus
1983 3335 2055 3408 proti·

642 3423 749 3480 bentnr.
778 3423 827 3479 sed
846 3425 870 3479 ei
889 3425 914 3480 ei
932 3425 971 3479 rei
989 3424 1192 3494 consenserint,
1216 3425 1269 3480 etsi
1293 3423 1409 3480 maiores
1434 3425 1513 3481 annis
1536 3425 1714 3496 septuaginta
1734 3423 1803 3495 sint,
1827 3441 1942 3481 munera
1963 3424 2054 3497 quiden

642 3513 734 3570 ciuilia
752 3512 827 3569 obire
844 3529 900 3569 nou
918 3518 1062 3584 eoguntur,
1079 3512 1197 3568 honores
1216 3517 1308 3569 autem
1327 3529 1423 3584 gerere
1440 3512 1550 3570 debent
1808 3535 1811 3540 ·
2067 3519 2088 3560 ιι

605 3599 623 3658 3
695 3604 773 3660 lnnrr
791 3603 860 3659 libro
878 3603 960 3658 tertio
978 3601 1013 3658 de
1032 3601 1123 3658 officio
1140 3604 1320 3673 proconsulis.
1356 3602 1527 3660 Generaliter
1549 3601 1578 3658 id
1596 3603 1649 3658 crit
1666 3601 1884 3676 defendendum,
1907 3611 1940 3661 ut
1956 3604 1999 3676 qui
2013 3599 2081 3658 ciet

642 3695 801 3748 mertiorum
821 3693 985 3748 sententiam
1003 3707 1103 3762 pasena
1121 3697 1164 3747 est
1182 3691 1218 3748 ob
1236 3692 1302 3762 hoc,
1319 3691 1411 3764 'quod
1430 3692 1466 3748 ad
1482 3697 1593 3764 tempus
1610 3693 1760 3763 relegatur,
1783 3691 1850 3748 boni
1869 3695 2005 3750 comulerc
2019 3690 2055 3746 de

609 3785 622 3830 1
641 3780 706 3837 beat
723 3781 901 3837 humanitatis
919 3783 1072 3838 sententiae
1094 3797 1146 3838 nec
1169 3781 1375 3838 decurionatum
1400 3783 1522 3853 recipiat.
1559 3781 1614 3838 Sed
1637 3781 1661 3837 si
1684 3781 1745 3852 quis
1768 3779 1805 3836 ob
1828 3779 1946 3838 falsam⁴
1962 3794 2056 3838 musam

641 3871 686 3926 uel
704 3871 784 3926 aliam
804 3870 838 3926 de
856 3871 1029 3942 grauioribus
1048 3887 1102 3928 non
1120 3871 1156 3927 ad
1174 3876 1284 3942 tempus
1301 3872 1338 3927 ait
1354 3872 1501 3942 relegatus,
1519 3871 1569 3927 scd
1587 3870 1623 3926 ad
1640 3873 1751 3940 tempus
1769 3870 1866 3927 ordine
1877 3877 1975 3940 motus,
1991 3872 2015 3926 in
2030 3881 2057 3923 ca

641 3964 685 4014 est
707 3975 804 4030 eausa,
827 3965 859 4015 ut
881 3961 970 4031 possit
991 3961 1019 4016 in
1044 3959 1167 4016 ordinem
1191 3960 1288 4016 redire.
1325 3961 1473 4031 imperator
1496 3961 1569 4016 euim
1593 3959 1749 4016 Antoninus
1774 3960 1866 4018 edioto
1885 3951 2056 4046 Q

567 4093 570 4100 .
640 4048 781 4118 proposito
800 4049 905 4118 statuit,
924 4053 955 4104 ut
972 4051 1135 4120 cuicumque
1153 4053 1202 4106 aut
1220 4063 1392 4120 quacumque
1410 4065 1495 4106 causa
1512 4047 1548 4104 ad
1560 4055 1670 4120 tempus
1682 4049 1778 4105 ordine
1789 4051 1835 4106 uel
1848 4047 2055 4107 aduocationrbns
2069 4055 2088 4096 ιι

639 4137 684 4192 nel
702 4153 757 4207 quo
776 4137 829 4192 alio
847 4136 938 4194 cilicio
956 4137 1055 4195 inisset
1072 4137 1261 4210 interdictum,
1283 4139 1419 4210 completo
1441 4143 1566 4210 ternpore
1588 4137 1672 4194 nihilo
1694 4139 1785 4196 ιιιίιιιιι
1808 4137 1888 4212 fungi
1909 4139 2005 4197 honore
2020 4133 2056 4192 uel

639 4241 832 4311 HXYMOO)

641 4390 650 4423 ¹
670 4400 705 4441 ne
723 4387 809 4457 patris
827 4391 893 4443 nota
916 4359 988 4444 lilius
1011 4389 1194 4444 macularetur
1216 4350 1264 4445 del.
1278 4391 1419 4462 ¹(ploramus
1436 4390 1473 4444 od
1489 4409 1514 4444 u.
1527 4389 1573 4458 23)
1665 4387 1787 4444 'denuo
1805 4396 1854 4444 ias.
1942 4387 2003 4445 ’ob
2018 4395 2055 4442 trs.

639 4459 761 4534 (efud)
831 4458 924 4515 ⁴talsi
941 4459 1043 4528 (Hotl‘l

638 4600 753 4655 tcurat
770 4600 808 4655 Γ)
857 4601 1106 4671 6disputationcm
1124 4603 1151 4656 F
1192 4603 1327 4674 siecum]
1381 4610 1682 4676 tamematmpcsuertt,
1695 4611 1779 4660 tomen
1791 4605 1982 4662 &mondum
1992 4607 2055 4660 osri-

638 4672 729 4727 eolnm
739 4671 776 4725 F⁰
810 4673 843 4728 11
854 4677 996 4744 exspectet
1005 4673 1166 4730 etdoncoF
1192 4675 1226 4731 12
1236 4681 1327 4732 utrum
1381 4683 1434 4732 tere
1446 4678 1514 4750 (erp.
1526 4677 1563 4730 D.
1575 4677 1619 4741 50,
1633 4677 1656 4740 1,
1670 4677 1703 4731 15
1713 4695 1755 4748 pr.
1768 4679 1821 4742 ct),
1835 4681 1964 4752 aufferre
1974 4685 2054 4731 turm

638 4759 701 4798 cum
711 4742 833 4799 ordinem
844 4745 935 4798 om.F¹
971 4747 1136 4802 ibuolutF¹
1172 4748 1207 4802 21
1217 4747 1327 4803 e'or'um
1380 4755 1460 4803 tentia
1478 4765 1623 4820 euprmum
1640 4755 1678 4803 est
1695 4767 1751 4802 eum
1766 4749 2056 4820 odcertrrmiempurw·

638 4813 676 4870 Γ*
725 4816 761 4870 36
779 4814 815 4871 ob
833 4814 885 4870 hoo
902 4817 965 4888 sep]
982 4825 1020 4872 sic
1039 4820 1164 4890 intellege:
1181 4827 1225 4892 qui
1243 4821 1328 4875 delicti
1382 4820 1441 4874 diae
1458 4829 1569 4874 moueri:
1587 4838 1741 4892 qrsomquem
1760 4827 1819 4874 aare
1833 4819 2057 4886 &emeruisse

638 4887 817 4941 condemnatas
835 4894 885 4951 est,
897 4895 969 4943 euius
986 4891 1100 4962 lepitimu
1110 4909 1193 4962 poena
1210 4897 1248 4946 est
1263 4893 1327 4946 rele-
1380 4897 1660 4946 reeomtitutioaeraae
1671 4891 1829 4964 torpuideru
1841 4892 1977 4948 obtinuisse
1987 4895 2057 4946 cua·

635 4964 709 5028 potio
728 4958 764 5012 od
774 4965 870 5030 tempus
885 4961 925 5014 uel
935 4979 966 5014 eo
978 4969 1069 5025 maior,
1088 4979 1240 5033 quemquem
1253 4963 1328 5017 tuder
1381 4963 1492 5016 diller5
1503 4962 1551 5015 lut.
1567 4962 1572 5029 Ι
1587 4958 1661 5030 boui]
1675 4969 1767 5018 sisare
1776 4971 1911 5035 pelopum
1920 4955 2062 5019 mussi

637 5030 818 5086 clenentierem
841 5037 988 5088 sententiam
1015 5035 1111 5098 tulerit,
1137 5040 1202 5106 pute
1223 5037 1327 5088 malim
1380 5034 1417 5089 40
1433 5038 1465 5088 ut
1481 5033 1647 5104 quicumque
1664 5034 1689 5086 F
1736 5035 1772 5090 41
1791 5033 1997 5092 inierditt'o'iun
2013 5027 2044 5086 l'·
