4350 5438
899 345 901 353 Α
987 277 1019 338 v

335 419 404 475 U=
415 421 503 477 codex
520 420 701 478 bibliothecae
718 421 904 476 uniuersitatis
915 421 1064 476 Patauinae
1082 437 1108 477 ι.
1121 420 1173 477 941
1192 437 1264 478 saec.
1277 421 1331 478 xii
1349 439 1366 479 a
1382 421 1491 480 librario
1504 423 1716 494 prudentissimo

413 512 516 581 optime
534 512 659 581 scriptus.
686 510 788 564 contuli
805 510 864 580 ipse
882 510 1009 566 Berolini.
1036 510 1185 580 specimina
1202 512 1352 582 scripturae
1369 512 1423 567 tria
1439 511 1569 570 exhibent
1584 513 1703 570 tabulae.

290 600 393 656 Horum
412 601 540 656 librorum
559 598 614 655 duo
631 603 738 653 ιιιιιιι
756 598 854 668 integri
872 603 937 653 sunt
953 597 1017 654 PU:
1035 613 1053 653 a
1074 599 1102 652 V
1116 603 1164 654 aut
1178 599 1279 656 absunt
1290 605 1339 656 aut
1350 601 1486 656 recentius
1499 603 1640 673 suppletae
1652 606 1717 658 sunt

290 693 382 760 partes
406 689 540 759 quaedam
563 685 692 744 librorum
716 688 803 742 7.11.
822 688 865 742 12.
885 686 927 742 15.
947 688 989 742 20.
1008 687 1055 742 21:
1079 687 1181 743 codicis
1198 689 1223 741 L
1240 704 1305 759 pars
1327 689 1464 745 uetustior
1486 705 1541 746 uon
1563 690 1647 746 habet
1663 691 1716 746 nisi

289 777 373 834 libros
391 779 499 834 3-15.
513 778 630 833 22-24
646 789 735 845 neque
753 789 801 830 eos
818 775 940 844 integros
957 790 1065 831 omnes:
1083 791 1118 831 ιι
1129 775 1156 830 R
1173 775 1290 847 denique
1308 793 1363 834 non
1380 791 1523 848 superesse
1541 779 1593 834 nisi
1609 784 1716 849 partem

289 866 351 922 libri
368 867 447 937 primi
465 881 549 936 supra
566 866 620 920 iam
639 863 792 920 obseruaui.
818 879 889 934 quae
907 865 999 920 omnia
1016 865 1169 920 accuratius
1182 865 1341 922 indicabunt
1353 868 1529 924 auctoritates
1546 869 1576 923 ιι
1589 869 1645 923 ima
1662 869 1716 924 sin·

290 957 415 1026 gularum
432 956 594 1026 paginarum
612 953 734 1022 margine
752 951 887 1008 indicatae
904 953 976 1008 notis
994 953 1059 1009 suis.
1085 953 1200 1023 digestis
1218 948 1288 1024 quae
1310 955 1497 1026 praefiguntur
1519 957 1548 1012 iu
1569 955 1638 1012 libro
1655 957 1716 1012 Flo·

289 1045 397 1100 reatino
415 1059 432 1098 a
449 1043 562 1099 secundi
580 1042 682 1098 ordinis
699 1040 774 1096 libris
792 1040 892 1096 absunt
909 1043 1007 1112 omnia,
1025 1042 1078 1097 nisi
1095 1041 1168 1112 quod
1186 1043 1325 1100 titulorum
1341 1045 1424 1100 index
1435 1049 1464 1100 ιι
1475 1044 1585 1115 quidem
1596 1045 1716 1100 omnium

290 1133 489 1204 qninquaginta
504 1131 632 1188 librorum
651 1136 695 1186 est
715 1129 745 1186 in
768 1145 822 1186 nno
846 1130 940 1186 codice
957 1131 985 1185 P
998 1131 1070 1186 inter
1086 1129 1169 1186 libros
1187 1146 1288 1186 nonum
1312 1138 1341 1188 et
1358 1133 1493 1189 decimum
1511 1133 1617 1189 medius
1634 1135 1725 1190 inter·

289 1222 385 1278 lectus.
413 1227 509 1277 contra
524 1221 615 1290 legum
632 1219 822 1289 inscriptiones
839 1217 948 1275 codices
965 1218 1064 1289 quibus
1081 1220 1124 1274 usi
1142 1233 1236 1275 sumus
1254 1235 1349 1277 omnes
1367 1221 1468 1278 habent
1484 1224 1592 1293 plenas:
1611 1222 1718 1278 Graeca

289 1311 372 1381 plena
388 1315 417 1365 et
434 1311 502 1366 sa'tis
519 1307 664 1364 emendata
681 1306 765 1362 habet
782 1308 819 1372 R,
844 1323 906 1362 cum
924 1309 1007 1368 ceteri
1024 1309 1153 1378 pleraque
1171 1323 1265 1364 eorum
1283 1311 1424 1382 omittant,
1443 1313 1547 1381 reliqua
1564 1315 1718 1382 proponent

291 1399 352 1470 plus
370 1400 460 1454 minus
477 1397 635 1468 deprauata,
653 1396 704 1451 sed
720 1400 753 1451 ut
769 1395 825 1450 PV
838 1395 891 1452 boc
912 1396 1021 1453 nomine
1038 1398 1120 1466 longe
1137 1401 1278 1467 praestent
1294 1399 1405 1469 reliquis
1423 1399 1538 1456 duobus.
1565 1400 1618 1456 hoo
1635 1415 1718 1470 aegre

290 1485 349 1543 iero
367 1487 470 1543 nullum
488 1501 532 1542 me
549 1487 662 1542 huiusce
680 1484 783 1541 ordinis
799 1484 896 1540 librum
915 1486 1035 1541 nancisci
1057 1486 1192 1557 potuisse,
1215 1488 1262 1556 qui
1283 1487 1324 1542 ita
1341 1489 1486 1559 manserit,
1511 1493 1543 1544 ut
1563 1489 1640 1544 initio
1657 1503 1717 1560 per·

291 1577 410 1647 scriptus
431 1575 496 1632 fuit:
517 1591 581 1632 nam
605 1578 740 1645 quotquot
761 1578 857 1640 ιιιιιι
878 1573 939 1654 ¹libri
963 1575 1143 1646 antiquiores,
1166 1567 1259 1632 eorum
1282 1576 1397 1646 pristina
1418 1577 1499 1633 lectio
1513 1593 1539 1633 -a
1560 1577 1718 1647 posterioria

292 1666 390 1722 ιιιιιιι
407 1663 588 1735 prudentibus
606 1669 704 1718 exacta
721 1666 764 1718 est
781 1661 817 1718 ad
834 1667 973 1733 receptam
990 1668 1088 1733 postea
1105 1663 1179 1734 apud
1190 1665 1274 1720 Italos
1291 1669 1320 1720 et
1337 1665 1538 1735 quodammodo
1555 1651 1718 1722 ordinariam

290 1753 505 1823 Bononiensem,
532 1757 564 1808 ut
589 1753 649 1808 aliis
672 1752 739 1808 locis
763 1751 845 1807 modo
868 1753 897 1806 in
919 1751 971 1807 hoc
993 1752 1075 1808 modo
1097 1753 1132 1808 in.
1148 1753 1194 1808 illo
1216 1753 1285 1809 libro
1312 1755 1451 1824 primitiua
1473 1755 1608 1826 scriptura
1630 1755 1719 1811 adhue

291 1843 481 1913 dignoscatur,
505 1841 565 1897 allis
581 1843 663 1913 plane
685 1841 805 1912 perierit.
837 1839 970 1895 eiusmodi
992 1839 1124 1909 pristinae
1147 1841 1249 1896 codicis
1271 1843 1386 1898 alieuius
1409 1843 1559 1913 scripturae
1582 1841 1719 1900 deiectum

291 1937 402 2002 propter
427 1931 536 1987 lituram
554 1929 707 2000 significaui
724 1929 781 1985 iere
804 1927 896 1984 uerbis
914 1930 965 2001 des.
981 1929 1022 1982 P‘
1039 1931 1068 1982 ιι
1086 1929 1125 1984 ιιι
1143 1929 1280 2000 deinceps.
1307 1945 1362 1986 nou
1385 1932 1489 1987 attendi
1511 1937 1603 1988 autem
1626 1932 1655 1987 ιι
1676 1932 1719 1988 bis
1741 1969 1744 1976 -

290 2021 366 2078 libris
384 2019 510 2077 omuibus
528 2019 581 2075 nisi
599 2019 635 2075 ad
651 2019 817 2090 primitiuam
835 2018 1005 2088 scripturam,
1023 2022 1055 2072 ut
1071 2022 1164 2073 ιιιιιι
1181 2018 1210 2074 ιι
1221 2018 1344 2075 Parisino
1356 2019 1425 2075 libro
1437 2021 1571 2091 scriptura
1583 2021 1720 2092 primitina

291 2113 389 2180 postea
405 2113 510 2165 ιιιιιιι
527 2123 636 2179 semper
652 2108 866 2178 distingueretur
883 2106 977 2162 addita
994 2110 1060 2162 nota
1077 2107 1137 2174 (1³⁶)
1156 2123 1173 2162 a
1190 2107 1325 2178 scriptura
1339 2109 1452 2178 antiqua
1464 2124 1536 2178 quae
1546 2110 1648 2164 mansit
1659 2111 1718 2178 (P).

291 2203 434 2270 praeterea
450 2198 656 2254 emendationes
673 2213 729 2253 non
745 2195 864 2252 indicaui
881 2195 981 2251 nisiex
992 2200 1068 2252 certa
1079 2211 1171 2266 causa,
1190 2197 1308 2251 maxime
1325 2203 1356 2252 ut
1367 2197 1585 2253 immutationum
1597 2203 1627 2254 et
1637 2199 1719 2254 inter·

292 2287 459 2359 polationum
478 2288 642 2358 propagines
659 2286 723 2341 inde
740 2286 955 2356 perciperenturt
973 2283 1021 2340 ubi
1038 2291 1130 2340 autem
1147 2285 1267 2340 indicare
1285 2299 1333 2340 ιιι
1350 2286 1439 2340 ιιιιιι
1458 2290 1509 2356 ιιι,
1526 2287 1556 2342 id
1571 2285 1626 2342 ieci
1642 2303 1719 2343 num·

287 2391 374 2447 quam
390 2377 502 2432 morans
519 2377 548 2432 ιι
565 2374 692 2431 manibus
708 2373 917 2444 distinguendis,
935 2372 985 2428 sed
1002 2373 1045 2434 his
1062 2374 1134 2429 notis
1146 2379 1279 2445 perpetuo
1290 2389 1366 2445 usus,
1384 2379 1416 2429 ιι
1426 2375 1593 2446 primitluam
1605 2375 1719 2447 scriptu·

287 2481 350 2522 ram
363 2463 545 2535 significarem
558 2485 574 2520 a
586 2463 705 2520 litterula
716 2463 783 2534 (Ρ),
802 2462 1019 2518 emendationem
1034 2462 1094 2518 elue
1105 2461 1228 2518 eiusdem
1240 2479 1337 2518 manus
1355 2463 1414 2519 siue
1431 2463 1588 2535 posterioris
1601 2465 1720 2520 litteral

291 2555 362 2624 (Pi),
381 2553 598 2609 emendationem
617 2554 640 2608 ιι
658 2569 714 2623 qua
730 2557 774 2607 ιιι
790 2551 938 2607 secundam
957 2551 1075 2607 litterae
1091 2555 1120 2606 et
1137 2551 1178 2606 sio
1194 2566 1284 2622 porro.
1311 2552 1428 2622 deniqne
1439 2553 1594 2624 primitiuae
1611 2567 1720 2624 quoque

291 2643 443 2714 scripturae
465 2642 684 2712 discrepantiam
697 2643 806 2712 plenam
829 2655 884 2696 non
907 2639 986 2696 attuli
1009 2640 1061 2696 nisi
1083 2639 1199 2696 duorum
1221 2640 1350 2696 librorum
1373 2641 1562 2712 primariorum
1584 2643 1638 2696 ΒΡ
1656 2658 1720 2714 sup

290 2732 449 2804 pressisque
471 2731 499 2786 ln
523 2729 566 2784 his
588 2744 696 2800 quoqne
719 2728 934 2800 orthographicis
952 2727 1089 2799 omnibus,
1112 2744 1184 2799 quae
1205 2745 1241 2785 ιι
1263 2729 1339 2785 libris
1360 2737 1425 2801 post
1442 2729 1567 2787 Carolum
1591 2746 1720 2801 magnum

287 2821 401 2891 scriptis
423 2824 455 2875 ut
478 2818 599 2890 proferat
615 2833 697 2875 nemo
714 2835 732 2873 a
749 2833 779 2874 se
796 2817 954 2888 impetrabit
970 2818 1017 2888 qui
1040 2833 1088 2872 cur
1110 2819 1176 2888 quid
1194 2817 1277 2874 iaciat
1294 2833 1387 2874 secum
1405 2823 1533 2890 reputare
1551 2821 1646 2876 soleat.
1673 2819 1720 2876 de·

292 2910 375 2980 nique
392 2907 440 2964 ubi
457 2911 569 2979 propter
585 2907 680 2962 lituras
698 2907 733 2962 de
751 2907 850 2978 qulbus
868 2907 987 2965 diximus
1005 2905 1086 2961 hodie
1103 2905 1196 2962 delicit
1212 2907 1327 2963 Parisiui
1345 2907 1405 2964 libri
1423 2909 1511 2979 prima
1528 2925 1639 2979 manua,
1657 2923 1720 2964 eum

292 2997 431 3054 deiectum
448 2999 608 3070 plerumque
625 2996 664 3052 ibi
680 3001 787 3051 tantum
804 2996 993 3066 iudicauimus,
1011 2995 1058 3052 nbi
1070 3010 1105 3051 ex
1117 2995 1227 3066 reliquis
1242 2995 1319 3051 libris
1329 2997 1503 3066 intellegatur
1513 2997 1629 3054 Parisini
1639 2997 1720 3054 lectio

289 3083 431 3158 primitiu'a
448 3103 466 3142 a
482 3087 641 3142 Florentius
657 3085 779 3140 diuersa:
802 3099 891 3154 neque
914 3085 985 3140 enim
1008 3089 1086 3140 ιιιιι
1107 3089 1151 3140 ιιι
1167 3085 1283 3140 Parisinl
1304 3084 1366 3140 libri
1383 3087 1544 3157 auotoritas,
1567 3091 1599 3142 ιι
1621 3101 1721 3157 operae

290 3177 410 3246 'pretium
428 3176 466 3230 sit
482 3176 565 3244 scire,
584 3173 682 3244 quibus
699 3174 767 3230 locis
784 3175 848 3229 olim
867 3174 994 3229 recedere
1012 3174 1131 3244 potnerit
1147 3189 1166 3228 a
1182 3173 1351 3244 Florentiae,
1375 3190 1437 3230 cum
1455 3175 1570 3245 pristina
1587 3176 1722 3246 scriptura

293 3264 354 3335 ipsa
375 3279 464 3334 neque
486 3265 514 3318 in
537 3279 570 3319 ec
595 3269 726 3334 appareat
747 3277 836 3332 neque
857 3277 892 3317 ex
910 3261 1038 3318 affinibus
1055 3261 1130 3318 libris
1148 3261 1290 3318 efficiatur.
1319 3264 1430 3334 reliquis
1449 3263 1538 3319 tribus
1556 3263 1630 3320 libris
1646 3263 1725 3319 VLU
1761 3297 1765 3308 f

292 3353 334 3408 ita
350 3353 393 3408 nsi
410 3369 513 3423 sumus,
531 3357 563 3407 ut
580 3352 668 3408 sicubi
686 3355 734 3407 aut
751 3351 908 3422 discrepant
924 3354 985 3407 Fet
997 3353 1050 3407 RP
1064 3356 1112 3407 aut
1130 3349 1229 3422 delicit,
1247 3355 1279 3407 ut
1296 3351 1367 3422 dixi,¹
1379 3353 1494 3408 Parisini
1511 3368 1608 3408 manus
1625 3354 1720 3424 prima,

293 3457 342 3498 eos
360 3440 565 3510 adhiberemus,
590 3446 686 3496 ιιιιιι
702 3441 750 3496 ιιι
767 3443 940 3497 ιιιιιιιιιιι
957 3441 1031 3495 FRP
1044 3441 1097 3510 uel,
1117 3455 1152 3496 ex
1169 3455 1224 3510 quo
1242 3441 1268 3494 li
1284 3438 1390 3510 delicit,
1412 3439 1460 3496 ubi
1477 3442 1651 3497 consentiunt
1668 3443 1721 3508 FP,

292 3532 457 3608 reliquorum
476 3529 630 3586 dissensum
648 3531 760 3600 insuper
782 3529 959 3585 haberemus:
982 3529 1010 3585 ld
1028 3529 1102 3600 qnod
1125 3529 1153 3585 in
1171 3529 1378 3584 auctoritatibus
1395 3530 1546 3600 allegandis
1563 3531 1603 3586 ita
1619 3529 1721 3600 signill-

292 3621 431 3691 caulmns,
453 3625 484 3675 ut
506 3619 615 3676 codices
638 3633 693 3674 non
709 3621 789 3688 plene
812 3619 903 3675 collati
921 3635 938 3673 a
954 3619 1065 3688 reliquls
1083 3619 1315 3688 distinguerentur
1338 3618 1452 3688 uirgulis
1472 3619 1664 3675 circumductis
1682 3619 1722 3686 sic

293 3709 403 3776 (vav).
430 3712 551 3764 ceterum
570 3713 685 3778 excepto
700 3707 771 3763 libre
783 3707 924 3776 Uaticano,
943 3707 978 3764 de
996 3723 1051 3778 quo
1068 3723 1103 3763 ne
1121 3707 1187 3778 qnid
1205 3708 1334 3778 colligam
1351 3709 1467 3764 lectores
1479 3723 1576 3764 moneo
1594 3723 1629 3764 ex
1646 3723 1722 3764 mero

292 3798 401 3854 silentio
420 3801 519 3868 (neque
536 3797 608 3852 enim
626 3797 667 3852 ita
683 3797 810 3852 collatum
829 3795 911 3852 habui
928 3801 961 3852 ut
975 3797 1042 3852 ιιιιι
1054 3797 1089 3852 de
1101 3797 1217 3852 lectione
1229 3800 1367 3852 constaret
1378 3801 1567 3867 praeterquam
1585 3797 1614 3853 in
1630 3796 1722 3854 uerbis

293 3887 394 3942 disens
412 3887 475 3942 inde
493 3886 629 3955 enotatis),
649 3901 710 3941 oum
729 3889 858 3955 quattuor
874 3885 993 3956 reliquos
1010 3885 1094 3941 libros
1112 3887 1172 3956 ipae
1188 3901 1245 3941 una
1256 3886 1421 3942 excusserim
1434 3886 1585 3957 diligenter,
1602 3886 1722 3956 primarii

293 3973 349 4032 duo
366 3976 450 4031 etiam
468 3975 510 4030 bis
528 3976 645 4046 repetita
661 3974 777 4030 lectione
795 3974 886 4030 collati
903 3975 970 4045 sint,
994 3989 1029 4030 ex
1047 3989 1140 4030 eornm
1158 3975 1235 4030 uaria
1251 3974 1369 4031 lectione
1386 3990 1440 4030 non
1459 3975 1544 4030 multa
1561 3989 1627 4031 casu
1644 3989 1721 4047 prae

293 4065 420 4120 terruisse
437 4079 499 4120 esse
516 4063 633 4119 confido.

346 4153 397 4208 llis
415 4154 536 4224 quinque
553 4153 628 4208 libris
647 4152 755 4222 scriptis
768 4157 912 4208 ιοιιιιιιιι
924 4153 1009 4208 ιιιιιι
1020 4151 1073 4208 ieci
1085 4157 1215 4222 excerpta
1226 4152 1318 4208 media
1328 4156 1420 4208 aetate
1431 4168 1466 4208 ex
1478 4153 1592 4223 digestis
1604 4157 1721 4226 sumpta,

292 4247 326 4297 ut
342 4243 466 4312 magistri
484 4241 592 4298 Uacarii
610 4246 639 4296 et
656 4255 727 4311 quae
746 4247 811 4297 sunt
832 4242 891 4296 eins
909 4243 1017 4312 geneda
1034 4242 1100 4311 alia,
1125 4257 1187 4297 oum
1210 4246 1240 4296 et
1256 4246 1379 4312 tempore
1402 4243 1555 4312 posteriora
1576 4243 1633 4298 sint
1654 4243 1722 4314 ipsis

291 4331 368 4386 libris
391 4331 501 4386 scholae
524 4331 705 4386 Bononiensis
728 4331 776 4400 qui
798 4330 879 4386 hodie
902 4335 999 4386 ιιιιιι
1020 4331 1203 4401 antiquissimi
1224 4336 1253 4386 et
1274 4331 1418 4386 lectionem
1441 4337 1591 4402 sequautur
1613 4332 1658 4388 uel
1679 4331 1722 4389 bis

292 4419 369 4476 libris
386 4421 468 4489 longe
487 4419 658 4476 deteriorem.
686 4419 777 4490 spreul
795 4421 861 4475 item
880 4420 993 4474 secundi
1011 4419 1113 4475 ordinis
1130 4419 1214 4475 libros
1225 4420 1353 4490 reliquos,
1372 4421 1418 4490 qui
1430 4421 1534 4490 ingenti
1546 4437 1658 4478 numero
1676 4436 1722 4477 ιι-

292 4513 354 4565 tant
370 4525 420 4580 per
437 4525 533 4564 omnes
551 4508 730 4565 bibliothecae
748 4508 878 4580 dispersi,
902 4524 964 4564 cum
983 4523 1076 4566 eorum
1095 4509 1248 4580 complures
1267 4514 1316 4564 aut
1333 4509 1447 4566 collatos
1463 4509 1591 4566 haberem
1610 4511 1645 4566 ab
1662 4512 1723 4567 aliis

293 4597 438 4654 Schraderi
456 4613 540 4654 ιιιιι
558 4604 607 4655 ιιι
622 4599 696 4654 nullo
714 4600 826 4669 negotio
844 4612 941 4668 parare
957 4598 1108 4668 potuissem
1127 4615 1145 4654 a
1161 4614 1206 4654 me
1219 4597 1406 4655 conferendos.
1432 4599 1556 4654 similiter
1567 4599 1654 4655 abieci
1666 4598 1722 4655 edl-

292 4688 382 4744 tioues
399 4703 494 4744 omnes
511 4703 574 4742 cum
592 4689 660 4743 alias
676 4693 736 4742 tum
754 4687 967 4743 Haloandrinam
984 4689 1020 4754 (ι.
1035 4687 1124 4756 1529).
1151 4687 1179 4742 bi
1197 4688 1269 4743 enim
1286 4687 1348 4743 libri
1365 4692 1422 4744 tem
1440 4689 1533 4760 scripti
1556 4704 1637 4758 quam
1656 4688 1723 4744 editi

292 4777 333 4832 ιιι
349 4777 470 4847 pendent
487 4793 504 4832 a
521 4777 664 4848 prioribus,
682 4781 714 4832 ut
731 4777 863 4848 quidquid
875 4777 1013 4847 proprium
1024 4775 1128 4832 habent
1138 4775 1312 4832 tribuendum
1324 4777 1361 4832 sit
1372 4781 1420 4832 aut
1431 4779 1564 4847 repetitae
1575 4779 1723 4834 Florentini

293 4865 395 4922 codicis
413 4867 524 4922 lectioni
545 4868 634 4933 (cuius
657 4867 764 4936 generis
787 4867 947 4937 pracsertim
971 4881 1005 4922 ea
1028 4871 1092 4922 sunt
1109 4881 1180 4937 quae
1197 4866 1226 4922 iu
1243 4865 1412 4937 marginibus
1430 4866 1559 4922 librorum
1582 4868 1723 4924 meliorum

293 4955 443 5012 ιιιιιιιιιι
461 4971 495 5010 ιι
512 4955 626 5012 Ῥιιιιι
643 4956 746 5025 passim
764 4956 872 5010 nornine
891 4956 989 5026 citata,
1014 4955 1042 5010 in
1064 4955 1187 5012 ordinem
1212 4959 1304 5012 antem
1321 4955 1467 5012 uerborum
1485 4957 1597 5026 recepta
1612 4971 1668 5012 uon
1685 4957 1722 5013 le·

292 5049 394 5114 guntur
417 5045 470 5102 nisi
496 5045 525 5100 in
550 5045 626 5102 libris
652 5045 716 5100 inde
743 5060 761 5100 a
786 5045 896 5100 saeculo
923 5044 990 5101 xm
1015 5045 1147 5115 ιιιιιιιι,
1174 5043 1320 5117 desumpta
1345 5061 1380 5103 ex
1407 5045 1550 5103 collatione
1575 5045 1722 5103 Florentini
