3504 5452
53 267 94 320 nn
115 253 261 310 rmouuo
284 252 423 302 uuosuo
725 226 809 308 133
1120 231 1254 301 XXXIII
1275 234 1293 299 7
1317 241 1350 295 27
1370 269 1403 280 ..
1423 233 1479 300 86

64 419 115 464 mm
128 397 215 454 siluso
231 398 260 447 et
277 393 376 448 sntioto
393 407 447 448 non
466 393 494 448 in
511 390 603 448 fundis
621 406 705 461 supro
723 391 858 461 eoriptis1,
882 389 932 446 sed
949 391 977 446 iu
1001 390 1114 448 odientis
1138 391 1233 462 egellis
1256 396 1285 448 et
1305 405 1375 462 quos
1399 391 1480 448 simui

67 493 165 551 rneror
184 482 349 552 eompsrsnit
367 496 418 536 nee
435 481 494 537 sine
511 480 554 536 hie
571 479 648 536 tundi
666 480 719 536 ooli
741 480 862 550 possint,
886 496 923 536 on
940 481 1032 550 legato
1050 481 1186 538 oederent
1214 480 1356 552 respondit
1373 481 1402 538 id
1419 485 1479 538 tsn-

71 589 116 638 tum
128 571 222 631 oedere
239 571 339 640 tegete,
358 569 431 641 quod
449 569 542 626 uerbis
561 568 819 640 comprehendisset.

34 673 64 733 ps
113 665 257 722 somnone
275 659 345 715 libro
362 660 493 714 uieesimo
511 659 592 716 tertio
610 658 788 728 digestorum.
820 659 922 714 Luoius
936 659 1025 715 Titius
1044 653 1481 743 Q
1500 650 1541 716 A'
1639 675 1640 678 ’

78 755 181 819 endum,
203 749 239 804 uti
264 753 324 804 erst
341 748 504 818 instrueres,
526 748 676 817 legsueret.
705 747 859 817 quaesitum
882 752 939 817 est,
961 745 1062 803 fundus
1086 748 1233 802 instructus
1251 747 1512 817 quemadmodums

82 845 123 901 nni
135 838 237 908 debent,
261 842 354 893 utrum
379 838 419 892 sie
442 843 474 892 nt
496 837 646 892 instructus
668 835 720 892 tuit
738 837 832 892 mortie
850 834 1072 906 patrisfamiliae
1090 841 1227 906 temporo,
1250 841 1282 892 nt
1299 851 1371 907 quse
1389 835 1480 892 medio

84 940 178 1001 tenpore
193 927 309 998 ndgnets
327 931 376 982 ent
394 927 422 982 in
440 924 553 981 fundum
572 925 648 980 illato
665 931 730 982 sunt
747 925 856 982 heredis
874 925 949 981 sint?
967 942 1001 982 so
1014 941 1079 982 uero
1092 925 1241 982 instructus
1253 923 1354 982 fundos
1366 940 1399 981 eo
1411 930 1479 982 tem·

88 1035 132 1092 pere
144 1017 228 1088 inspioi
245 1016 359 1086 debeat,
381 1030 437 1086 qno
455 1014 557 1070 foetum
576 1021 619 1071 est
636 1015 852 1071 testamentum?
877 1031 912 1070 on
935 1030 1001 1072 uero
1020 1030 1053 1072 eo
1070 1018 1208 1084 tempore,
1232 1030 1287 1085 qno
1305 1013 1405 1072 fundus
1422 1015 1479 1086 peti

91 1107 183 1179 eoeperit
199 1110 226 1161 ut
241 1105 376 1176 quidquid
394 1119 428 1160 eo
445 1109 569 1175 tempore
587 1105 760 1160 instrumenti
777 1103 1003 1175 deprehendatur,
1022 1105 1154 1174 legatorio
1171 1101 1314 1176 profloist?
1339 1103 1480 1174 respondit

92 1195 201 1266 equum
215 1196 364 1251 instructus
382 1195 418 1249 sit
435 1192 553 1250 tundus¹
571 1193 721 1250 seeundum
744 1191 830 1250 uerbs
846 1193 930 1264 legati
954 1209 1024 1264 quse
1048 1194 1103 1250 sint
1125 1195 1154 1250 io
1175 1193 1272 1250 eedem
1296 1208 1392 1264 eouss,
1416 1209 1479 1250 eum
1499 1204 1527 1245 ro

94 1285 134 1340 dies
145 1285 211 1354 iegsti
226 1283 315 1354 sedet,
334 1284 514 1340 instrumento
533 1283 674 1340 contineri.
1405 1335 1410 1344 ,

60 1375 84 1432 ii
129 1373 205 1430 iusso
223 1371 292 1429 libro
310 1373 397 1443 primo
420 1374 545 1428 πιθικῶκ.
583 1371 611 1428 Si
635 1387 734 1428 nonem
757 1387 819 1428 oum
842 1371 1022 1430 instrumento
1046 1371 1149 1442 emisti,
1171 1373 1305 1442 praestari
1323 1367 1526 1458 ΜΔ

96 1459 128 1516 tii
140 1461 202 1518 debet
217 1463 319 1533 sesphs
337 1463 425 1518 nonis.
452 1463 585 1519 Pennus:
607 1461 691 1517 immo
714 1465 817 1517 eontra.
844 1462 945 1518 etenim
968 1460 1071 1532 eeophn
1088 1461 1167 1518 nouis
1184 1476 1239 1518 nou
1257 1467 1301 1518 est
1317 1463 1479 1520 iustrumen-

96 1555 133 1604 tuu
145 1552 217 1607 uenis:
239 1548 340 1608 etenim
359 1551 560 1621 mediooritste,
585 1565 640 1606 non
658 1565 760 1620 genere
778 1549 813 1606 ob
831 1565 865 1605 eo
882 1549 985 1620 differt,
1009 1550 1218 1606 instrumentum
1236 1557 1327 1608 eutem
1347 1553 1478 1624 euiusque

96 1639 216 1695 reineeesse
233 1647 276 1697 est
293 1641 405 1696 alterius
423 1640 532 1710 generis
549 1655 611 1695 esse
629 1645 714 1710 omno
731 1653 765 1694 es
781 1654 924 1710 qusequse
942 1639 991 1696 sit:
1015 1637 1090 1709 quod
1107 1639 1258 1712 Pomponio
1274 1641 1344 1698 libro
1362 1643 1478 1712 septimo
1499 1651 1528 1693 ιι

95 1727 223 1797 oduinum
240 1730 351 1801 pisouit

430 2019 468 2097 R
507 2016 571 2096 DE
598 1879 810 2096 Psooffl
824 2015 1015 2096 LEGATO
1056 2017 1094 2095 R
1498 2027 1571 2085 ere

69 2175 79 2229 l
125 2175 217 2233 Pronus
233 2175 302 2232 libro
320 2181 418 2247 querto
437 2175 472 2230 nd
487 2173 627 2230 Sebiunm.
659 2173 745 2231 Seruo
761 2175 854 2244 legsto
872 2189 933 2230 eum
952 2171 1479 2261 peoniioetnlienstouel[u.—rs,-13.3
1498 2179 1520 2235 S

91 2267 213 2324 nonnoso
230 2268 274 2323 uei
291 2272 401 2322 mortuo
419 2265 540 2334 legatum
558 2264 640 2318 etiem
658 2264 758 2334 peoniii
776 2264 967 2334 exstinguitur.
1391 2315 1394 2321 ,
1498 2273 1528 2316 so

67 2351 79 2408 i
124 2352 195 2412 (ioue
209 2355 277 2412 libro
295 2361 396 2412 oeteuo
413 2353 520 2409 decimo
539 2352 574 2408 sd
592 2352 713 2408 edietum
731 2353 906 2424 pronineisie.
938 2353 1008 2408 Nem
1027 2368 1097 2424 quoe
1115 2347 1534 2440 eooessiouum[s—rJ—11-,‘sd'

89 2439 148 2498 sem
161 2445 282 2516 optinent,
302 2445 522 2514 exstingnuntur,
541 2457 603 2497 oum
621 2443 786 2514 prineipoiee
804 2457 848 2498 ree
865 2445 1023 2514 peremptae
1041 2441 1149 2498 inerint.

65 2527 78 2586 i
122 2531 216 2591 Pennus
233 2533 302 2589 libro
320 2539 418 2603 quarm
437 2532 473 2587 sd
491 2530 631 2588 Sabinum.
668 2531 748 2586 Atei
770 2531 867 2587 oneiile
889 2547 952 2586 enm
974 2531 1032 2586 suis
1055 2533 1126 2586 netis
1149 2531 1241 2602 tegete
1258 2530 1302 2602 sit,
1322 2525 1519 2616 ΜΒ

88 2618 143 2675 etism
160 2629 258 2679 morture
280 2638 314 2678 ee
338 2621 382 2677 usi
406 2621 523 2677 alienets
546 2621 590 2676 uel
612 2621 781 2676 manumissa
804 2621 861 2676 nsti
884 2621 918 2676 od
941 2621 1102 2692 legstsrium
1125 2620 1313 2694 pertinebunt,
1337 2621 1402 2692 quis
1423 2623 1478 2680 duo

88 2705 149 2777 iepo
162 2718 218 2768 sunt
234 2715 370 2784 seperate.
1102 2779 1103 2782 Ἴ
1497 2719 1526 2762 ro

63 2795 76 2852 i
121 2797 194 2858 durus
209 2801 277 2858 libro
295 2805 395 2857 ootsno
413 2799 520 2855 decimo
538 2799 574 2853 sd
592 2798 711 2855 edietum
730 2798 905 2870 prouinoisle.
942 2797 997 2854 Sed
1016 2803 1044 2854 et
1062 2799 1085 2854 si
1109 2815 1171 2854 eum
1194 2799 1304 2856 uiosriis
1322 2795 1478 2884 [ῙΠῌ
1497 2803 1533 2860 S'

88 2887 125 2942 ru's
136 2891 228 2961 legans
246 2892 283 2946 sit
300 2905 405 2960 seruus,
424 2889 505 2946 duret
522 2890 685 2945 uieeriornm
704 2889 825 2958 legatum
844 2893 873 2943 et
884 2892 992 2944 mortuo
1006 2903 1039 2944 eo
1052 2892 1100 2944 snt
1112 2889 1229 2944 siienato
1241 2895 1290 2946 sut
1301 2877 1478 2948 ruffi

63 2973 76 3030 i
121 2977 216 3038 Pronus
232 2980 301 3036 iibro
320 2985 417 3050 quarto
435 2979 471 3034 nd
489 2978 629 3034 Sabinum.
666 2978 776 3035 Peeuiio
798 2979 890 3048 legsto
913 2982 1022 3033 eouetot
1043 2977 1171 3033 heredem
1194 2980 1305 3034 nomino
1321 2975 1477 3064 [rs—4111]
1495 2981 1518 3037 8

88 3069 194 3132 mentieris
209 3070 336 3142 persequi
354 3085 444 3140 posse,
463 3073 492 3124 et
508 3067 739 3138 insuperipsnm⁸
752 3067 853 3137 siquid
869 3066 970 3122 debeat
986 3081 1074 3137 seruo,
1093 3066 1207 3122 reddere
1224 3057 1477 3138 iegotsrio'd—effe¹
1495 3077 1526 3118 ¹⁹

63 3151 76 3208 i
121 3155 246 3216 durusne
264 3157 334 3214 libro
352 3159 483 3214 uioeeimo
501 3157 595 3226 quinto
614 3156 648 3210 nd
668 3155 808 3212 Ssbiuum.
845 3154 874 3212 Si
893 3157 1028 3227 peeulium
1046 3157 1153 3226 legetur
1176 3161 1205 3212 et
1222 3158 1258 3212 sit
1275 3157 1303 3213 in
1321 3153 1518 3242 [MS

87 3247 216 3318 omibus,
239 3254 307 3318 pute
324 3245 402 3302 tundi
420 3247 464 3303 nel
482 3247 580 3316 aedes,
604 3245 627 3300 si
649 3245 759 3315 quidem
785 3245 849 3301 nihil
867 3246 916 3316 sit,
941 3245 1014 3316 quod
1033 3261 1129 3301 seruus
1147 3245 1257 3302 domino
1274 3247 1320 3302 uei
1335 3233 1477 3306 diffinit

86 3327 175 3392 hisdem
194 3337 294 3394 domini
319 3335 432 3406 debest,
456 3336 564 3405 integro
586 3349 701 3404 corpore
724 3334 947 3390 uindieobuntur:
976 3335 1017 3390 sin
1041 3349 1108 3390 uero
1130 3335 1179 3406 eit,
1202 3335 1276 3405 qnod
1300 3335 1410 3394 domino
1432 3339 1476 3395 uei

87 3431 142 3490 tion
158 3429 257 3499 sen'ptis
279 3425 405 3498 personis
428 3424 575 3494 debentur,
598 3423 718 3478 deminui
741 3423 849 3494 singule
874 3439 988 3494 corpore
1010 3439 1059 3494 pro
1082 3427 1143 3479 rste
1166 3423 1314 3481 debebunt.
1341 3431 1370 3482 et
1391 3427 1431 3482 ito
1448 3433 1477 3483 et

66 3502 169 3568 ¹lulianus
183 3521 209 3570 et
227 3517 324 3572 celsus
342 3519 448 3586 putent.
485 3514 522 3568 Et
539 3513 563 3569 si
580 3510 663 3569 fuerit
678 3513 801 3590 tegetum
820 3515 955 3584 poeulium
974 3529 1027 3569 uon
1046 3513 1165 3570 deducto
1178 3529 1245 3570 -sere
1263 3515 1359 3587 elieno,
1380 3531 1475 3572 ueren-

87 3591 135 3664 dffl.
148 3619 175 3658 ne
190 3605 283 3661 inutile
301 3606 422 3673 legatum
441 3604 486 3674 eit,
504 3603 569 3673 quie
586 3601 660 3672 quod
678 3601 795 3658 sdicitur
812 3609 907 3658 oontrs
924 3607 1049 3658 usturam
1067 3603 1151 3672 legati
1168 3604 1211 3658 sit.
1238 3603 1288 3659 sed
1299 3607 1367 3674 puto
1380 3619 1475 3662 nerum
1494 3609 1523 3654 ⁸⁵

86 3679 308 3749 hermentionem
327 3709 382 3749 non
401 3693 497 3748 uitione
515 3693 650 3761 legatum,
669 3692 719 3746 sed
737 3692 803 3748 nihil
821 3693 847 3747 ei
865 3691 985 3748 edicere:
1009 3707 1060 3748 neo
1078 3693 1149 3748 enim
1166 3696 1260 3761 potest
1276 3708 1399 3750 oreeeere
1417 3695 1475 3751 uin·

86 3767 155 3835 &osio
168 3785 262 3852 peculii
279 3797 330 3853 per
346 3781 417 3837 hune
435 3781 623 3836 sdieetionem.
650 3781 731 3851 plene
754 3782 778 3838 si
799 3797 936 3852 propones
959 3781 1120 3851 iegstsrium
1142 3785 1252 3836 neotum
1274 3783 1475 3852 possessionem

86 3873 155 3935 tun,
173 3871 330 3943 exeeptione
349 3871 403 3926 doli
422 3869 554 3926 aduersus
577 3869 705 3926 heredem
729 3869 912 3926 uindicantem
938 3871 976 3925 nti
1000 3875 1103 3940 potest:
1127 3869 1210 3926 hebet
1233 3871 1305 3926 enim
1329 3871 1357 3926 in
1381 3873 1475 3929 solidis

85 3947 139 4008 reim
152 3961 311 4016 uoluntatem
331 3960 402 4015 seris
420 3959 501 4018 siieur'
519 3974 573 4015 uon
592 3957 755 4015 deducendi.
783 3959 833 4014 sed
851 3965 880 4014 et
897 3959 921 4014 si
945 3959 1071 4014 dominus
1093 3959 1231 4015 remittere
1254 3975 1285 4016 se
1302 3975 1382 4016 seruo
1400 3961 1474 4032 quod

85 4033 140 4098 debet
152 4050 188 4104 nei
205 4050 271 4105 nihil
289 4049 342 4106 sibi
354 4063 463 4104 eorunm
476 4048 577 4104 debere
589 4045 792 4118 signitiosuerit,
812 4049 886 4104 uolet
901 4047 970 4103 hsee
985 4047 1110 4118 sdieotio,
1128 4049 1193 4118 quis
1208 4049 1284 4105 nude
1301 4035 1474 4127 Q
1492 4054 1521 4096 4⁰

65 4124 185 4194 ’totototo
205 4145 298 4209 potest
320 4137 447 4194 dominus
472 4153 552 4193 seruo
575 4139 712 4192 remittere
736 4138 810 4208 quod
827 4139 854 4194 ei
870 4136 963 4194 debet.
999 4137 1106 4194 Uiesrio
1124 4143 1216 4193 sutem
1235 4153 1297 4194 meo
1314 4139 1380 4194 mihi
1398 4135 1474 4225 Q

84 4211 145 4284 histo
159 4241 188 4284 sn
205 4235 234 4284 et
250 4228 347 4285 uienrii
364 4228 419 4282 mei
436 4227 572 4298 peenlinm
591 4227 626 4282 nd
644 4242 689 4282 me
706 4228 849 4298 pertineat,
867 4227 1014 4297 quaeritur.
1042 4231 1070 4282 et
1087 4233 1216 4298 putemus
1233 4229 1365 4284 contineri
1381 4229 1473 4299 iegato

66 4303 147 4368 ionii
161 4317 214 4374 eins
231 4319 377 4388 pedulium,
397 4316 448 4372 nisi
466 4315 584 4372 sduerss
601 4315 638 4371 sit
654 4317 782 4373 uolentes
799 4317 948 4372 testatoris.
976 4314 1005 4372 Si
1023 4331 1120 4372 serum
1138 4319 1168 4370 et
1181 4316 1301 4372 uiesrius
1319 4317 1378 4374 eine
1395 4317 1473 4375 liberi

84 4415 285 4503 trunnoros)

713 4541 835 4550 -n--a—-n

83 4523 709 4553 w
836 4540 1472 4554 Ἣ

84 4575 139 4658 font
152 4599 192 4646 ee.
210 4591 293 4659 (Ηαὶ.)
357 4593 369 4628 ¹
387 4607 420 4648 es
437 4591 537 4662 quibos
553 4591 703 4648 inetnrotns
721 4591 757 4646 sit
774 4587 875 4646 drudus
893 4592 939 4647 det
1008 4591 1020 4627 ¹
1038 4595 1067 4647 et
1083 4591 1195 4662 insuper
1212 4591 1310 4664 ipsum]
1330 4591 1380 4650 sed
1397 4593 1472 4666 quod

83 4651 108 4703 1²¹
118 4663 191 4731 eregit
207 4669 236 4719 et
252 4665 365 4734 iusuper
381 4665 460 4734 ipse?

83 4747 464 4776 κὴ...-

82 4797 213 4898 ⁴strenuis]
231 4814 304 4870 idem
324 4815 362 4868 F’
414 4817 431 4869 6
454 4815 540 4884 petris
557 4811 675 4870 inmitiss
693 4815 731 4868 F’
789 4813 954 4878 WDEIGK,
971 4811 1004 4868 fit
1015 4813 1064 4869 sed
1078 4815 1122 4880 F’,
1140 4815 1181 4871 uit
1195 4814 1244 4870 sed
1259 4815 1301 4882 Ρ,
1318 4815 1360 4872 bit
1371 4815 1421 4872 eed
1433 4815 1470 4870 Ρ*

82 4867 334 4950 itepn‘ehendstm
362 4887 387 4940 F
388 4883 399 4918 ⁸
467 4887 501 4942 10
527 4886 667 4941 instruetis
694 4887 729 4939 Ρ
783 4887 818 4940 36
830 4883 911 4954 hene]
926 4883 1128 4954 WDEQIGK’,
1141 4885 1471 4954 odhsnoiiinhnnoK·

82 4939 127 5020 idq
185 4957 257 5014 ueF
295 4957 331 5013 23
349 4957 445 5012 otF’
488 4959 523 5013 24
540 4955 728 5014 mortu‘o'eF‘
782 4957 818 5012 42
835 4956 1007 5027 pertines'n't
1023 4955 1059 5011 P

80 5011 171 5092 dnos
206 5029 242 5084 ro
286 5029 323 5084 ee
338 5027 474 5098 rner’gn
488 5030 525 5083 rr
569 5031 604 5086 ee
620 5027 727 5098 esser}
