3614 5460
318 246 513 316 XXXXVIII
534 247 611 314 22⁷
991 238 1079 320 860
1469 261 1518 309 nu
1540 260 1750 310 mrsunrorrs

319 419 373 460 non
392 402 526 473 habeant,
548 403 727 474 pronuntient
750 401 862 472 quidem
885 401 913 456 in
936 402 1053 456 insulam
1071 415 1102 456 se
1120 402 1257 472 relegare,
1280 399 1402 456 scribant
1420 405 1512 456 autem
1532 399 1703 470 imperatori,
1724 403 1752 454 ut

317 493 377 562 ipse
394 493 512 547 insulam
531 493 667 562 adsignet.
695 496 816 546 ceterum
835 505 890 546 non
907 495 1025 560 possunt
1046 489 1178 545 damnare
1200 491 1228 545 in
1247 505 1308 545 eam
1326 490 1458 558 insulam,
1481 503 1565 559 qnam
1588 489 1617 543 in
1641 503 1675 542 ea
1696 501 1751 558 pro·-

318 581 410 636 uineia
428 582 472 636 cui
490 586 621 651 praesunt
643 596 698 635 non
717 579 844 634 habeant.
872 579 978 634 interim
1004 577 1095 648 quoad
1118 579 1268 648 imperator
1290 579 1407 634 insulam
1432 577 1576 647 adsignet,
1601 577 1680 632 militi
1702 583 1751 631 tra-

286 678 300 722 a
319 669 426 724 dendus
444 674 488 724 ast
505 669 652 737 relegatus.
683 669 760 722 Haeo
778 673 821 723 est
839 666 994 722 differentia
1012 667 1083 722 inter
1101 667 1260 737 deportatos
1278 667 1487 736 etrelegatns1,
1506 665 1581 736 quod
1593 666 1623 720 in
1640 665 1750 720 insulam

286 767 300 811 ti
319 759 434 828 relegari
452 763 481 812 et
498 757 534 811 ad
551 763 662 826 tempus
680 761 709 810 et
726 757 754 811 in
772 761 934 826 perpetuum
954 755 1015 825 quis
1032 761 1134 824 potest.
1171 754 1255 811 ¹Siue
1273 755 1310 810 ad
1327 760 1438 826 tempus
1456 755 1516 810 sius
1540 755 1569 810 in
1593 758 1749 824 perpetuum
1766 763 1777 804 e

319 846 380 915 quis
398 844 480 900 fuerit
498 846 651 914 relegatus,
676 851 704 899 et
727 845 867 899 ciuitatem
886 845 1038 899 Romanam
1061 845 1162 900 retinet
1185 847 1214 899 et
1231 845 1389 900 testamenti
1407 842 1555 898 santionem
1573 858 1629 898 non
1647 843 1750 896 amittit

285 933 364 988 tAd
387 939 496 1002 tempus
519 934 649 1002 relegatis
672 947 760 1002 neque
785 935 844 987 tota
867 931 940 988 bona
964 947 1053 1002 neque
1071 937 1176 1002 partem
1196 933 1280 988 adimi
1302 931 1404 988 debere
1427 932 1567 1001 rescriptis
1591 925 1748 1002 quibusdam

267 1035 275 1058 ··
318 1021 520 1091 manifestatur,
545 1021 781 1092 reprehensaequc
800 1025 865 1076 sunt
882 1021 1036 1076 sententiae
1054 1036 1162 1090 corum,
1186 1023 1234 1090 qui
1255 1021 1291 1076 ad
1308 1027 1418 1090 tempus
1440 1021 1572 1089 relegatis
1595 1020 1750 1074 ademerunt

317 1115 423 1180 partem
441 1109 574 1164 bonorum
594 1110 638 1164 uel
655 1109 737 1179 bona,
756 1109 796 1164 sic
809 1110 819 1180 i
833 1115 933 1178 umen,
951 1114 984 1164 ut
1001 1123 1057 1164 non
1074 1107 1277 1165 infirmarentur
1294 1109 1537 1178 renuntiassem
1555 1109 1595 1163 ita
1613 1115 1677 1164 sunt
1694 1123 1746 1178 prc-
1760 1114 1799 1160 tlt

286 1199 399 1254 elatae.
437 1199 488 1253 Est
506 1198 643 1267 quoddam
667 1213 755 1268 genus
779 1197 859 1267 quasi
884 1207 910 1252 in
934 1198 1049 1252 insulam
1068 1198 1242 1267 relegationis
1265 1199 1293 1252 in
1316 1199 1459 1268 prouincia
1475 1196 1609 1267 Aegypto
1627 1198 1655 1252 in
1673 1196 1747 1252 Oasin
1761 1207 1781 1248 ri

286 1288 449 1357 ersiegare.
487 1285 565 1342 Sicut
582 1291 674 1342 autem
694 1287 815 1355 relegare
834 1287 862 1340 in
880 1286 996 1340 insulam
1015 1286 1174 1356 qaisquam,
1199 1301 1270 1356 quae
1294 1301 1349 1342 non
1373 1291 1417 1341 eat
1437 1285 1489 1341 sub
1513 1300 1558 1356 se,
1582 1301 1637 1340 non
1654 1288 1744 1355 potest,

318 1376 357 1430 ita
376 1391 410 1430 ne
428 1376 456 1430 in
474 1375 642 1444 prouinciam
661 1373 772 1444 quidem
791 1373 932 1443 relegandi
950 1375 993 1429 ius
1005 1373 1097 1444 babet,
1115 1390 1187 1445 quae
1199 1391 1253 1430 non
1266 1379 1309 1430 est
1322 1373 1374 1430 sub
1387 1390 1430 1430 se:
1449 1373 1520 1430 sorte
1531 1389 1646 1444 praeses
1658 1373 1743 1445 Syriae

255 1469 300 1518 78
318 1465 346 1520 iu
364 1463 553 1519 Macedoniam
572 1479 627 1518 non
645 1461 787 1532 relegabit.
818 1462 873 1518 Sed
892 1467 970 1517 extra
987 1463 1156 1532 prouinciam
1175 1479 1254 1519 susm
1272 1469 1364 1534 potest
1381 1463 1513 1532 relegare.
1545 1463 1614 1517 item
1633 1464 1660 1518 in
1677 1467 1742 1532 parts

319 1559 396 1608 certa
413 1551 572 1622 prouinciae
591 1557 758 1606 moraturum
777 1551 900 1620 relegare
918 1555 1023 1620 potest,
1047 1557 1078 1606 ut
1099 1550 1169 1607 forte
1191 1568 1246 1607 non
1269 1551 1387 1607 excedat
1408 1552 1551 1606 ciuitatem
1575 1551 1690 1620 aliquam
1706 1549 1740 1604 uel

287 1641 454 1713 erepionom
473 1641 591 1710 aliquam
610 1653 665 1696 non
683 1637 848 1708 egredictur.
880 1637 935 1694 Sed
954 1643 982 1694 et
1000 1639 1029 1694 in
1047 1655 1095 1695 eas
1113 1647 1206 1712 paries
1224 1641 1390 1712 prouincias,
1407 1655 1481 1710 quae
1498 1645 1565 1695 sunt
1583 1639 1738 1707 desertiores,
1751 1647 1771 1688 tt

271 1735 301 1781 10
319 1730 376 1785 scio
393 1727 534 1799 praesides
557 1729 653 1784 solitos
676 1729 808 1798 relegare.
843 1727 1010 1783 Interdieerc
1033 1733 1125 1784 autem
1148 1729 1210 1799 quis
1234 1743 1268 1784 ea
1289 1730 1432 1798 prouincia
1454 1734 1550 1799 potest
1571 1743 1653 1798 quam
1674 1727 1737 1796 regit,

319 1818 373 1872 alia
390 1833 445 1873 non
463 1821 569 1888 potest:
593 1817 678 1872 etita
696 1815 753 1871 diui
771 1815 868 1872 iratres
885 1809 1093 1886 rescripserunt.
1120 1819 1194 1874 unde
1212 1817 1372 1886 eueniebet,
1397 1823 1438 1887 ut,
1459 1817 1506 1888 qui
1524 1817 1662 1886 relegatus
1679 1821 1737 1870 esset

320 1905 355 1962 ab
374 1921 407 1962 ea
424 1906 579 1977 prouincia,
604 1905 632 1960 in
650 1919 707 1974 qua
724 1903 865 1960 domitium
884 1903 992 1975 babuit,
1012 1899 1111 1962 morari
1129 1907 1202 1978 apud
1221 1907 1354 1976 originem
1372 1922 1450 1961 suam
1469 1912 1574 1976 posset
1602 1905 1651 1960 sed
1667 1906 1733 1974 inps

319 1999 394 2050 rator
412 1999 505 2050 noster
521 2009 584 2074 cum
604 1993 668 2048 diuo
691 1997 769 2063 putre
793 2007 843 2047 suo
867 1991 930 2046 huic
952 1994 991 2048 rei
1009 1994 1197 2062 prouiderunt.
1232 1995 1337 2051 Maecio
1355 1995 1429 2050 enirn
1447 1993 1538 2050 Probo
1556 1993 1674 2064 praesidi
1686 2005 1731 2062 pro

319 2083 427 2138 uinciao
445 2084 593 2154 Hispaniae
612 2082 810 2152 rescripserunt
827 2081 909 2135 etiam
929 2095 963 2136 ea
980 2084 1122 2151 prouincia
1140 2085 1279 2154 interdici,
1304 2083 1378 2139 unde
1402 2083 1465 2152 quis
1487 2083 1619 2140 oriundus
1637 2083 1687 2149 est,
1704 2077 1730 2132 ab
1743 2089 1762 2130 si

319 2187 353 2228 eo
378 2173 425 2243 qui
449 2173 521 2242 regit
544 2187 605 2226 earn
623 2171 807 2241 prouinciam,
831 2169 879 2225 ubi
896 2171 958 2240 quis
982 2169 1149 2228 domicilium
1168 2172 1259 2228 habet.
1287 2172 1336 2226 scd
1355 2177 1383 2226 st
1401 2186 1462 2241 ecs,
1487 2172 1550 2241 qni,
1568 2173 1630 2226 aum
1647 2168 1728 2224 incolae

319 2276 374 2316 non
392 2265 493 2330 essent,
511 2261 539 2316 in
557 2275 591 2316 ea
608 2259 750 2330 prouincia
767 2259 833 2328 quid
846 2259 1014 2329 admiserint,
1033 2275 1151 2329 aequum
1164 2267 1208 2316 est
1219 2261 1255 2316 ad
1267 2261 1392 2330 rescripti
1404 2261 1596 2314 auctoritatem
1609 2259 1727 2329 pertinere

270 2356 299 2400 11
319 2349 482 2406 Dubitatum
500 2355 556 2418 est,
574 2365 610 2404 an
628 2347 790 2404 interdicere
809 2348 870 2417 quis
888 2348 969 2402 alicui
988 2349 1076 2417 possit
1092 2350 1247 2419 prouincia,
1266 2350 1293 2404 iu
1312 2365 1368 2419 qiua
1385 2347 1518 2404 oriundus
1537 2353 1593 2418 est,
1614 2363 1670 2402 cum
1683 2346 1726 2414 ipa

319 2439 345 2493 ei
363 2438 520 2508 prouinciae
538 2438 654 2508 praesit,
678 2451 760 2506 quam
779 2435 887 2506 incolit,
912 2435 977 2490 dum
997 2451 1048 2492 sua
1071 2451 1125 2492 non
1144 2438 1295 2506 interdicit,
1320 2443 1351 2492 ut
1373 2439 1462 2493 solent
1480 2437 1561 2494 Italis
1583 2435 1723 2496 interdicere,

319 2527 366 2597 qui
389 2527 478 2596 patria
501 2541 556 2581 non
578 2524 757 2580 interdicunt:
785 2525 829 2579 nel
852 2539 888 2578 an
911 2539 961 2594 por
984 2527 1195 2595 consequentias
1218 2527 1346 2582 uideatur
1367 2527 1451 2581 etiam
1474 2525 1645 2596 prouinciae⁸
1665 2524 1754 2577 incr-a

270 2622 300 2668 ta
319 2615 435 2685 dixisse,
454 2615 499 2670 cui
517 2619 635 2684 praeest.
663 2612 737 2684 quod
756 2613 845 2682 magis
862 2612 915 2668 erit
931 2611 1113 2682 probandum.
1149 2615 1202 2670 Per
1219 2615 1384 2670 contrarium
1403 2619 1496 2669 sutem
1514 2615 1553 2684 is,
1576 2615 1622 2684 qui
1638 2607 1721 2680 originis

318 2703 476 2775 prouinciae
494 2707 617 2773 praeest,
640 2717 695 2758 non
712 2706 756 2756 est
773 2705 890 2756 nanctus
908 2701 950 2756 ius
967 2689 1147 2758 interdicendi
1165 2717 1199 2758 ea
1216 2703 1370 2773 prouincia,
1394 2717 1476 2772 quam
1496 2703 1628 2758 incolitis
1643 2699 1719 2770 quire

270 2799 300 2844 13
318 2793 434 2863 legatur.
471 2789 500 2846 Si
519 2793 580 2861 quis
598 2807 659 2846 sam
679 2790 843 2846 sententiam
862 2788 1015 2860 admiserit,
1040 2796 1072 2846 ut
1090 2791 1127 2861 is,
1152 2793 1245 2861 quiin
1264 2792 1317 2848 alia
1334 2792 1478 2862 prouincia
1495 2792 1638 2859 commisit,
1658 2783 1720 2859 posti

318 2881 434 2952 relegari
452 2877 487 2935 ab
506 2895 539 2936 eo
557 2881 604 2949 qui
622 2881 648 2935 ei
666 2879 823 2950 prouincias
841 2882 964 2947 praeest:
983 2880 1100 2950 eueniet,
1120 2885 1151 2934 ut
1168 2881 1307 2950 relegatus
1320 2881 1372 2936 iste
1383 2879 1473 2935 tribus
1485 2880 1630 2950 prouinciis
1640 2877 1719 2948 praeiit

318 2971 425 3026 ltaliam
444 2968 546 3024 debeat
563 2968 714 3038 abstinere,
738 2973 767 3022 et
784 2968 812 3022 in
830 2983 886 3036 qua
903 2967 1018 3037 deliquit
1040 2973 1070 3023 et
1087 2983 1169 3038 quam
1187 2970 1282 3024 incolit
1298 2973 1328 3024 et
1345 2969 1469 3038 originis.
1496 2975 1526 3024 et
1543 2970 1567 3024 si
1584 2984 1617 3024 ex
1632 2959 1746 3021 dinanuo

318 3058 466 3129 prouinciis
484 3057 547 3112 oriri
566 3057 692 3112 uideatur
710 3061 822 3126 propter
840 3055 1028 3111 condicionem
1047 3057 1092 3112 uel
1110 3072 1187 3112 suam
1206 3057 1252 3112 uel
1269 3058 1391 3127 parentis
1409 3059 1617 3128 patronorum⁴:
1633 3049 1716 3120 uelplt·

270 3152 301 3200 14
319 3146 395 3202 ribus
413 3145 560 3216 prouinciis
579 3150 778 3218 consequenter
796 3143 971 3200 interdictum
990 3145 1016 3199 ei
1034 3145 1166 3200 dicemus.
1203 3145 1372 3212 Quibusdam
1396 3153 1489 3201 tamen
1512 3143 1679 3216 praesidibus,
1695 3137 1716 3189 ti

319 3237 411 3290 multia
429 3235 577 3305 prouinciis
594 3223 756 3290 interdicere
774 3235 894 3302 possint,
919 3233 1053 3290 indultum
1073 3239 1129 3290 est:
1154 3239 1186 3289 nt
1208 3234 1381 3304 praesidibus
1399 3233 1556 3306 Syriarum,
1581 3233 1626 3289 sod
1645 3225 1714 3286 ctDt·

270 3331 300 3378 tt
319 3325 431 3380 ciarum.
462 3323 647 3378 constitutum
666 3337 737 3392 eum,
757 3322 801 3376 cui
819 3323 908 3390 patria
926 3323 1099 3378 interdictum
1118 3329 1169 3392 est,
1188 3323 1270 3378 etiam
1288 3322 1356 3378 urbe
1374 3322 1515 3378 abstinere
1527 3323 1635 3378 debere:
1651 3317 1714 3372 muti

319 3417 412 3468 autem
431 3411 455 3466 si
473 3412 517 3466 eni
537 3409 604 3465 urba
621 3409 704 3466 fuerit
721 3409 911 3481 interdictum,
936 3412 1025 3480 patria
1048 3427 1099 3467 sua
1122 3411 1297 3467 interdictum
1322 3428 1378 3467 non
1400 3412 1519 3468 uidetur.
1548 3417 1576 3468 et
1597 3413 1633 3466 ita
1652 3399 1742 3462 madiis

272 3510 300 3556 li
319 3499 561 3558 constitutionibus
579 3505 701 3554 cauetur.
738 3499 767 3554 Si
786 3499 829 3554 cui
847 3500 929 3570 plane
947 3516 1001 3555 nou
1019 3501 1110 3570 putria
1127 3517 1186 3570 sua,
1207 3500 1257 3556 sed
1275 3501 1367 3570 aliquus
1384 3501 1499 3557 ciuitate
1517 3488 1713 3558 interdictuutl'i

319 3590 468 3646 uidendum
488 3593 544 3659 est,
568 3605 603 3643 an
622 3589 704 3643 ctiam
723 3589 812 3658 patria
835 3603 886 3642 sua
908 3589 1028 3658 itemque
1052 3588 1119 3644 urbe
1142 3589 1316 3644 interdictum
1341 3589 1479 3645 dicamus:
1502 3590 1578 3661 quod
1595 3578 1712 3656 mugiitti

271 3689 300 3735 ii
319 3681 381 3750 His,
405 3679 452 3749 qni
471 3679 639 3748 relegantur,
664 3677 724 3732 dies
742 3677 894 3732 excedendi
913 3693 930 3732 a
948 3677 1120 3746 praesidibus
1143 3678 1202 3733 dari
1227 3684 1254 3733 et
1277 3684 1370 3749 potest
1391 3685 1420 3733 et
1437 3680 1521 3734 solet:
1546 3664 1712 3734 sisuinnai

319 3775 362 3824 est
386 3769 425 3822 ita
447 3767 617 3837 pronuntiari
637 3766 718 3820 ‘illum
742 3765 884 3836 prouincia
906 3767 953 3820 illa
975 3766 1125 3836 insulisque
1150 3767 1206 3822 οῐοΒ
1224 3767 1317 3836 relego
1340 3765 1530 3837 excedemque
1548 3763 1649 3823 debebit
1665 3759 1712 3814 ltili

271 3869 300 3915 18
319 3858 401 3914 'illum
424 3857 513 3912 diem'.
553 3856 717 3924 Relegatum
740 3856 821 3924 plane
844 3854 983 3910 libellum·
1007 3854 1072 3910 dare
1096 3855 1212 3926 principi
1233 3869 1316 3924 posse
1343 3854 1401 3910 diui
1424 3853 1525 3911 iratres
1548 3843 1739 3923 manupretii

270 3957 300 4003 19
319 3945 395 4002 Solet
412 3945 555 4016 praeterea
572 3943 697 3998 interdici
716 3943 846 3998 scammis
864 3943 1041 4012 quibusdam,
1064 3958 1099 3998 ne
1122 3943 1194 3998 intra
1215 3943 1320 4013 patriae
1339 3945 1506 4000 territorium
1525 3945 1569 4000 uel
1585 3955 1662 4000 muros
1674 3941 1710 3987 ml

270 4046 301 4092 se
319 4039 425 4090 rentur:
449 4049 483 4089 ne
502 4033 637 4088 excedant
654 4033 770 4101 patriam
789 4033 834 4087 uel
853 4033 880 4087 in
898 4033 967 4088 uicis
985 4031 1149 4102 quibusdam
1168 4037 1314 4088 morentur.
1352 4030 1429 4088 Solet
1449 4032 1633 4090 decurionibus
1647 4019 1711 4083 ordini

271 4135 300 4181 at
319 4123 445 4178 interdici
464 4123 508 4177 uel
527 4122 563 4177 ad
581 4127 690 4191 tempus
709 4120 754 4176 uel
772 4121 800 4175 in
818 4127 990 4191 perpetuum.
1027 4121 1097 4176 item
1115 4124 1209 4190 petest
1226 4121 1307 4176 alicui
1329 4135 1419 4191 poena
1437 4123 1556 4194 iniungi,
1578 4135 1609 4176 ue
1629 4116 1710 4172 honesti

319 4211 501 4282 adipiscatur:
524 4225 575 4266 nec
594 4227 627 4266 ea
644 4225 689 4265 res
708 4208 788 4280 lacit,
811 4216 843 4265 ut
864 4209 977 4266 decurio
1001 4223 1062 4264 esse
1085 4209 1208 4280 desinat,
1232 4225 1294 4265 cum
1313 4208 1372 4265 lieri
1390 4211 1492 4282 possit,
1514 4216 1546 4268 nt
1563 4209 1617 4280 quis
1632 4193 1710 4260 dccliii

318 4317 512 4386 samoe)

1168 4387 1710 4419 ’Μ’

320 4451 377 4504 ¹in
400 4451 517 4505 insulam
541 4459 589 4504 ias.
702 4449 766 4502 ²et
790 4457 837 4503 ina.
949 4449 1125 4519 ⁸prouincia
1148 4449 1201 4505 esi
1311 4451 1560 4521 ‘patronorumue
1580 4428 1710 4518 (sesinii

319 4523 407 4577 ‘eius
426 4521 528 4588 (Helii
617 4519 681 4574 ⁰de
700 4535 734 4574 ea
751 4535 781 4574 re
800 4528 847 4574 ias.

318 4615 495 4624 „-—.--——
502 4612 745 4621 mu-v———un-

319 4653 521 4709 dientementi
535 4651 735 4707 'et'iaetionem
764 4651 800 4705 F*
866 4651 1010 4707 idebere
1063 4652 1154 4722 etiam]
1176 4653 1258 4708 etiam
1277 4654 1303 4708 ei
1322 4655 1360 4708 ii
1406 4655 1442 4710 28
1461 4655 1589 4710 samm
1628 4650 1712 4705 dicti·

319 4725 472 4794 seriptisF
524 4725 558 4777 10
576 4723 603 4778 in
622 4725 729 4789 om.Ft
750 4723 895 4792 legationis
914 4724 939 4775 F
955 4726 960 4789 Ι
976 4723 1010 4791 in
1062 4729 1211 4794 sequentur
1236 4725 1271 4776 F¹
1343 4726 1379 4780 40
1403 4727 1571 4796 principosse
1589 4725 1617 4778 F:
1637 4720 1712 4781 tittm

319 4797 416 4851 ouasiu
428 4797 454 4857 F,
467 4794 494 4846 in
507 4809 594 4848 notius
602 4793 634 4847 X
637 4793 663 4846 Y
662 4793 718 4856 00,
730 4795 758 4848 iu
770 4809 857 4849 nouas
866 4794 969 4848 insulas
978 4792 1015 4847 M
1062 4795 1150 4849 stacia
1169 4794 1310 4851 ’surbrbt'sses
1330 4799 1428 4852 ascisci
1439 4799 1465 4852 Β
1477 4799 1586 4862 (Anaia)
1630 4794 1659 4848 41
1673 4795 1714 4840 tii·

320 4867 355 4921 15
373 4866 531 4932 religionem
547 4865 579 4918 F:
597 4865 640 4918 isa
657 4863 691 4918 ari
706 4863 773 4918 tisis
787 4864 858 4932 airis
876 4864 949 4919 rrs'oc
961 4865 1009 4919 nd·
1061 4867 1101 4920 tia
1115 4867 1139 4919 F
1185 4869 1221 4922 42
1239 4867 1380 4924 in'c'uicis
1399 4867 1437 4922 Ρ*
1451 4870 1457 4938 Ι
1472 4871 1616 4924 moremtar
1626 4863 1657 4919 5¹
1670 4853 1715 4928 ide

319 4948 390 4992 isere
417 4935 508 4989 'eliisei
537 4935 551 4987 ti
579 4936 700 4990 κλίματος
725 4937 772 4990 iis
795 4939 959 5020 similiterque
983 4937 1010 4990 B
1062 4936 1221 4994 curibuibtts
1239 4939 1275 4992 F·

319 5009 427 5078 (Aaou)
465 5008 498 5062 19
510 5007 654 5080 praesidas
669 5009 693 5065 F
717 5007 753 5065 25
764 5006 843 5078 qui'a'
852 5011 942 5078 patus
951 5007 1007 5078 F’i
