3728 5452
217 245 381 314 XXXVIII
401 246 422 312 2
444 251 560 310 24-34
891 238 978 319 334
1487 258 1535 306 nu
1558 255 1656 306 nonne

216 403 339 474 petronis
362 403 431 458 alter
447 399 635 456 iusiurandum
654 401 793 470 exegerit¹
812 413 847 454 ne
864 413 977 454 uxorem
997 398 1095 468 duest,
1116 398 1161 454 nel
1178 398 1244 454 uiuo
1262 396 1359 454 liberto
1378 395 1545 452 decesserit:
1570 394 1657 463 isqui

217 496 296 548 extra
320 491 390 546 hane
412 491 519 560 eulpam
544 488 626 545 luerit
648 489 693 545 uel
715 487 899 558 supernixerit
920 488 1007 556 partis
1030 487 1140 557 utrique
1163 473 1272 542 debrtse
1295 484 1429 542 bonorum
1452 483 1657 554 possessionem

217 579 292 635 solus
309 578 429 634 habebit

160 663 199 724 25
271 669 348 722 lours
365 667 434 723 libro
451 667 540 737 prime
558 665 594 722 ad
608 665 733 721 Urseium
745 663 886 720 Feroeem.
916 664 1051 730 Quamdiu
1065 667 1181 734 patrono
1193 662 1327 720 bonorum
1339 662 1480 732 possesio
1499 653 1657 744 [Q
1673 663 1853 739 Q

216 757 303 826 partis
321 755 430 812 debitae
448 755 507 810 dari
524 760 624 825 potest,
646 755 773 825 exceptio
791 752 962 809 debitoribus
980 753 1062 808 datur
1079 752 1213 808 aduersm
1231 751 1359 808 heredem
1377 755 1534 820 petentem:
1553 749 1585 804 ‘si
1604 763 1658 803 non
1674 766 1850 828 seg-5

218 845 253 900 ‘iu
277 860 311 900 ea
333 859 418 900 eausa
440 845 477 900 sit
498 849 645 914 patronus,
669 847 700 899 ut
717 841 851 898 bonorum
869 842 1072 912 possessionem
1091 855 1141 910 pro
1158 845 1237 910 parte
1255 839 1350 896 deblta
1367 843 1463 896 eontra
1481 837 1594 894 tabulas
1611 851 1658 906 pe

217 931 283 989 ‘tere
301 933 406 1004 poseit'.

160 1019 199 1080 26
270 1022 442 1079 demessus
464 1021 533 1078 libro
556 1021 678 1077 meando
700 1020 901 1092 quaestionum.
937 1017 1050 1075 Libertn
1073 1018 1216 1088 octogiuta
1238 1017 1351 1074 habenti
1374 1015 1477 1074 qudns
1499 1008 1659 1099 ffiffl
1675 1024 1733 1077 a.
1814 1039 1854 1092 ,ς

217 1111 401 1182 quadregiuts
418 1111 527 1180 legatus
545 1115 600 1165 est:
619 1111 643 1165 is
661 1110 706 1166 dle
724 1110 840 1166 eedeute
857 1109 942 1179 legati
960 1108 1081 1164 deeessit
1096 1112 1227 1164 extraneo
1238 1107 1340 1164 herede
1352 1107 1486 1162 instituto.
1515 1102 1659 1174 respondit

216 1216 299 1271 posse
316 1205 462 1271 patronum
481 1204 587 1269 partem
606 1197 727 1254 debitam
746 1199 899 1256 uindicare:
923 1213 986 1254 nam
1005 1197 1094 1252 uideri
1110 1195 1271 1254 delunotum
1290 1196 1385 1252 mortis
1402 1201 1528 1266 tempore
1546 1193 1658 1262 amplio-
1675 1209 1693 1242 .-

217 1303 274 1344 rem
293 1287 423 1344 habuisse
440 1303 499 1344 rem
517 1291 641 1357 eentum,
660 1303 723 1342 eum
741 1287 879 1343 hereditas
898 1288 957 1343 elus
975 1292 1088 1358 propter
1105 1286 1338 1356 eomputatiouem
1356 1283 1441 1354 legati
1459 1282 1546 1354 pluris
1564 1281 1657 1338 uenire

216 1377 313 1448 possit.
340 1392 430 1446 neque
447 1375 557 1446 referre,
575 1375 655 1432 heres
673 1377 815 1432 Institutas
833 1376 959 1446 repudiet
976 1376 1097 1444 legatum
1116 1374 1214 1431 liberto
1232 1375 1357 1430 relietum
1375 1388 1427 1428 uee
1444 1387 1494 1428 ne:
1512 1388 1578 1426 uam
1594 1369 1657 1425 etsi

207 1466 254 1520 de
273 1466 336 1534 lege
354 1465 476 1520 Faloidis
498 1469 658 1535 quaeretur,
680 1450 737 1520 tale
761 1466 883 1535 legatum
906 1465 1032 1534 quamuls
1055 1463 1230 1535 repudIatum
1250 1464 1279 1519 in
1297 1462 1479 1532 quadrantem
1497 1458 1657 1516 hereditatis

217 1554 368 1624 lmpntatur
384 1553 549 1623 legatariis¹.

160 1643 200 1702 27
270 1643 349 1696 Iners
365 1641 435 1698 libro
453 1647 551 1711 quarto
569 1641 769 1710 quaestionum.
807 1641 877 1698 Uiuo
895 1640 952 1698 filio
970 1643 994 1698 si
1012 1657 1100 1712 nepos
1118 1640 1309 1711 exheredatur,
1327 1638 1437 1696 noeebit
1454 1637 1481 1694 ei
1514 1629 1655 1706 eft-affl

217 1729 394 1786 exheredatio
411 1730 447 1786 sd
465 1729 539 1786 bone
555 1728 714 1785 libertorum
732 1730 878 1786 anitorum.
947 1775 948 1778 ι
1353 1791 1354 1794 ,
1411 1783 1413 1788 ,

161 1819 200 1878 28
270 1819 480 1875 mauruntus
502 1817 571 1874 libro
595 1817 701 1874 deeimo
724 1818 936 1875 Institutionum.
973 1818 1002 1875 Si
1024 1820 1053 1874 iu
1076 1817 1233 1878 libertInnm
1257 1817 1480 1874 animaduersum
1499 1806 1655 1896 [Q

218 1908 282 1978 erit,
300 1908 424 1977 petmnis
442 1908 501 1962 eius
519 1907 577 1976 lus,
596 1907 671 1976 quod
688 1907 717 1963 in
734 1907 814 1963 bouis
832 1908 892 1964 eius
910 1907 1028 1964 habituri
1046 1913 1152 1978 essent,
1172 1906 1183 1976 ll
1202 1907 1226 1962 si
1244 1907 1268 1962 is
1285 1907 1314 1962 in
1332 1921 1414 1976 quem
1432 1903 1654 1960 sulmaduersum

218 2000 262 2052 est
284 2011 336 2051 sus
358 2001 446 2051 morte
463 1997 645 2066 detersisset,
668 1997 838 2067 eripiendum
857 2000 982 2052 nonest.
1016 1997 1066 2052 sed
1084 1997 1338 2066 reliquampartem
1357 1994 1506 2064 bonorum,
1530 2007 1603 2062 quae
1620 1989 1655 2046 sd

186 2091 199 2136 1
218 2085 445 2140 manumissorem
463 2085 523 2140 iure
541 2086 615 2141 oluili
633 2101 688 2142 uon
705 2087 856 2156 pertineat,
874 2084 943 2140 liaeo
961 2100 1023 2140 esse
1041 2084 1234 2140 uindicandam
1252 2085 1352 2154 placet.
1388 2083 1493 2140 Eadem
1512 2084 1657 2138 seruantur

218 2174 247 2230 iu
265 2171 344 2229 bouis
362 2189 456 2229 eorum
474 2174 522 2244 qui
540 2179 616 2230 metu
634 2174 819 2230 seeusstiunis
837 2178 952 2230 mortem
971 2173 1024 2230 sibi
1042 2173 1226 2230 eousuiuerint
1243 2179 1292 2228 sut
1308 2171 1437 2244 lugerint,
1456 2185 1529 2241 qnae
1543 2171 1570 2226 in
1583 2169 1656 2224 dam-

218 2267 344 2318 natorum
362 2261 442 2318 bonit
461 2263 612 2318 constituta
629 2266 702 2318 sunt.

162 2346 200 2404 29
271 2351 447 2407 llsaessnus
464 2350 533 2407 libro
551 2366 624 2408 nono
643 2352 853 2408 institutionum.
886 2351 938 2417 Qui
956 2367 991 2407 os
1009 2367 1094 2408 eausa
1110 2350 1315 2407 fideicommissi
1332 2365 1427 2404 manu·
1446 2345 1656 2432 [IAEQQ

218 2441 348 2509 mittitur,
372 2445 415 2495 est
437 2440 549 2510 quidem
572 2439 685 2496 libertus
709 2441 915 2496 manumissoris
938 2445 1046 2496 ettam
1069 2445 1165 2496 eontra
1187 2439 1296 2496 tabulas
1317 2455 1400 2509 quam
1419 2436 1454 2492 ab
1472 2438 1605 2492 intestato
1622 2433 1657 2488 sd

218 2529 292 2586 bena
309 2531 368 2586 eins
386 2529 480 2584 uenire
498 2533 591 2598 potest
608 2529 687 2598 qnasi
705 2533 851 2598 petronus:
875 2529 925 2584 sed
943 2545 1041 2600 operas
1059 2530 1085 2585 ei
1103 2529 1243 2599 imponere
1261 2543 1316 2584 non
1334 2531 1427 2598 potest
1444 2541 1496 2582 nee
1515 2523 1657 2592 impositas

186 2624 199 2671 1
219 2618 306 2674 abeo
324 2622 427 2688 petere.
455 2617 511 2673 Sed
528 2618 553 2672 sl
570 2615 718 2672 defunctus
736 2615 792 2673 filio
810 2631 861 2673 suo
879 2607 984 2688 legeuit
1001 2633 1111 2674 sernum
1124 2624 1153 2674 et
1165 2618 1282 2688 rogauit,
1301 2623 1333 2672 ut
1345 2633 1408 2672 eum
1420 2613 1608 2681 manumittat,
1626 2626 1662 2666 ea

219 2711 320 2777 mente,
339 2712 370 2762 ut
387 2707 497 2776 plenum
515 2706 558 2761 lus
576 2706 684 2775 patroni
702 2705 811 2776 babeat,
830 2704 1032 2764 defendendum
1051 2711 1095 2762 est
1111 2723 1194 2778 posse
1211 2723 1274 2762 enm
1293 2721 1391 2776 operes
1410 2706 1468 2760 iure
1485 2705 1637 2775 imponere.

162 2789 201 2848 30
272 2796 366 2852 (Issus
383 2795 453 2850 llbro
471 2784 593 2850 seeundo
612 2794 648 2850 ad
666 2793 785 2850 edietum
803 2796 938 2864 praetoris
956 2796 1053 2852 urbani
1071 2797 1150 2852 titulo
1164 2796 1199 2851 de
1211 2795 1316 2850 liberali
1328 2810 1421 2850 eausa.
1450 2793 1480 2848 Si
1499 2791 1656 2878 [effi
1771 2773 1808 2830 st

219 2885 281 2954 quis
298 2883 426 2939 libertum
443 2887 588 2952 paternum
607 2883 635 2938 ln
654 2883 815 2938 seruitutem
833 2899 867 2938 ea
884 2885 1027 2942 uoluntate
1044 2885 1161 2956 petierit,
1180 2890 1212 2940 ut
1229 2899 1341 2940 musam
1359 2884 1505 2941 euletiouis
1523 2885 1578 2940 sibi
1595 2901 1658 2942 eon·

219 2977 319 3042 seruet,
338 2987 393 3027 non
411 2971 514 3026 amittit
531 2969 694 3028 benefitium
712 2970 846 3028 bonorum
863 2975 1055 3042 possessionis.

162 3056 199 3116 31
271 3062 454 3116 Mansuetus
475 3058 545 3115 libro
563 3075 636 3116 nono
654 3060 833 3129 digestorum.
870 3062 989 3119 Patrono
1006 3062 1120 3118 libertus
1138 3060 1267 3132 fundum,
1292 3075 1373 3132 quem
1392 3059 1428 3116 ab
1447 3076 1480 3117 eo
1499 3057 1668 3144 [ιῖἷιιᾟῐ

220 3151 338 3207 alienum
357 3154 468 3218 emerat,
486 3148 590 3217 legauit
607 3153 636 3203 et
653 3150 796 3204 eonstItuit
811 3154 945 3220 patronus
963 3151 1000 3206 ad
1017 3152 1202 3221 sepertiuere
1219 3152 1356 3220 legatum:
1374 3155 1471 3206 eunus
1488 3137 1668 3208 rabm'is‘bo’-

219 3256 316 3296 norum
334 3237 538 3308 possessionem
556 3238 682 3307 seeipere
700 3253 755 3294 non
773 3243 879 3310 potest,
901 3240 954 3296 etsi
972 3239 1038 3295 nihil
1055 3239 1172 3310 profecit
1189 3241 1214 3294 ei
1232 3241 1362 3310 legatum,
1381 3240 1447 3308 qnia
1464 3240 1584 3296 alienam
1603 3255 1670 3297 rem

218 3328 354 3399 legauerit
370 3327 396 3381 ei
414 3325 537 3395 libertus,
556 3326 621 3395 quia
638 3329 771 3396 patronus
789 3329 848 3398 ipse
866 3345 929 3384 eum
947 3327 1045 3384 liberto
1063 3329 1234 3384 neudideret.

162 3411 201 3470 32
273 3418 352 3472 Inuus
378 3413 446 3470 libro
473 3413 580 3470 deeimo
605 3415 783 3485 digestorum.
820 3416 850 3472 Si
873 3417 987 3474 libertus
1010 3431 1088 3472 meus
1112 3417 1141 3472 iu
1164 3417 1324 3472 seruitutem
1348 3416 1477 3473 reduetus
1501 3412 1670 3501 [eTs'sTsE
1780 3439 1781 3442 ¹

218 3511 316 3576 postea
334 3502 369 3558 ab
388 3503 442 3558 alio
459 3501 591 3558 liberatus
609 3508 653 3558 est
670 3509 700 3558 et
717 3505 777 3560 elus
797 3506 918 3576 eoeperit
935 3521 997 3562 esse
1014 3506 1137 3575 libertus,
1156 3503 1309 3576 praefertur
1322 3505 1388 3561 mihi
1400 3507 1429 3561 iu
1441 3491 1670 3564 eoutuste‘b'ulffi

219 3591 352 3648 bonorum
369 3590 544 3660 possessione
562 3591 609 3660 qni
623 3595 708 3666 'eumi
727 3595 893 3650 manumislt.

162 3678 200 3737 33
271 3682 465 3737 Mouusrurus
488 3678 557 3734 libro
581 3680 713 3750 singulari
737 3681 772 3737 de
796 3682 1073 3740 manumissionibus.
1101 3681 1131 3738 Si
1153 3687 1286 3752 patronus
1310 3697 1365 3740 non
1383 3684 1482 3739 eluerit
1500 3678 1665 3768 [We

218 3769 354 3839 libertum,
372 3769 418 3824 lex
435 3767 516 3823 Aelia
532 3767 630 3824 Sentis
645 3769 742 3826 adlmit
759 3771 818 3826 eius
836 3770 970 3828 libertstIs
988 3787 1073 3828 eausa
1085 3773 1214 3842 Imposita
1224 3776 1282 3826 tam
1295 3772 1329 3840 ei,
1348 3787 1430 3841 qnam
1443 3761 1663 3844 spumasque'u'i

218 3875 253 3915 ea
270 3875 314 3915 res
331 3858 464 3929 pertinet,
482 3857 549 3912 item
566 3857 747 3930 hereditatem
765 3860 818 3929 ipsi
836 3865 865 3915 et
881 3860 974 3917 liberis
993 3862 1065 3932 eins,
1084 3861 1137 3916 nisi
1154 3860 1233 3916 heres
1252 3860 1394 3916 iustitutus
1412 3860 1457 3931 sit,
1476 3865 1506 3916 et
1524 3861 1669 3919 bonorum

218 3947 421 4018 possessionem
439 3951 632 4016 praeterquam
650 3948 801 4004 meandum
818 3948 937 4004 tabulas.

162 4034 201 4092 34
272 4037 443 4092 Isuonnuue
460 4034 529 4092 libro
548 4037 630 4091 tertio
648 4051 683 4092 ex
701 4036 805 4094 Cassio.
842 4037 871 4094 Si
890 4038 1018 4107 libertus,
1041 4053 1103 4094 oum
1121 4037 1191 4094 duos
1209 4042 1339 4108 patronos
1357 4037 1480 4108 haberet,
1500 4035 1662 4122 [essese

219 4125 334 4180 alterum
352 4125 500 4194 praeteriit,
519 4125 635 4180 alterum
654 4140 689 4180 er
707 4127 822 4182 semisse
839 4125 906 4182 lesit
923 4127 1050 4183 heredem
1069 4132 1098 4182 et
1113 4127 1192 4182 alteri
1204 4131 1335 4182 etheo
1347 4127 1491 4182 semissem
1505 4114 1665 4199 dereliquit}

219 4213 337 4283 scriptus
355 4213 466 4282 quidem
483 4217 616 4284 patronus
635 4213 755 4270 debitam
774 4215 827 4270 sibi
844 4220 951 4286 partem
969 4217 1117 4271 immunem
1136 4214 1233 4270 habet:
1252 4215 1287 4270 de
1306 4221 1398 4278 uetera
1415 4222 1510 4272 autem
1521 4223 1603 4288 perte
1612 4233 1661 4288 ps·

218 4301 303 4372 troni,
322 4316 394 4370 quae
412 4315 496 4372 supra
513 4302 637 4359 debitum
649 4304 681 4358 ‘ei
699 4303 795 4360 relleta
812 4310 864 4375 est,
882 4309 911 4360 et
928 4305 964 4361 de
981 4305 1096 4360 semisse
1114 4310 1245 4361 extraneo
1262 4305 1358 4362 relieto
1376 4306 1456 4362 alteri
1473 4311 1594 4376 patrono
1611 4321 1661 4378 pro
1688 4291 1724 4342 ‘⁵

218 4395 279 4445 rata
296 4391 422 4459 portione
439 4390 566 4448 satisfieri
584 4395 701 4462 oportet.
1008 4415 1011 4420 ·
1808 4385 1839 4436 ἱ

218 4487 422 4556 mosoma)
1800 4475 1830 4518 ²*

220 4604 228 4636 ¹
248 4601 373 4671 adegeril
384 4603 549 4670 (Galatiae)?
620 4603 632 4638 ²
650 4603 716 4657 idem
728 4603 824 4658 Graeci
834 4603 970 4674 (rosizern
982 4605 1036 4660 tole
1045 4605 1233 4677 lessropiorc):
1246 4605 1411 4676 imputatum
1424 4605 1458 4662 iri
1470 4621 1489 4661 a
1501 4605 1658 4679 legatariis?

218 4673 347 4727 ⁸lterum
366 4681 413 4727 sne.
432 4675 467 4740 (a.
480 4676 508 4741 i.)
579 4674 665 4728 ‘tam
683 4673 736 4744 ipsi
754 4689 836 4745 quem
856 4676 902 4731 ei?
977 4723 981 4728 .

219 4797 409 4864 tetroquel’¹
446 4799 481 4851 12
494 4795 773 4866 neque‘h'referreF⁵
810 4801 844 4854 16
854 4799 911 4854 aui·
964 4799 1102 4855 *demdnm
1117 4801 1153 4853 F‘
1169 4803 1174 4868 1
1190 4800 1282 4870 posse]
1301 4801 1404 4854 Ficum
1417 4801 1459 4854 B:
1477 4801 1587 4864 tieem
1607 4799 1656 4856 'errr-

219 4865 342 4922 t‘e'ornm
361 4867 397 4920 F‘
451 4869 486 4922 18
503 4868 547 4922 ius
565 4887 614 4921 om.
628 4871 662 4922 F¹
718 4871 752 4924 19
770 4871 911 4940 qn*a⁴eF²
964 4872 1053 4934 eeinsr.
1072 4873 1221 4941 posteaF¹
1266 4873 1300 4926 28
1315 4870 1425 4926 tituliF
1464 4873 1656 4930 32emeritF¹

219 4939 253 4994 21
268 4939 297 4994 lu
311 4937 399 5007 henin]
414 4939 437 4993 is
450 4937 522 4994 b.F¹
540 4940 544 5006 Ι
560 4938 774 4996 oouseiberlntF
806 4941 910 4996 24ma·
965 4943 998 4996 37
1022 4943 1070 5010 qui
1092 4958 1155 4998 eum
1180 4941 1347 5010 manumisit]
1372 4941 1537 5014 desirepoc
1554 4945 1657 5010 ὲιεγθε·
1753 4983 1754 4996 ι
1857 5006 1864 5015 ,

218 5010 378 5067 numisseris
395 5008 713 5080 F²ladhona0m1t¹
764 5014 798 5067 27
817 5011 910 5070 defen·
966 5015 1054 5082 psurric
1072 5015 1099 5070 B
1116 5014 1227 5081 (Aaou.)
1278 5015 1315 5070 43
1333 5011 1486 5084 dereliquid
1505 5017 1542 5069 F¹
