3614 5460
305 263 499 332 XXXXVIII
522 265 562 328 19
583 269 700 325 28-30
985 255 1071 337 852
1696 275 1737 322 on

271 429 286 474 6
304 421 445 476 metallum
464 418 524 476 dari
542 433 632 489 posse.
662 419 752 474 Diuus
770 417 926 474 Hadrianus
944 417 972 472 in
989 417 1058 478 baec
1076 415 1163 472 uerba
1179 416 1328 487 rescripsit.
1356 415 1395 470 'ln
1413 429 1485 484 opus
1505 413 1609 468 metalli
1627 411 1661 468 ad
1677 417 1737 468 tem

305 509 365 580 ‘pus
383 524 463 564 nemo
482 509 606 564 damnari
623 507 713 562 debet.
739 507 789 562 sed
807 507 855 576 qui
873 506 909 561 ed
920 511 1030 577 tempus
1042 506 1189 562 damnatus
1201 511 1252 574 est,
1271 502 1475 560 etiamsisaciet
1487 503 1655 558 metallicum
1667 517 1738 573 opus,

305 598 367 652 ‘noo
385 598 414 652 in
431 597 570 652 metallum
589 595 736 652 damnatus
752 611 814 652 esse
827 595 949 665 intellegi
961 593 1058 650 debet:
1077 594 1158 650 buius
1170 593 1242 648 enim
1254 591 1368 648 libertas
1380 597 1482 661 manet,
1501 591 1635 662 quamdiu
1647 590 1738 646 etiarm1

246 711 251 722 ·
305 685 352 755 ln,
377 685 426 754 qui
450 685 479 740 in
499 689 663 755 perpetuum
681 700 752 754 opus
770 682 951 740 damnantur'.
983 682 1098 754 proinde
1116 687 1145 738 et
1163 681 1361 738 muliereshoc
1378 681 1461 739 modo
1480 681 1630 736 damnatae
1647 678 1738 734 liberos

272 773 423 844 tpariunt.
458 772 505 828 Ad
529 779 635 828 statuas
659 772 808 844 confugere
832 773 877 828 uel
900 773 1035 842 imagines
1058 772 1212 841 principum
1236 771 1265 826 iu
1283 771 1409 826 iniuriam
1429 770 1563 848 alterius²
1580 767 1761 839 prohibiturns

305 867 355 917 est.
384 877 446 916 cum
465 863 537 916 enlm
556 863 632 932 leges
650 861 778 918 omnibus
796 861 951 918 bominibus
970 860 1121 930 aequaliter
1138 859 1314 916 securitatem
1332 858 1464 928 tribuant,
1484 859 1583 914 moritu
1601 859 1690 912 uisum
1702 859 1739 910 est

304 950 332 1004 iu
356 950 481 1005 iniuriam
500 951 592 1020 potius
611 951 723 1006 alterius
741 965 822 1020 quam
842 950 885 1005 sui
903 947 1069 1005 defensionis
1087 949 1178 1018 gratia
1195 947 1231 1003 ad
1250 953 1356 1004 statuas
1375 947 1420 1002 uel
1437 948 1575 1016 imagines
1593 945 1737 1016 principum

305 1037 466 1108 confugere:
491 1039 544 1094 uisi
566 1040 590 1094 si
612 1040 675 1109 quis
698 1053 733 1094 ex
755 1039 872 1094 uinculis
895 1039 939 1094 uel
957 1037 1085 1094 custodia
1102 1038 1112 1108 ll
1132 1037 1262 1092 detentus
1280 1053 1298 1092 a
1315 1035 1517 1106 potentioribus
1535 1035 1572 1090 sd
1592 1032 1796 1090 huiusmoditltl

303 1127 471 1198 praesidium
496 1125 662 1197 confugerit:
685 1125 728 1182 hls
752 1127 823 1182 enirn
847 1127 929 1182 uenia
951 1125 1098 1182 tribuenda
1121 1131 1173 1182 est
1204 1141 1239 1181 ne
1257 1130 1349 1180 autem
1368 1124 1404 1180 ad
1422 1128 1530 1180 statuas
1548 1123 1594 1178 uel
1612 1121 1736 1192 imagines

304 1216 367 1285 quis
385 1214 535 1286 confugiat,
554 1219 667 1271 senatus
685 1215 805 1270 censuit:
824 1229 951 1284 eumque,
968 1215 1016 1284 qni
1033 1215 1181 1285 imaginem
1200 1213 1327 1270 Caesaris
1345 1214 1374 1270 in
1391 1213 1524 1269 inuidiam
1544 1212 1657 1266 alterius
1668 1225 1735 1280 prae·
1748 1219 1767 1259 1⁰

272 1312 287 1360 8
304 1305 421 1374 tulisset,
440 1305 468 1358 in
486 1305 596 1359 uincula
614 1303 725 1374 publica
743 1304 862 1359 coerceri
880 1303 962 1358 diuus
980 1303 1045 1360 Pius
1063 1304 1211 1374 resumpsit.
1240 1302 1337 1358 Omnia
1355 1301 1477 1356 admissa
1494 1301 1523 1356 in
1537 1306 1684 1371 patronum
1695 1313 1734 1368 pe

303 1393 429 1449 troniue⁸
446 1391 532 1448 filium
551 1399 656 1461 patrem
673 1393 856 1463 propinquum
874 1392 1003 1448 maritum
1022 1407 1135 1448 uxorem
1154 1396 1315 1462 ceterasque
1330 1390 1550 1446 necessitudines
1562 1389 1674 1458 granim
1686 1387 1733 1441 nin·

271 1490 285 1535 e
305 1482 423 1538 dicanda
435 1485 500 1536 suut
512 1497 594 1551 quam
607 1481 635 1536 iu
648 1487 803 1536 extraneos.
831 1479 977 1536 Uenenarii
990 1483 1080 1550 capite
1092 1480 1224 1551 puniendi
1236 1485 1301 1535 suot
1313 1483 1370 1549 sut,
1389 1480 1412 1533 si
1427 1477 1516 1548 digni·
1535 1461 1732 1552 [Qu-t}

304 1659 332 1713 id
350 1657 470 1728 iaciunt,
493 1658 611 1728 proximi
629 1657 781 1714 latronibus
799 1657 943 1713 habentur.
971 1659 1041 1714 etsi
1059 1673 1121 1714 cum
1140 1657 1213 1712 serro
1237 1657 1352 1728 adgredi
1374 1661 1403 1712 et
1420 1657 1541 1726 spoliare
1560 1656 1729 1722 instituerunt,
1741 1660 1759 1701 1⁶

304 1748 395 1818 capite
413 1747 571 1816 puniuntur,
589 1748 684 1817 utique
703 1748 726 1802 si
745 1747 856 1816 saepius
875 1751 958 1816 etque
970 1746 1004 1800 in
1022 1744 1166 1802 itineribus
1183 1746 1236 1802 hoc
1253 1747 1437 1802 admiserunt:
1456 1745 1543 1800 ceteri
1561 1745 1589 1798 in
1605 1742 1727 1798 meudun

257 1845 285 1889 11
305 1835 406 1890 dantur
417 1836 462 1890 uel
473 1835 501 1890 in
513 1835 617 1890 insulas
630 1835 795 1905 relegantur.
821 1835 882 1904 igni
895 1841 1052 1890 cremantur
1069 1835 1229 1906 plerumque
1242 1835 1323 1904 serui,
1342 1835 1388 1904 qui
1401 1835 1485 1890 saluti
1497 1833 1667 1888 dominorum
1678 1842 1726 1884 suo

257 1931 286 1976 12
304 1939 364 1980 rum
376 1923 573 1994 insidiauerint,
593 1939 798 1991 nonnumquam
811 1923 893 1979 etiam
912 1923 989 1979 liberi
1002 1923 1102 1993 plebeii
1120 1929 1149 1978 et
1166 1923 1282 1980 humiles
1300 1937 1444 1994 personae.
1472 1919 1636 1978 Incendiarii
1652 1917 1725 1988 capite

303 2012 467 2082 puniuntur,
490 2013 538 2082 qui
558 2011 594 2068 ub
611 2012 769 2068 inimicitias
787 2013 832 2067 uel
845 2013 968 2081 praedae
986 2028 1071 2068 causa
1089 2011 1260 2068 incenderint
1276 2013 1348 2068 intra
1365 2011 1512 2082 oppidum:
1538 2015 1568 2066 et
1584 2010 1723 2080 plerumque

304 2101 361 2158 uiui
379 2107 538 2158 exuruntur.
565 2101 612 2171 qui
630 2116 696 2157 uero
715 2115 807 2156 casam
826 2105 875 2156 aut
893 2102 997 2170 uillam,
1015 2101 1107 2170 aliquo
1125 2101 1221 2157 lenius.
1253 2117 1316 2156 uam
1335 2099 1449 2156 fortuita
1466 2099 1607 2168 incendia,
1624 2097 1659 2166 si,
1675 2109 1721 2151 cun
1733 2103 1752 2144 st

303 2191 385 2246 uitari
403 2195 525 2260 possent,
543 2205 592 2260 per
610 2189 812 2260 neglegentiam
831 2204 934 2261 eorum,
955 2189 1030 2260 apud
1048 2205 1117 2259 quos
1134 2195 1196 2246 orta
1214 2193 1286 2260 suut,
1305 2189 1405 2245 damno
1424 2189 1523 2244 uicinis
1541 2187 1659 2254 fuerunt,
1672 2182 1720 2238 ciui·

303 2279 366 2334 liter
388 2284 550 2335 exercentur
573 2281 616 2344 (ut
639 2279 687 2349 qui
710 2279 817 2334 iactura
840 2277 966 2334 adiectus
984 2281 1042 2347 est,
1066 2277 1159 2334 damni
1177 2277 1323 2348 disceptet)
1342 2280 1387 2334 uel
1406 2278 1514 2334 modice
1531 2269 1717 2333 uindicarant

256 2375 286 2420 13
305 2368 336 2422 ln
359 2367 486 2423 exulibus
504 2367 606 2438 medus
625 2381 774 2436 poenarum
793 2367 937 2422 constituti
954 2366 1121 2422 edicto-dini
1138 2365 1283 2436 Hadriani,
1307 2368 1404 2437 utqui
1423 2367 1458 2422 ad
1476 2371 1587 2436 tempos
1605 2365 1716 2432 relegatur

305 2461 361 2526 est,
380 2457 403 2510 si
421 2456 533 2511 redeat*
551 2455 579 2510 in
597 2456 714 2510 insulam
732 2455 882 2526 relegetur,
907 2456 954 2527 qui
972 2456 1112 2526 relegatus
1130 2456 1158 2510 iu
1177 2455 1313 2510 insulam⁸
1330 2456 1493 2525 excesserit,
1514 2456 1543 2510 in
1561 2453 1668 2510 insulam
1682 2447 1714 2501 d·

141 2573 145 2578 -
256 2551 287 2598 11
304 2548 442 2638 pprtetur,
461 2544 508 2614 qni
527 2543 688 2613 deportatus
707 2546 834 2613 euaaerlt‚
856 2545 947 2615 capite
965 2545 1102 2614 puniatur.
1139 2543 1182 2599 lta
1199 2544 1274 2599 etin
1292 2544 1425 2600 custodiis
1443 2543 1560 2614 gradum
1579 2537 1712 2598 seruandum
1724 2539 1745 2582 ¹⁵

305 2647 367 2688 esse
385 2633 457 2688 idem
475 2633 603 2702 princeps
616 2633 763 2703 rescripsit,
781 2633 809 2687 id
822 2637 865 2688 est
877 2638 916 2702 ut,
935 2633 1022 2702 quiin
1035 2639 1144 2702 tempus
1156 2633 1280 2688 damnati
1291 2634 1396 2702 oranti,
1415 2635 1443 2688 in
1455 2639 1616 2703 perpetuom
1628 2629 1711 2682 danna·

305 2725 406 2790 rentur,
426 2721 473 2790 qui
491 2721 519 2774 in
537 2724 701 2790 perpetuum
714 2721 837 2777 damnati
849 2726 935 2791 erant,
954 2721 982 2776 in
994 2721 1133 2776 metallum
1147 2721 1350 2792 damnarentur,
1369 2722 1416 2792 qui
1428 2722 1456 2776 in
1469 2722 1607 2777 metallum
1617 2709 1710 2772 damnati

258 2816 287 2863 15
305 2809 334 2865 id
355 2808 528 2878 admiserint,
552 2825 659 2864 summo
677 2811 811 2880 supplicio
830 2808 1022 2865 adficerentur.
1057 2810 1191 2865 Famusos
1209 2811 1330 2865 latrones
1348 2811 1376 2864 in
1394 2810 1437 2864 bis
1455 2811 1532 2881 locis,
1551 2793 1709 2892 [1³50chss

305 2896 353 2953 ubi
370 2897 488 2966 maseati
506 2902 584 2967 sunt,
603 2896 681 2953 lurco
698 2897 824 2968 figendus
842 2897 1027 2968 compluribus
1046 2899 1158 2969 placuit,
1177 2903 1207 2954 ut
1225 2903 1255 2953 et
1271 2902 1421 2968 conspectu
1439 2885 1623 2954 deterreantur
1635 2888 1707 2950 aliitb

304 2985 392 3041 isdem
411 2985 577 3042 facinoribus
596 2991 624 3041 et
642 2987 743 3043 solacio
761 2988 798 3042 sit
816 2987 941 3056 cognatis
960 2991 988 3042 et
1006 2985 1142 3042 adfinibus
1160 2987 1384 3056 interemptorum
1399 2987 1497 3044 eodem
1511 2989 1570 3044 loco
1581 2975 1706 3057 poenaod·
1719 2980 1738 3020 ³⁰

306 3074 376 3144 dite,
402 3074 431 3129 in
458 3089 512 3144 quo
537 3075 657 3130 latrones
680 3074 827 3131 homicidia
848 3073 992 3131 fecissent:
1018 3077 1139 3132 nonnulli
1163 3077 1247 3131 edam
1270 3075 1306 3132 ad
1329 3075 1436 3132 bestias
1459 3076 1510 3132 bos
1534 3069 1705 3131 damnauerunt

248 3169 286 3246 ⁸lo
305 3163 422 3218 Maiores
439 3163 526 3218 nostri
543 3163 572 3218 in
589 3163 664 3218 omni
678 3164 811 3235 supplicio
824 3164 947 3220 seuerius
960 3179 1055 3222 seruos
1066 3180 1149 3236 qnam
1162 3164 1270 3235 liberos,
1288 3163 1410 3222 famosos
1422 3181 1506 3236 quarn
1517 3166 1632 3234 integrao
1642 3158 1705 3215 fana

305 3250 430 3308 homines
447 3251 602 3320 punierunt.

248 3334 287 3394 29
360 3339 454 3394 Gerus
471 3338 541 3395 libro
560 3341 647 3410 primo
666 3340 701 3394 ed
719 3342 809 3410 legem
827 3341 924 3396 lullam
943 3344 972 3396 et
989 3342 1113 3412 Papiam.
1141 3343 1194 3410 Qui
1211 3343 1307 3398 ultimo
1326 3343 1461 3413 supplicio
1474 3341 1550 3398 dam·
1567 3322 1735 3425 [sofflff

306 3431 418 3498 uantur,
442 3427 535 3482 statim
559 3433 587 3482 et
610 3429 750 3484 ciuitatem
774 3433 803 3484 et
820 3429 973 3485 libertatem
991 3430 1118 3500 perdunt.
1151 3432 1244 3502 itaque
1262 3437 1448 3501 praeoccupat
1465 3431 1511 3486 bic
1528 3447 1605 3486 casus
1621 3419 1736 3482 moutu³⁶

306 3518 335 3571 et
352 3530 556 3586 nonnumquam
575 3518 686 3587 longum
705 3523 815 3587 tempus
832 3525 964 3588 occupat:
988 3519 1062 3589 quod
1080 3519 1181 3575 accidit
1198 3521 1225 3575 in
1244 3521 1370 3590 personis
1388 3535 1496 3588 eorum,
1520 3521 1566 3590 qui
1583 3517 1616 3573 ad
1630 3510 1702 3570 hoio

306 3603 479 3660 damnentur.
508 3619 592 3676 saepe
610 3605 692 3662 etiam
710 3606 774 3662 ideo
792 3607 896 3662 seruari
914 3608 1003 3662 solent
1020 3613 1084 3678 post
1101 3607 1314 3678 damnationem,
1332 3613 1365 3664 ut
1382 3623 1418 3664 ex
1434 3608 1478 3664 his
1496 3609 1524 3664 iu
1539 3595 1702 3676 aliosquactfil

304 3691 448 3748 habeatur.

249 3779 289 3837 30
359 3782 553 3840 Monusumus
576 3782 645 3839 libro
668 3783 756 3854 primo
780 3783 815 3838 de
838 3784 944 3854 poeuis.
981 3783 1011 3840 Si
1034 3785 1095 3854 quia
1116 3785 1218 3855 aliquid
1236 3783 1346 3856 iecerit,
1370 3801 1426 3856 quo
1445 3761 1732 3868 [lsss‘mt'o'fflffl

304 3869 382 3926 leues
399 3869 538 3926 hominum
557 3872 640 3927 animi
658 3872 851 3942 superstitione
869 3873 988 3930 numinis
1006 3876 1166 3944 terrenturi,
1185 3874 1267 3930 diuus
1279 3874 1387 3930 Marcus
1404 3859 1701 3930 huiusmn‘di'homioesil
1714 3861 1733 3902 ⁴⁰

305 3957 422 4014 insulam
441 3960 557 4030 relegari
574 3961 722 4032 rescripsit.

305 4063 499 4135 FOIYMOO)

921 4153 1701 4190 mmm-„was

307 4223 466 4291 ¹quamdiu
485 4225 579 4295 etiam]
598 4241 679 4296 quam
698 4227 817 4297 perdunt
831 4229 970 4294 (ριιιιιιε
984 4227 1085 4293 arnul?
1156 4227 1214 4282 ²in
1232 4227 1358 4284 iniuriam
1377 4229 1491 4284 alterius
1509 4233 1555 4286 det
1619 4213 1700 4274 'dlii‘

306 4311 359 4346 esse
376 4299 521 4362 patronum
539 4303 683 4366 patronam
702 4299 809 4367 patroni
827 4302 995 4368 patronaeue
1065 4299 1288 4354 ‘uindicaotur‘l
1358 4301 1582 4372 ‘inperpetuum
1594 4291 1700 4359 eluctus

306 4364 353 4431 qui
376 4365 404 4419 iu
427 4371 591 4435 perpetuum
614 4371 753 4438 relegatus
775 4373 817 4424 est
840 4369 863 4424 si
888 4370 984 4426 redeat
1008 4378 1054 4424 ins.
1074 4371 1162 4445 (φρ.
1174 4370 1235 4434 851,
1247 4371 1283 4424 32
1300 4377 1324 4425 et
1341 4371 1467 4438 t.4ls.t.)
1554 4365 1657 4426 ‘insula
1669 4364 1700 4408 Ν·

305 4435 316 4468 ²
335 4439 364 4489 ct
381 4444 529 4493 euaserant
546 4449 593 4494 las.
665 4444 677 4478 ὅ
694 4445 861 4496 terrerentur
877 4441 999 4510 (Turseli

306 4593 324 4646 2
353 4591 456 4678 debent
482 4596 530 4680 F]
555 4597 602 4665 qui
628 4617 676 4652 om.
699 4599 736 4650 1³¹
761 4601 765 4666 Ι
790 4599 835 4669 ad]
864 4601 897 4664 F,
930 4600 959 4654 iu
975 4602 1004 4670 s
1049 4599 1459 4672 traazbueaoceaes'oepoca'coes
1472 4603 1499 4656 B
1537 4577 1702 4670 teristro?

305 4663 472 4732 squamus
491 4669 573 4722 stram
592 4669 812 4736 (quamunitas
832 4671 880 4737 ro
902 4670 930 4725 ιι
949 4671 997 4740 qur
1052 4671 1085 4725 13
1104 4671 1253 4742 uenenum]
1277 4673 1302 4727 οι
1323 4681 1361 4735 oa
1378 4675 1454 4727 saror
1469 4674 1576 4728 rasam
1631 4663 1656 4722 16
1669 4659 1703 4712 n-

306 4737 372 4794 (non
386 4744 432 4790 tas.
445 4737 531 4801 1700)
549 4738 578 4793 in
595 4745 757 4808 perpetuum
771 4757 841 4810 opus
854 4740 996 4812 (0'mn'pua
1050 4742 1138 4810 qu'a'e
1157 4743 1194 4796 Γ*
1249 4745 1282 4798 18
1300 4691 1512 4799 insidiarerint
1530 4745 1566 4796 Ρ
1611 4739 1639 4797 19
1651 4739 1705 4804 lm

305 4803 354 4870 Ρ)
379 4805 554 4878 damnantur]
578 4809 751 4866 FXYMOO:
776 4821 850 4884 quast
873 4815 998 4884 leperelru
1050 4811 1101 4868 des
1114 4815 1150 4866 F«
1193 4815 1431 4870 aornmruuitari
1443 4817 1479 4868 F’
1520 4793 1705 4870 acimum?

305 4877 536 4962 quemadmodum
545 4882 997 4954 proquamdiunerrcamspmm:
1051 4885 1086 4938 24
1104 4884 1430 4941 insulum're'excesserit
1449 4886 1485 4938 F‘
1549 4887 1583 4942 29
1604 4885 1709 4940 datm·

305 4948 394 5034 cucula
414 4949 452 5003 ael
473 4949 636 5008 dbraaeadrc
654 4953 692 5007 sic
710 4953 996 5024 ἓρΓοιι(οῩιιετᾶλλογ,
1050 4956 1133 5009 turi*
1173 4957 1209 5012 30
1227 4957 1373 5011 solaciiF'
1415 4957 1605 5013 3buestiasF
1634 4951 1710 5009 39¹stl

305 5019 996 5095 aaaasantcroaexplicantsotolrarscoosora)aare·
1050 5025 1185 5096 casuum]
1203 5029 1233 5092 F,
1251 5027 1324 5083 idem
1333 5031 1360 5101 s
1369 5029 1375 5096 Ι
1390 5027 1523 5100 ali‘i'quid
1541 5029 1577 5082 F*
