3584 5454
65 273 191 323 enarre
488 257 494 264 '
741 245 832 328 745
914 304 920 316 ,
1142 251 1323 321 XXXXVII
1345 255 1367 321 2
1387 260 1503 317 32-39
1535 341 1542 358 ἱ

65 419 228 484 praesentas
246 427 301 469 non
319 410 461 481 haberem,
485 411 590 468 uictum
609 427 666 468 rem
685 411 838 467 embaisse:
862 425 934 466 nune
953 425 1033 482 uero,
1056 426 1119 467 eunr
1138 410 1203 467 furti
1221 399 1316 482 agam,
1336 426 1430 468 eorum
1449 425 1504 468 me·

67 503 156 558 moria
172 507 202 557 et
219 501 375 572 praesentia
393 499 428 555 ad
446 497 529 556 fidem
548 500 668 556 ereditas
687 500 820 571 pecuniae
838 499 879 555 uti
896 515 1018 570 pessum.

9 591 46 650 33
122 590 273 648 Uerrauus
290 589 359 646 libre
377 588 607 662 quadragensimo
626 590 713 660 prime
730 589 766 644 ad
779 587 920 644 Sabinum.
947 589 1035 645 Tutor
1047 589 1310 645 administrationem
1329 585 1503 674 [ffeffi'tTe'd
1521 593 1543 648 S

67 680 177 750 quidem
197 695 287 735 rernm
304 679 478 749 pupilianam
497 678 588 749 babet,
606 677 796 749 intercipiendi
814 683 906 732 sotem
925 683 1048 747 potestas
1067 678 1093 734 ei
1106 694 1161 734 non
1173 678 1268 734 datur:
1287 683 1315 734 et
1326 679 1389 736 ideo
1401 680 1426 735 si
1438 679 1504 750 quid
1522 689 1537 729 ι

66 768 177 825 furandi
195 769 286 824 animo
304 767 459 840 amoiuerit,
479 766 580 822 furtum
599 766 666 822 faeit
683 781 735 822 nee
753 766 867 836 uaueapi
885 781 929 822 rea
947 773 1046 836 potest.
1074 767 1123 822 sed
1142 773 1171 823 et
1188 766 1254 822 furti
1268 767 1375 823 aetiens
1386 771 1504 839 tenetur,
1521 772 1538 820 t.
1550 773 1595 821 eet

67 857 196 929 quamuis
213 862 243 912 et
259 858 365 912 tutelae
382 857 428 926 agi
446 871 508 912 eum
526 870 560 911 eo
577 855 675 926 possit.
702 855 775 926 quod
794 855 822 911 in
840 859 931 910 tutore
949 855 1081 926 seriptum
1099 861 1156 926 est,
1174 855 1247 912 idem
1266 857 1318 912 erit
1335 861 1364 912 et
1381 857 1409 912 in
1427 871 1504 912 eura·

68 951 129 1002 tore
147 945 331 1002 adnleseentia
348 946 502 1015 ceterisque
520 943 700 1000 euratoribns.

9 1037 48 1096 34
123 1037 242 1091 Pronus
259 1034 328 1090 libro
345 1049 419 1090 nono
437 1034 472 1088 ad
491 1032 632 1090 Sabinum.
669 1034 709 1102 Is,
733 1031 780 1101 qul
798 1045 879 1101 opem
897 1029 1000 1087 furtum
1018 1030 1130 1088 laetenti
1148 1031 1216 1104 fert,
1234 1049 1311 1089 num·
1330 1030 1463 1116 [usura
1475 1037 1545 1094 aas

68 1139 151 1194 qnam
170 1123 406 1180 manifestasset:
430 1124 523 1192 itaque
542 1121 656 1192 aedidit,
674 1126 706 1176 ut
723 1121 747 1176 is
765 1119 890 1190 quidem,
909 1121 955 1190 qui
973 1135 1053 1190 opem
1070 1122 1146 1191 tulit,
1165 1121 1229 1178 furti
1247 1137 1299 1179 neo
1317 1110 1503 1180 medie

69 1217 172 1281 autern,
190 1213 237 1282 qui
256 1212 442 1283 deprehensus
461 1216 512 1280 eat,
531 1211 567 1266 ob
585 1211 700 1267 eandem
720 1225 777 1265 rem
797 1206 933 1264 manifesti
952 1214 1085 1265 teneatur.
1525 1221 1554 1262 ro

9 1303 49 1362 35
122 1301 294 1358 Porroarns
311 1299 381 1356 libre
399 1315 472 1356 nono
490 1297 597 1354 deeimo
615 1299 651 1354 ad
670 1297 810 1354 Sabinum.
838 1296 867 1353 Si
885 1298 947 1368 quis
964 1297 1157 1368 perferendum
1176 1300 1314 1371 aeeeperit
1332 1299 1546 1385 [fflffl-ls

69 1395 99 1445 et
116 1391 209 1446 seisrit
226 1389 358 1445 furtiuum
376 1403 447 1457 esso,
466 1393 583 1457 eoestat,
602 1388 626 1442 si
643 1386 871 1458 deprehendatur,
891 1387 980 1455 ipsum
993 1387 1138 1444 dumtaxat
1149 1387 1235 1445 iurem
1248 1387 1423 1445 manifestum
1436 1405 1506 1460 esse,

35 1487 48 1530 1
69 1479 94 1534 si
113 1479 252 1548 neseierit,
278 1483 418 1546 neutrum,
438 1475 523 1545 buno,
542 1477 607 1545 qnia
625 1474 668 1531 fur
686 1491 740 1531 non
759 1477 809 1544 sit,
828 1473 929 1545 furem,
948 1476 1013 1544 quia
1031 1476 1218 1548 deprehensus
1234 1493 1290 1534 non
1308 1479 1352 1534 sit
1389 1477 1419 1534 Si
1435 1493 1507 1534 unus

70 1581 168 1622 seruus
187 1572 251 1622 tuus
268 1565 407 1622 hausisset
424 1571 453 1620 et
470 1565 639 1634 abstulisset,
658 1565 726 1620 alter
745 1564 894 1620 hauriendo
912 1555 1099 1636 deprehensus
1117 1571 1200 1638 esset,
1218 1567 1316 1637 prioris
1334 1567 1443 1624 nomine
1455 1581 1508 1623 neo

70 1654 218 1725 manifesti,
237 1655 350 1710 alterins
369 1652 507 1710 manifesti
523 1652 669 1708 teneberis.
1527 1663 1556 1706 rs

9 1741 51 1802 36
125 1744 276 1800 Unamsue
293 1743 362 1799 libro
380 1743 610 1814 quadragensimo
628 1741 715 1812 primo
733 1741 770 1797 ad
788 1739 929 1798 Sabinum.
956 1741 1009 1808 Qui
1027 1757 1108 1798 senno
1120 1743 1265 1814 persuasit,
1284 1749 1315 1800 ut
1333 1741 1373 1828 [a.
1381 1757 1420 1813 ee,
1430 1759 1466 1810 ιι,
1478 1758 1508 1804 ae
1525 1747 1547 1802 S

70 1833 193 1905 fugeret,
211 1833 255 1889 far
272 1847 328 1888 non
346 1836 401 1886 est:
420 1845 471 1886 nse
489 1831 561 1886 enim
580 1831 627 1900 qui
645 1831 726 1886 alieni
744 1832 846 1886 undum
865 1829 1007 1886 eonsilium
1025 1830 1113 1901 dedit,
1132 1829 1235 1888 fartum
1253 1831 1328 1904 faeit,
1346 1819 1508 1904 ἶοῖιῖιξίἱ

70 1939 155 1993 quam
178 1923 201 1978 si
225 1923 251 1978 ei
270 1921 422 1992 persuasit,
445 1922 477 1975 ut
495 1935 525 1974 se
542 1920 706 1990 praeeipitet
724 1924 772 1974 aut
791 1935 888 1974 manua
906 1917 958 1974 sibi
976 1917 1104 1975 inferret:
1127 1919 1196 1976 bueo
1213 1922 1285 1977 eninr
1304 1920 1370 1978 furti
1387 1937 1441 1979 non
1459 1923 1507 1978 ad-

70 2012 184 2068 mittunt
201 2011 346 2066 sotionem.
374 2007 423 2064 aed
442 2008 466 2063 si
485 2007 554 2063 alius
573 2007 598 2062 ei
618 2006 710 2078 fugam
729 2008 904 2078 persuaserit,
923 2013 954 2063 ut
972 2005 1008 2064 ab
1026 2009 1080 2064 alio
1098 2007 1272 2080 subripiatur,
1290 2009 1356 2067 furti
1369 2010 1508 2068 tenebitur

69 2101 161 2170 isqui
178 2100 328 2170 persuasit,
346 2098 426 2167 qussi
443 2111 496 2166 epe
514 2095 628 2153 oonsilio
646 2098 706 2152 eius
723 2095 825 2152 furtum
844 2095 947 2152 laetum
966 2097 1010 2152 sit.
1042 2098 1104 2168 plus
1122 2098 1290 2167 Pomponius
1307 2101 1418 2170 seripsit
1435 2115 1507 2171 eum,
1527 2107 1556 2149 ιο

70 2190 118 2261 qni
136 2190 286 2259 persuasit,
310 2188 437 2258 quamuis
454 2187 561 2241 interim
579 2183 645 2242 furti
663 2201 717 2242 non
735 2189 887 2255 teneretur,
911 2191 978 2241 tuno
995 2191 1089 2241 tamen
1106 2186 1226 2257 ineipere
1243 2189 1344 2259 teneri,
1365 2203 1428 2244 oum
1446 2189 1508 2258 quis

38 2289 49 2333 1
71 2277 184 2350 fugitiui
207 2276 250 2332 fur
272 2291 335 2333 esse
359 2275 493 2346 eoeperit,
518 2275 598 2344 quasi
621 2274 748 2330 uideatur
766 2288 819 2344 epe
837 2273 950 2330 eonsilio
968 2275 1029 2330 eius
1046 2273 1149 2330 funum
1167 2274 1280 2331 laetum.
1317 2276 1386 2332 item
1404 2276 1509 2347 piaeuit

71 2381 151 2437 eum,
169 2363 290 2436 quirillo
308 2366 354 2421 uel
372 2380 452 2420 semo
471 2365 516 2419 nel
535 2364 613 2419 uxori
631 2377 711 2433 opem
731 2362 784 2418 fert
801 2361 902 2419 furtum
921 2360 1094 2434 faeientibus,
1112 2361 1177 2419 furti
1196 2365 1291 2436 teneri,
1309 2365 1437 2435 quamuis
1454 2365 1508 2436 ipsi

37 2465 52 2510 ι
71 2453 138 2512 furti
160 2455 269 2510 actione
291 2469 348 2509 non
371 2453 579 2510 conuenienter.
616 2451 692 2507 idem
711 2452 878 2522 Pomponius
902 2451 953 2522 ait,
977 2451 1001 2507 si
1024 2465 1087 2507 eum
1108 2451 1191 2508 rebus
1209 2451 1348 2524 aufugerit
1364 2452 1507 2524 fugitiuus,

70 2559 155 2616 posse
172 2543 239 2600 furti
257 2543 365 2599 satione
382 2543 586 2598 sollieitatorenn
606 2541 746 2596 eouaeniri
762 2555 852 2596 rerum
871 2539 995 2610 nornine,
1015 2541 1080 2610 quia
1097 2555 1178 2611 opem
1196 2541 1339 2599 eonsilium
1357 2545 1508 2598 eentreota·
1526 2549 1555 2592 aa

38 2634 125 2690 etori
148 2633 218 2689 tulit
251 2632 326 2702 qued
349 2635 378 2686 et
401 2630 521 2686 Sabinus
543 2627 689 2698 signifieat.
725 2627 754 2684 Si
777 2628 834 2685 duo
858 2629 932 2684 serui
956 2629 1073 2685 inuieem
1097 2629 1150 2686 sibi
1167 2637 1363 2701 persuaserant
1380 2635 1410 2687 et
1425 2630 1508 2687 ambe

71 2723 154 2778 simul
178 2719 358 2791 aufugerunt,
381 2720 450 2775 altar
473 2719 585 2774 alterius
606 2715 650 2772 fur
674 2731 729 2772 non
746 2720 798 2774 sat.
830 2717 897 2787 quid
915 2731 994 2788 ergo,
1019 2717 1042 2772 si
1059 2717 1178 2774 inaioem
1196 2735 1227 2776 se
1245 2720 1425 2776 eelaueruntl
1449 2717 1509 2776 fieri

72 2811 145 2866 enirn
169 2812 285 2880 potsse,
310 2813 342 2864 ut
359 2809 476 2864 inuieern
494 2806 568 2862 fures
586 2807 651 2862 sint.
682 2811 711 2862 et
728 2809 821 2876 potest
838 2805 893 2861 diei
911 2806 1027 2862 alterum
1046 2807 1157 2864 alterins
1175 2806 1263 2864 furem
1282 2823 1357 2880 esse,
1378 2807 1508 2880 quemad·

72 2899 194 2967 modum,
213 2899 237 2952 si
255 2898 300 2954 alii
318 2898 441 2967 singulos
459 2895 668 2967 subripuissent,
685 2899 852 2964 fenerentur,
870 2897 949 2964 quasi
967 2897 1036 2952 alter
1052 2895 1164 2952 alterius
1176 2899 1285 2954 nomine
1296 2912 1377 2969 opem
1389 2897 1508 2954 tulisset:

71 2987 305 3060 quemsdmodum
324 2985 415 3042 rerum
433 2999 542 3056 quoque
560 2985 670 3040 nemine
687 2984 776 3038 teneri
794 2998 842 3039 eos
860 2981 925 3039 furti
943 2983 1061 3040 Sabinus
1079 2986 1197 3056 seripsit.
1528 2996 1558 3037 ao

18 3076 54 3134 37
125 3077 298 3132 romonae
315 3075 384 3131 libro
403 3089 475 3130 nono
493 3073 600 3129 deeimo
618 3073 653 3128 ad
671 3071 811 3128 Sabinum.
838 3070 1016 3143 Sipanonern
1028 3089 1119 3129 meam
1132 3078 1315 3146 mansuetum,
1347 3085 1373 3134 Β.
1382 3087 1420 3142 eo,
1428 3087 1466 3142 ra,
1478 3087 1508 3133 ιι
1527 3079 1549 3134 S

72 3181 136 3222 enm
154 3165 190 3222 de
208 3165 290 3220 domo
309 3179 372 3219 mea
388 3163 539 3232 effugisset,
556 3167 719 3232 persecutus
736 3162 783 3230 sis,
802 3161 893 3232 quoad
911 3161 936 3216 is
953 3163 1034 3233 perit,
1052 3177 1135 3232 egere
1154 3167 1245 3219 teeum
1264 3162 1329 3220 furti
1347 3150 1508 3234 step-effi,

73 3256 98 3310 si
115 3254 215 3324 aliquis
231 3268 295 3308 enm
314 3250 415 3308 babere
433 3250 562 3321 eoeperit.

20 3337 56 3396 38
126 3343 247 3399 Pronus
270 3339 339 3397 libro
363 3355 436 3395 nono
460 3339 496 3394 sd
520 3337 661 3394 Sabinum.
698 3337 786 3393 llster
808 3336 857 3394 lilii
880 3337 1003 3409 subrepti
1023 3337 1089 3394 furti
1107 3339 1243 3395 sotionem
1261 3355 1316 3396 non
1334 3335 1550 3424 [fflss‘ebs

43 3439 54 3483 1
73 3429 166 3488 babet.
197 3429 357 3486 Liberorum
376 3443 553 3500 personarum
572 3428 695 3497 nomine,
713 3427 777 3482 lieet
795 3425 860 3482 furti
878 3427 952 3482 aetio
969 3429 1020 3498 sit,
1038 3427 1175 3483 eondletie
1193 3433 1285 3484 tamen
1303 3416 1508 3498 nusquamne—efft
1533 3441 1545 3480 a

21 3514 56 3575 39
127 3517 279 3576 Uarianos
296 3517 366 3575 libro
384 3516 615 3588 quadragensimo
632 3516 720 3586 primo
733 3514 769 3570 ad
781 3514 922 3572 Sabinum.
950 3515 1051 3571 Uerum
1069 3511 1509 3599 [mmmm
1528 3523 1550 3578 s

74 3613 131 3679 est,
155 3607 180 3664 si
203 3607 373 3662 meretricem
396 3606 513 3660 alienam
536 3604 662 3660 aneillam
686 3605 777 3673 rapuit
794 3605 856 3674 quis
874 3605 919 3660 nel
937 3605 1051 3674 celauit,
1074 3603 1178 3660 fnrtnn
1196 3621 1251 3660 nen
1269 3621 1343 3660 ease:
1368 3620 1420 3661 neo
1436 3607 1509 3661 enirn

73 3696 179 3754 laetum
198 3697 346 3767 quaeritur,
365 3695 415 3751 sed
434 3709 519 3750 eausa
536 3691 666 3749 laelandi:
685 3708 770 3748 eausa
787 3696 879 3748 autem
897 3691 1016 3748 faeiendi
1027 3692 1112 3748 libido
1124 3690 1184 3762 fuit,
1202 3691 1380 3750 nonfurtum.
1407 3699 1437 3749 et
1447 3693 1510 3750 ideo

74 3874 193 3945 ingressi
210 3871 362 3928 meretrieis
379 3886 423 3926 rea
441 3877 611 3941 egesserant,
629 3868 696 3926 furti
712 3885 768 3926 non
785 3871 882 3926 teneri.
910 3887 945 3926 an
964 3875 1057 3926 brnen
1074 3871 1118 3927 nel
1132 3869 1219 3926 Fabia
1236 3874 1369 3941 teneatur,
1387 3871 1434 3941 qni
1446 3869 1510 3928 sub
1528 3885 1558 3926 so

75 3970 278 4040 armoe).
297 3969 547 4034 Perma3‚37=l.
560 3968 609 4022 34.·
627 3967 746 4032 3,61=
759 3968 836 4024 t37:
854 3967 1049 4035 3,27=1.3e

75 4117 83 4152 ¹
104 4114 128 4170 si
147 4113 264 4168 inuieem
283 4127 314 4168 se
331 4112 499 4180 eelauerunt,
516 4108 611 4166 fierine
628 4110 741 4180 potest?

76 4244 257 4302 lhabere'm'
271 4245 309 4298 Ρ
358 4242 614 4314 apraesanumad
634 4243 670 4296 1ὅ
685 4244 690 4310 1
705 4257 768 4314 pos·
821 4243 917 4314 gisset]
931 4242 1011 4308 HG,
1028 4242 1174 4313 effugisset
1190 4241 1270 4308 etM,
1288 4240 1443 4312 aufugisset
1455 4241 1510 4298 XO
1612 4286 1614 4290 s

75 4322 141 4373 sunt
160 4316 196 4370 Ρ
251 4317 378 4370 erutor*
397 4314 434 4368 F*
486 4314 768 4385 tintereapiendil'¹
822 4315 891 4369 Patr.
907 4317 912 4381 Ι
927 4315 951 4368 is
968 4314 1040 4384 perit
1056 4333 1104 4368 om.
1118 4321 1193 4385 laap.
1206 4313 1311 4368 uae.M
1322 4315 1327 4383 Ι
1343 4312 1512 4369 fertiteeum

75 4390 98 4474 6·
111 4387 235 4472 tutelae
249 4388 272 4440 F
275 4389 287 4420 ²
333 4385 600 4472 iaduleseentesf²
645 4385 768 4470 eisqui]
823 4385 893 4476 Ριιν.
929 4386 975 4476 ’33
993 4385 1035 4440 sd*
1048 4385 1085 4438 Ρ
1100 4386 1105 4452 Ι
1121 4385 1322 4524 οοᾟίἧιΡιῖν.Πί
1334 4387 1512 4511 &eadem

76 4475 175 4594 til-1⁸
183 4459 253 4583 dii·
261 4454 770 4596 llinis?tffleilleltleti
820 4455 1398 4652 sii‘irll‘iifnib‘iifiqeite„tren
1411 4496 1513 4582 naara·

76 4601 100 4655 is
119 4600 230 4668 quidem
244 4600 299 4667 quil
318 4599 442 4668 quisquis
456 4599 524 4652 Perr.
571 4600 605 4654 10
622 4597 769 4666 manifesti]
835 4598 888 4653 nati
910 4598 1049 4654 aoeienem
1092 4597 1163 4652 alam
1182 4602 1226 4654 est
1242 4599 1287 4663 (π
1305 4601 1321 4652 l.
1336 4599 1371 4652 14
1417 4598 1471 4652 3t.
1484 4599 1514 4664 t.)

76 4672 186 4727 aedona
199 4668 336 4726 manifesti
349 4670 418 4724 Patr.
466 4670 499 4724 14
511 4668 656 4754 hausisset]
674 4671 769 4722 israe·
824 4671 884 4724 add.
902 4667 960 4723 ΜΕ·
989 4677 1048 4739 post
1074 4615 1158 4724 babet
1186 4690 1210 4724 a.
1227 4668 1262 4722 35
1290 4676 1336 4723 ins.
1358 4598 1407 4724 aad
1434 4671 1514 4737 pater

78 4763 124 4797 esa
136 4741 241 4826 disesia
254 4741 341 4796 italos
352 4741 370 4826 'fr
384 4759 406 4794 τι
416 4741 472 4826 rrius
482 4741 769 4865 '⁰¹⁰*Jwfflffff'ss
822 4739 907 4865 lxlffiliritt
916 4740 966 4863 ἧς
989 4743 1081 4864 ιἰιιὶιιὲἑιίι·
1100 4749 1154 4877 gaer¹
1179 4742 1386 4878 &adonem
1406 4740 1512 4864 1011βὲ2]

79 4817 114 4939 dg
131 4813 267 5008 effigiei!
284 4809 770 5022 ffiffigqutkumssfflfffflnffinhz
822 4850 1016 5007 {bufunqbag
1028 4880 1061 4934 M
1103 4881 1139 4936 lo
1152 4825 1395 4951 agr'assernbtll’
1410 4884 1414 4948 Ι
1430 4849 1513 4948 fabiol

85 4969 239 5010 oonueman
260 4969 293 5009 ur
392 4969 428 5009 au
459 4967 517 5020 gen
599 4969 666 5016 ,au
709 4960 756 5006 ⁴err
859 4967 961 5017 ‚aura

81 5025 115 5080 F*
168 5027 203 5082 29
221 5025 350 5082 tulissent
366 5027 392 5080 F
439 5025 475 5080 32
493 5037 556 5080 mea
572 5042 621 5079 om.
634 5021 671 5078 Μ
681 5024 687 5092 Ι
702 5022 769 5078 eifu-
