3616 5468
936 265 1021 346 102
1337 285 1384 333 nu
1406 284 1533 333 enuere
1555 283 1696 332 susurre

625 1036 775 1111 mue
800 1033 1097 1110 menemus
1123 1031 1340 1108 meme.

411 1389 450 1468 R
488 1387 553 1466 DE
579 1385 753 1466 ANNbiS
780 1251 993 1465 LEGATISL
1010 1385 1073 1462 ET
1099 1383 1474 1463 FIDEICOMMISSIS
1513 1385 1551 1464 u

225 1580 242 1636 1
314 1541 350 1638 Ρ
351 1591 501 1636 ouroums
517 1577 586 1636 libro
604 1579 700 1650 quinto
718 1577 754 1634 ed
772 1576 912 1634 Sabinum.
950 1577 1019 1634 Gum
1036 1577 1067 1632 in
1084 1592 1171 1633 ennos
1193 1577 1316 1647 singulos
1334 1576 1401 1647 quid
1432 1587 1554 1647 epita
1569 1587 1697 1644 13.44,4,1
1717 1579 1748 1634 S

259 1669 384 1740 legatum
402 1669 545 1737 sitneque
564 1667 740 1737 adseriptum,
758 1682 813 1737 qno
831 1667 892 1722 loeo
910 1665 1006 1722 detur:
1024 1680 1197 1738 quocumque
1215 1666 1275 1722 loeo
1293 1668 1403 1736 petetur
1421 1665 1479 1720 dari
1491 1664 1582 1735 debet,
1600 1665 1700 1720 sieuti¹
1719 1673 1733 1714 e

261 1772 298 1814 ex
314 1757 447 1827 stipuletu
465 1760 514 1811 eut
531 1757 641 1812 nornine
658 1753 732 1810 ieoto
749 1759 868 1825 petetur.

224 1841 243 1901 2
314 1845 393 1900 quu
410 1843 478 1900 iibro
497 1848 576 1900 sexto
595 1844 631 1899 ed
649 1842 789 1899 Sabinum.
826 1843 858 1898 ln
877 1857 963 1898 enuos
986 1842 1109 1912 singulos
1126 1840 1207 1897 heres
1225 1841 1371 1897 damnatus
1390 1841 1478 1897 sinere
1496 1855 1541 1896 me
1560 1835 1701 1924 Q
1718 1843 1760 1899 Β

260 1930 315 1988 frui
332 1930 417 1988 fundo
436 1933 460 1988 si
477 1932 554 1988 initio
572 1931 648 2003 anni,
671 1946 727 2002 quo
745 1932 834 1986 ooiere
852 1929 994 2000 deberem,
1019 1945 1123 1986 moram
1141 1927 1250 1998 feeerit,
1273 1931 1338 1985 lieet
1358 1934 1456 2000 postea
1478 1930 1612 2000 petietur,
1636 1931 1702 2000 quin

261 2021 369 2076 eultnre
386 2021 438 2076 sim
456 2021 597 2091 exclusus,
615 2023 708 2076 temen
726 2021 811 2076 totins
829 2019 894 2076 enni
911 2019 1021 2074 nomine
1039 2017 1105 2074 mihi
1122 2018 1273 2074 tenebitur:
1297 2019 1526 2088 quemadmodum
1546 2018 1570 2072 si
1588 2017 1701 2073 diurnes

261 2123 360 2180 operes
378 2107 465 2164 Stiohi
486 2109 552 2164 dere
575 2109 722 2165 damnatus
744 2123 800 2164 non
823 2124 841 2164 e
863 2123 943 2164 mane
966 2107 1016 2163 sed
1035 2123 1052 2162 a
1069 2112 1148 2164 sexte
1166 2107 1221 2162 diei
1238 2106 1306 2162 hora
1323 2107 1384 2178 det,
1406 2107 1491 2162 totius
1513 2106 1568 2161 diei
1590 2107 1701 2162 nomine
1720 2117 1742 2156 e
1791 2124 1799 2137 ·

261 2201 378 2253 tenetur.

225 2284 244 2344 3
315 2285 467 2342 1111111118
483 2283 552 2340 libro
570 2283 703 2340 uioesimo
720 2287 819 2354 quarto
837 2281 873 2338 ed
891 2281 1032 2339 Sabinum.
1069 2282 1098 2339 Si
1115 2285 1236 2354 legatum
1255 2283 1292 2339 sit
1309 2284 1433 2346 relietum
1451 2299 1544 2340 annue
1562 2277 1700 2368 Q
1718 2283 1804 2341 S

261 2371 337 2430 bime
353 2374 435 2429 trime
452 2373 505 2444 die,
523 2373 638 2444 triginta
655 2371 734 2442 forte,
752 2371 824 2428 dene
841 2386 891 2443 per
908 2371 1031 2442 singulos
1048 2371 1184 2428 debentur
1201 2388 1297 2444 annos,
1315 2373 1380 2428 lieet
1397 2388 1452 2430 non
1465 2371 1547 2428 fuerit
1560 2371 1700 2428 edieotum

229 2460 365 2532 1‘aequis
387 2461 582 2533 pensionibus.
618 2459 735 2517 Proinde
758 2465 786 2516 et
810 2460 834 2516 si
856 2459 992 2516 edieetum
1016 2458 1100 2516 suerit
1122 2460 1322 2531 pensionibus,
1344 2463 1409 2516 lieet
1430 2476 1485 2516 non
1508 2461 1545 2516 sit
1568 2461 1700 2517 insertum

262 2549 382 2621 'aequis'‚
401 2551 468 2607 item
485 2551 509 2606 si
528 2550 660 2622 seriptum
677 2547 760 2604 suerit
772 2546 892 2618 aequis,
909 2549 974 2604 lieet
991 2565 1046 2606 non
1064 2550 1100 2606 sit
1114 2550 1251 2606 edieotum
1264 2547 1465 2621 pensionibus,
1484 2549 1631 2605 dioendum
1649 2550 1701 2605 erit
1719 2563 1747 2599 ι

229 2646 366 2708 aesques
388 2635 455 2694 tieri.
492 2636 547 2694 Sed
572 2637 596 2694 si
619 2636 757 2692 adieotnm
777 2635 962 2706 'pensionibus
986 2637 1126 2708 inmunis,
1147 2639 1305 2708 inaequales
1329 2636 1515 2693 debebuntur:
1538 2653 1610 2708 quee
1633 2654 1699 2709 ergo

262 2727 423 2798 debeantur,
441 2725 593 2782 uideamus.
622 2730 651 2781 et
668 2728 736 2796 puto
754 2740 802 2781 ees
821 2725 914 2781 deberi
932 2725 996 2794 (nisi
1013 2727 1168 2797 specialiter
1185 2731 1302 2782 testator
1319 2727 1480 2783 electionem
1493 2725 1586 2782 heredi
1603 2725 1700 2798 dedit),

262 2831 332 2886 ques
354 2816 398 2872 uir
420 2814 509 2871 bouus
532 2813 615 2870 fuerit
639 2813 800 2885 erbitratus,
823 2818 856 2869 ut
876 2831 927 2886 pro
950 2813 1126 2870 iaoultetibus
1148 2813 1270 2870 defuneti
1293 2818 1322 2870 et
1339 2815 1527 2885 depositione¹
1544 2816 1701 2886 patrimonii

228 2912 244 2957 e
262 2903 424 2960 debeantur.
460 2901 517 2959 Sed
535 2906 564 2958 et
581 2902 606 2957 si
623 2900 706 2958 bresit
724 2902 861 2958 edieetum
880 2902 939 2958 ‘uiri
955 2901 1021 2958 boni
1040 2902 1189 2974 erbitretu‘‚
1207 2903 1259 2960 hoo
1277 2919 1430 2974 sequemur,
1449 2907 1481 2959 ut
1497 2919 1546 2974 pro
1564 2905 1701 2974 positione

228 2992 419 3064 epetrImonii
436 2992 496 3048 sine
514 2991 661 3047 uexatione
680 2995 709 3046 et
725 2990 899 3048 ineommodo
916 2991 1025 3046 heredis
1042 2989 1117 3048 fiete
1154 2991 1225 3058 Quid
1242 2993 1267 3048 si
1289 2993 1328 3048 ita
1346 2991 1542 3064 'pensionibus
1564 3008 1635 3062 ques
1651 3009 1701 3063 pn·
1724 3013 1725 3017 ¹
1786 3010 1799 3013 ‘⁷

261 3081 364 3138 teuerit
380 3079 558 3151 legeteriue'?
575 3095 611 3135 an
628 3084 717 3135 totum
735 3085 829 3150 petere
846 3080 943 3151 possit,
962 3079 1114 3136 uideamus.
1141 3085 1170 3136 et
1187 3086 1254 3152 puto
1272 3085 1360 3138 totum
1379 3095 1434 3136 non
1449 3080 1599 3152 petendum
1612 3082 1701 3152 simul,

262 3169 334 3226 siout
351 3173 380 3225 et
397 3170 426 3225 in
442 3168 551 3224 heredis
570 3168 711 3224 eleetione.
738 3167 798 3224 fieri
816 3169 888 3224 enim
906 3168 1052 3238 pensiones
1071 3167 1171 3224 debere
1188 3173 1305 3226 testntor
1323 3171 1417 3240 uoluit,
1436 3171 1604 3240 quentitetes
1623 3170 1701 3226 dum·

229 3262 341 3313 ttaxet
363 3258 525 3329 pensionum
549 3257 578 3312 in
600 3255 712 3312 arbitrio
734 3257 844 3312 heredis
866 3261 915 3312 eut
936 3257 1062 3327 legatarii
1084 3259 1207 3314 eontulit.
1244 3257 1299 3314 Sed
1322 3259 1346 3313 si
1364 3259 1402 3314 ite
1420 3259 1457 3313 sit
1474 3259 1594 3328 tegetum
1614 3257 1701 3314 beree

263 3346 349 3403 ‘meus
366 3346 441 3402 Titio
459 3345 555 3401 deoem
574 3345 655 3401 trime
672 3345 717 3401 die
735 3344 817 3416 deto',
840 3349 930 3400 utrum
954 3345 1132 3417 pensionibus
1156 3363 1192 3402 an
1214 3362 1280 3402 uero
1304 3351 1368 3416 post
1384 3347 1530 3402 triennium
1549 3346 1702 3402 debeatur?

262 3440 291 3492 et
307 3437 376 3506 puto
394 3435 435 3490 sie
452 3433 651 3504 eooipiendum,
670 3434 750 3503 quasi
767 3439 847 3504 pater
864 3432 981 3490 familiae
1000 3435 1035 3490 de
1054 3451 1145 3490 annue
1156 3435 1231 3492 bime
1242 3436 1323 3490 trime
1335 3435 1380 3491 die
1392 3437 1511 3490 sensisse
1524 3440 1701 3506 proponetur.
1720 3447 1732 3488 s

229 3531 244 3578 e
262 3523 292 3581 Si
310 3524 356 3578 eui
373 3529 449 3578 eerta
466 3522 605 3594 quantitas
623 3522 730 3592 legetur
748 3527 784 3593 et,
803 3522 895 3592 quosd
913 3527 1076 3594 preestetnr,
1093 3525 1122 3580 in
1141 3525 1264 3594 singulos
1282 3539 1368 3580 annos
1387 3528 1491 3579 eertum
1504 3523 1606 3593 aliquid
1625 3525 1703 3580 uelut

261 3608 361 3668 usurus
378 3611 490 3667 iusserit
506 3613 624 3666 testetur
640 3611 782 3681 praestari,
800 3612 922 3681 legetum
940 3613 1029 3668 uelet:
1047 3612 1097 3668 sed
1115 3614 1143 3668 in
1160 3613 1250 3668 usuris
1267 3611 1401 3668 haetenus
1419 3612 1502 3668 debet
1514 3613 1615 3683 uelere,
1634 3627 1701 3682 que-

261 3705 342 3756 tenus
360 3700 471 3757 modum
490 3698 660 3770 probabilem
678 3715 821 3755 usurarum
840 3715 895 3756 non
913 3701 1030 3756 exoedit

224 3788 244 3846 4
314 3789 435 3845 Patruus
457 3787 526 3844 libro
549 3788 722 3858 sexagesimo
744 3789 867 3844 seeundo
889 3788 926 3844 ed
949 3788 1078 3844 edietum.
1114 3785 1144 3843 Si
1161 3787 1190 3844 in
1210 3789 1334 3860 singulos
1356 3805 1442 3846 annos
1460 3791 1540 3846 elicui
1559 3783 1700 3874 Q
1728 3792 1808 3842 rr

261 3877 383 3946 legatum
401 3876 445 3948 eit,
464 3875 595 3946 Sebinno,
613 3876 692 3930 euius
709 3877 847 3932 sententia
864 3891 931 3932 uere
947 3883 1003 3948 est,
1021 3877 1100 3947 plure
1116 3876 1210 3946 legate
1227 3893 1290 3934 esse
1308 3881 1348 3934 ait
1364 3885 1393 3934 et
1410 3879 1489 3949 primi
1507 3879 1572 3934 enni
1588 3895 1700 3950 purum,
1719 3891 1732 3931 e
1764 3882 1802 3907 ⁶'

261 3965 435 4035 sequentium
453 3965 653 4020 eondieionele:
672 3963 760 4018 uideri
778 3964 851 4020 enim
868 3964 939 4021 hene
957 3965 1047 4022 inesse
1065 3963 1253 4022 eondieionem
1272 3967 1303 4022 ‘si
1315 3967 1398 4023 uinat'
1417 3972 1446 4024 et
1464 3967 1526 4024 ideo
1544 3973 1653 4023 mortuo
1666 3983 1700 4024 eo

262 4051 298 4108 ed
317 4051 445 4108 heredem
463 4053 586 4124 legatum
604 4068 660 4108 non
677 4051 801 4107 trensire.

224 4141 244 4202 5
314 4141 508 4198 Mooesuneue
533 4140 604 4198 libro
628 4139 735 4195 deeimo
761 4155 963 4210 responsorum.
1001 4141 1034 4198 ’Δ
1056 4141 1136 4199 nobie
1159 4157 1282 4214 quoque,
1310 4143 1394 4199 eeteri
1416 4142 1541 4214 heredes,
1560 4139 1701 4227 [Re-‚113
1718 4137 1786 4206 ί

261 4229 348 4301 peto,
371 4235 404 4285 ut
426 4231 504 4287 uxori
528 4245 606 4286 meee
629 4227 789 4299 praestetis,
812 4229 904 4298 quoad
926 4231 1045 4302 uiueret,
1069 4247 1175 4288 ennnos
1198 4231 1293 4286 deoem
1317 4231 1433 4288 aureos'.
1460 4247 1530 4289 uxor
1547 4219 1702 4304 ruffi

261 4319 360 4375 merito
377 4319 563 4388 quinquennio
580 4323 610 4374 et
626 4321 756 4388 quettuor
774 4317 927 4374 mensibus:
951 4334 1067 4390 quaero,
1091 4335 1127 4375 an
1148 4319 1296 4376 heredibus
1319 4321 1378 4376 eius
1401 4321 1474 4376 senti
1496 4322 1560 4376 euni
1578 4323 1700 4392 legatum
1719 4323 1776 4376 ab

261 4408 399 4480 integrum
417 4406 558 4463 debentur.
586 4404 757 4462 Modestinus
774 4406 1033 4476 responditintegri
1050 4409 1122 4464 sexti
1139 4409 1204 4464 anni
1220 4410 1342 4479 legatum
1360 4407 1463 4464 deberi.

225 4497 244 4557 6
314 4496 392 4552 Innu
409 4494 479 4552 libro
496 4495 642 4552 undeoimo
660 4508 862 4565 responsum.
896 4493 1023 4552 Annuum
1041 4497 1186 4568 peeuniem
1205 4497 1240 4552 ed
1257 4497 1337 4553 ludos
1354 4497 1460 4553 oiuiteti
1477 4497 1538 4553 reli-
1557 4493 1697 4583 Q
1715 4503 1751 4562 Ε

261 4584 334 4655 quit,
361 4583 461 4655 quibus
483 4583 641 4655 praesidere
664 4582 779 4640 heredes
805 4583 906 4640 uoluit:
934 4600 1108 4642 suoeessores
1132 4585 1263 4642 heredum
1289 4592 1393 4658 negent
1420 4601 1450 4642 se
1475 4585 1591 4659 debere,
1618 4589 1699 4659 quasi

262 4679 504 4752 mwnsoror)

1542 4785 1699 4795 -n—

263 4825 271 4857 ¹
290 4821 363 4878 sieut
379 4821 404 4876 si
422 4823 482 4888 (van
500 4823 532 4876 de
548 4821 669 4896 Weter)?
740 4829 799 4884 ’et
815 4823 951 4898 positione
969 4823 1072 4892 (timii
1142 4826 1153 4860 ⁸
1171 4823 1259 4880 fiant?

261 4951 332 5007 ³d0
349 4952 457 5020 munifi]
475 4953 502 5006 F
514 4971 569 5008 eum
587 4957 626 5028 B,
650 4967 685 5031 de
708 4965 809 5033 annuis
833 4964 863 5016 et
880 4971 955 5012 meu·
1008 4957 1044 5012 10
1061 4954 1158 5011 hor'r'e
1178 4955 1214 5008 F*
1268 4957 1303 5012 13
1326 4956 1401 5012 nime
1416 4947 1459 5010 'F
1515 4957 1704 5014 1111611111Ὶ

259 5023 343 5083 struit
367 5023 458 5080 enee
470 5023 477 5092 1
497 5027 526 5078 et
547 5023 765 5120 fideicommissi„
793 5053 844 5098 om.
864 5027 962 5086 ind-F
1010 5027 1044 5084 18
1061 5027 1139 5098 ques]
1158 5027 1205 5100 qui
1224 5027 1260 5081 1⁷
1314 5027 1349 5083 35
1367 5025 1585 5100 quinqne'a'nnio
1602 5030 1639 5085 F*
