<?xml version="1.0" encoding="UTF-8"?>
<!DOCTYPE html PUBLIC "-//W3C//DTD XHTML 1.0 Transitional//EN"
    "http://www.w3.org/TR/xhtml1/DTD/xhtml1-transitional.dtd">
<html xmlns="http://www.w3.org/1999/xhtml" xml:lang="en" lang="en">
 <head>
  <title>
</title>
<meta http-equiv="Content-Type" content="text/html;charset=utf-8" />
  <meta name='ocr-system' content='tesseract 3.04.00' />
  <meta name='ocr-capabilities' content='ocr_page ocr_carea ocr_par ocr_line ocrx_word'/>
</head>
<body>
  <div class='ocr_page' id='page_1' title='image "./digestaiustinia00kruegoog_0442.png"; bbox 0 0 3600 5460; ppageno 0'>
   <div class='ocr_carea' id='block_1_1' title="bbox 81 273 1513 351">
    <p class='ocr_par' dir='ltr' id='par_1_1' title="bbox 81 273 1513 351">
     <span class='ocr_line' id='line_1_1' title="bbox 81 273 1513 351; baseline -0.006 -7"><span class='ocrx_word' id='word_1_1' title='bbox 81 295 248 344; x_wconf 76' lang='lat' dir='ltr'>umorem</span> <span class='ocrx_word' id='word_1_2' title='bbox 752 273 839 351; x_wconf 80' lang='lat'>427</span> <span class='ocrx_word' id='word_1_3' title='bbox 1213 273 1335 342; x_wconf 83' lang='lat' dir='ltr'>XXXX</span> <span class='ocrx_word' id='word_1_4' title='bbox 1355 275 1376 341; x_wconf 87' lang='grc'>2</span> <span class='ocrx_word' id='word_1_5' title='bbox 1398 279 1513 336; x_wconf 84' lang='grc'>16-25</span> 
     </span>
    </p>
   </div>
   <div class='ocr_carea' id='block_1_2' title="bbox 19 433 1560 1588">
    <p class='ocr_par' dir='ltr' id='par_1_2' title="bbox 50 433 1545 848">
     <span class='ocr_line' id='line_1_2' title="bbox 50 433 1513 506; baseline -0.001 -17"><span class='ocrx_word' id='word_1_6' title='bbox 50 445 62 488; x_wconf 95' lang='lat'>1</span> <span class='ocrx_word' id='word_1_7' title='bbox 80 435 148 491; x_wconf 85' lang='lat' dir='ltr'>tiam</span> <span class='ocrx_word' id='word_1_8' title='bbox 167 435 343 490; x_wconf 88' lang='lat' dir='ltr'>credendum.</span> <span class='ocrx_word' id='word_1_9' title='bbox 377 435 406 490; x_wconf 90' lang='lat' dir='ltr'>Si</span> <span class='ocrx_word' id='word_1_10' title='bbox 424 437 484 506; x_wconf 81' lang='lat' dir='ltr'>quir</span> <span class='ocrx_word' id='word_1_11' title='bbox 503 436 599 492; x_wconf 90' lang='lat' dir='ltr'>minori</span> <span class='ocrx_word' id='word_1_12' title='bbox 617 436 715 505; x_wconf 85' lang='lat' dir='ltr'>uiginti</span> <span class='ocrx_word' id='word_1_13' title='bbox 733 436 811 491; x_wconf 87' lang='lat' dir='ltr'>annis</span> <span class='ocrx_word' id='word_1_14' title='bbox 829 435 881 490; x_wconf 88' lang='lat' dir='ltr'>hae</span> <span class='ocrx_word' id='word_1_15' title='bbox 898 435 959 504; x_wconf 80' lang='lat' dir='ltr'>lege</span> <span class='ocrx_word' id='word_1_16' title='bbox 977 449 1087 490; x_wconf 89' lang='lat' dir='ltr'>seruum</span> <span class='ocrx_word' id='word_1_17' title='bbox 1106 435 1212 490; x_wconf 80' lang='lat' dir='ltr'>dederit</span> <span class='ocrx_word' id='word_1_18' title='bbox 1229 439 1277 489; x_wconf 90' lang='lat' dir='ltr'>aut</span> <span class='ocrx_word' id='word_1_19' title='bbox 1294 433 1381 504; x_wconf 89' lang='lat' dir='ltr'>pretio</span> <span class='ocrx_word' id='word_1_20' title='bbox 1399 435 1513 502; x_wconf 84' lang='lat' dir='ltr'>accepto</span> 
     </span>
     <span class='ocr_line' id='line_1_3' title="bbox 81 521 1512 596; baseline -0.003 -16"><span class='ocrx_word' id='word_1_21' title='bbox 81 527 126 581; x_wconf 87' lang='lat' dir='ltr'>uel</span> <span class='ocrx_word' id='word_1_22' title='bbox 144 525 300 580; x_wconf 83' lang='lat' dir='ltr'>donationis</span> <span class='ocrx_word' id='word_1_23' title='bbox 318 539 415 594; x_wconf 88' lang='lat' dir='ltr'>causa,</span> <span class='ocrx_word' id='word_1_24' title='bbox 439 530 471 580; x_wconf 94' lang='lat' dir='ltr'>ut</span> <span class='ocrx_word' id='word_1_25' title='bbox 488 540 550 580; x_wconf 92' lang='lat' dir='ltr'>eum</span> <span class='ocrx_word' id='word_1_26' title='bbox 569 523 683 580; x_wconf 89' lang='lat' dir='ltr'>liberum</span> <span class='ocrx_word' id='word_1_27' title='bbox 702 523 798 594; x_wconf 86' lang='lat' dir='ltr'>iaciat,</span> <span class='ocrx_word' id='word_1_28' title='bbox 816 529 909 596; x_wconf 86' lang='lat' dir='ltr'>potest</span> <span class='ocrx_word' id='word_1_29' title='bbox 925 525 969 580; x_wconf 88' lang='lat' dir='ltr'>ille</span> <span class='ocrx_word' id='word_1_30' title='bbox 988 540 1098 579; x_wconf 89' lang='lat' dir='ltr'>caueam</span> <span class='ocrx_word' id='word_1_31' title='bbox 1117 523 1337 579; x_wconf 81' lang='lat' dir='ltr'>manumissionis</span> <span class='ocrx_word' id='word_1_32' title='bbox 1354 521 1434 577; x_wconf 87' lang='lat' dir='ltr'>istius</span> <span class='ocrx_word' id='word_1_33' title='bbox 1451 536 1512 590; x_wconf 90' lang='lat' dir='ltr'>pro·</span> 
     </span>
     <span class='ocr_line' id='line_1_4' title="bbox 80 609 1514 684; baseline -0.003 -14"><span class='ocrx_word' id='word_1_34' title='bbox 80 614 157 684; x_wconf 90' lang='lat' dir='ltr'>bare,</span> <span class='ocrx_word' id='word_1_35' title='bbox 175 614 228 670; x_wconf 89' lang='lat' dir='ltr'>hoo</span> <span class='ocrx_word' id='word_1_36' title='bbox 245 615 334 684; x_wconf 89' lang='lat' dir='ltr'>ipsum</span> <span class='ocrx_word' id='word_1_37' title='bbox 352 615 474 684; x_wconf 83' lang='lat' dir='ltr'>allegans</span> <span class='ocrx_word' id='word_1_38' title='bbox 492 615 581 684; x_wconf 87' lang='lat' dir='ltr'>legem</span> <span class='ocrx_word' id='word_1_39' title='bbox 600 614 702 684; x_wconf 87' lang='lat' dir='ltr'>datam,</span> <span class='ocrx_word' id='word_1_40' title='bbox 721 619 750 669; x_wconf 89' lang='lat' dir='ltr'>et</span> <span class='ocrx_word' id='word_1_41' title='bbox 766 615 916 684; x_wconf 78' lang='lat' dir='ltr'>perducere</span> <span class='ocrx_word' id='word_1_42' title='bbox 934 614 970 668; x_wconf 90' lang='lat' dir='ltr'>ad</span> <span class='ocrx_word' id='word_1_43' title='bbox 987 613 1154 668; x_wconf 88' lang='lat' dir='ltr'>libertatem:</span> <span class='ocrx_word' id='word_1_44' title='bbox 1176 628 1242 683; x_wconf 84' lang='lat' dir='ltr'>ergo</span> <span class='ocrx_word' id='word_1_45' title='bbox 1259 612 1304 667; x_wconf 92' lang='lat' dir='ltr'>hic</span> <span class='ocrx_word' id='word_1_46' title='bbox 1323 609 1407 666; x_wconf 91' lang='lat' dir='ltr'>debet</span> <span class='ocrx_word' id='word_1_47' title='bbox 1423 615 1514 666; x_wconf 90' lang='lat' dir='ltr'>osten·</span> 
     </span>
     <span class='ocr_line' id='line_1_5' title="bbox 81 699 1513 774; baseline -0.003 -16"><span class='ocrx_word' id='word_1_48' title='bbox 81 703 148 758; x_wconf 91' lang='lat' dir='ltr'>dere</span> <span class='ocrx_word' id='word_1_49' title='bbox 172 703 225 758; x_wconf 83' lang='lat' dir='ltr'>lroc</span> <span class='ocrx_word' id='word_1_50' title='bbox 246 704 317 758; x_wconf 91' lang='lat' dir='ltr'>inter</span> <span class='ocrx_word' id='word_1_51' title='bbox 341 703 416 773; x_wconf 89' lang='lat' dir='ltr'>ipsos</span> <span class='ocrx_word' id='word_1_52' title='bbox 437 709 541 772; x_wconf 88' lang='lat' dir='ltr'>actum,</span> <span class='ocrx_word' id='word_1_53' title='bbox 565 709 596 757; x_wconf 90' lang='lat' dir='ltr'>ut</span> <span class='ocrx_word' id='word_1_54' title='bbox 613 703 727 773; x_wconf 91' lang='lat' dir='ltr'>proinde</span> <span class='ocrx_word' id='word_1_55' title='bbox 745 703 789 758; x_wconf 83' lang='lat' dir='ltr'>uel</span> <span class='ocrx_word' id='word_1_56' title='bbox 809 719 843 758; x_wconf 82' lang='lat' dir='ltr'>ex</span> <span class='ocrx_word' id='word_1_57' title='bbox 860 704 921 774; x_wconf 87' lang='lat' dir='ltr'>lege</span> <span class='ocrx_word' id='word_1_58' title='bbox 940 703 1093 759; x_wconf 90' lang='lat' dir='ltr'>donationis</span> <span class='ocrx_word' id='word_1_59' title='bbox 1111 703 1155 757; x_wconf 90' lang='lat' dir='ltr'>uel</span> <span class='ocrx_word' id='word_1_60' title='bbox 1173 719 1208 758; x_wconf 87' lang='lat' dir='ltr'>cx</span> <span class='ocrx_word' id='word_1_61' title='bbox 1226 701 1370 756; x_wconf 83' lang='lat' dir='ltr'>affcctione</span> <span class='ocrx_word' id='word_1_62' title='bbox 1388 700 1448 754; x_wconf 89' lang='lat' dir='ltr'>eius</span> <span class='ocrx_word' id='word_1_63' title='bbox 1466 699 1513 769; x_wconf 92' lang='lat' dir='ltr'>qui</span> 
     </span>
     <span class='ocr_line' id='line_1_6' title="bbox 80 792 1545 848; baseline -0.003 0"><span class='ocrx_word' id='word_1_64' title='bbox 80 792 159 848; x_wconf 83' lang='lat' dir='ltr'>dedit</span> <span class='ocrx_word' id='word_1_65' title='bbox 177 808 221 848; x_wconf 84' lang='lat' dir='ltr'>res</span> <span class='ocrx_word' id='word_1_66' title='bbox 238 793 405 848; x_wconf 81' lang='lat' dir='ltr'>aestimetur.</span> <span class='ocrx_word' id='word_1_67' title='bbox 1532 804 1545 844; x_wconf 82' lang='lat' dir='ltr'>s</span> 
     </span>
    </p>

    <p class='ocr_par' dir='ltr' id='par_1_3' title="bbox 19 877 1557 952">
     <span class='ocr_line' id='line_1_7' title="bbox 19 877 1557 952; baseline -0.002 -15"><span class='ocrx_word' id='word_1_68' title='bbox 19 879 62 938; x_wconf 85' lang='grc'>17</span> <span class='ocrx_word' id='word_1_69' title='bbox 134 883 255 938; x_wconf 78' lang='lat' dir='ltr'>Psunus</span> <span class='ocrx_word' id='word_1_70' title='bbox 284 881 352 937; x_wconf 88' lang='lat' dir='ltr'>libro</span> <span class='ocrx_word' id='word_1_71' title='bbox 383 881 628 952; x_wconf 79' lang='lat' dir='ltr'>quinquagensimo</span> <span class='ocrx_word' id='word_1_72' title='bbox 658 880 694 934; x_wconf 89' lang='lat' dir='ltr'>ad</span> <span class='ocrx_word' id='word_1_73' title='bbox 724 881 851 936; x_wconf 89' lang='lat' dir='ltr'>edictum.</span> <span class='ocrx_word' id='word_1_74' title='bbox 896 881 980 952; x_wconf 85' lang='lat' dir='ltr'>Apud</span> <span class='ocrx_word' id='word_1_75' title='bbox 1010 881 1213 952; x_wconf 78' lang='lat' dir='ltr'>proconsulem,</span> <span class='ocrx_word' id='word_1_76' title='bbox 1244 885 1388 950; x_wconf 86' lang='lat' dir='ltr'>postquam</span> <span class='ocrx_word' id='word_1_77' title='bbox 1415 877 1557 935; x_wconf 83' lang='lat' dir='ltr'>urbemE</span> 
     </span>
    </p>

    <p class='ocr_par' dir='ltr' id='par_1_4' title="bbox 78 969 1512 1132">
     <span class='ocr_line' id='line_1_8' title="bbox 80 969 1512 1042; baseline -0.001 -17"><span class='ocrx_word' id='word_1_78' title='bbox 80 986 211 1041; x_wconf 76' lang='lat' dir='ltr'>egressus</span> <span class='ocrx_word' id='word_1_79' title='bbox 233 976 290 1042; x_wconf 89' lang='lat' dir='ltr'>est,</span> <span class='ocrx_word' id='word_1_80' title='bbox 318 971 440 1026; x_wconf 88' lang='lat' dir='ltr'>uindicta</span> <span class='ocrx_word' id='word_1_81' title='bbox 462 971 654 1025; x_wconf 78' lang='lat' dir='ltr'>manumittere</span> <span class='ocrx_word' id='word_1_82' title='bbox 678 985 838 1040; x_wconf 89' lang='lat' dir='ltr'>possumus:</span> <span class='ocrx_word' id='word_1_83' title='bbox 866 971 916 1026; x_wconf 87' lang='lat' dir='ltr'>sed</span> <span class='ocrx_word' id='word_1_84' title='bbox 944 975 972 1026; x_wconf 92' lang='lat' dir='ltr'>et</span> <span class='ocrx_word' id='word_1_85' title='bbox 995 970 1068 1041; x_wconf 90' lang='lat' dir='ltr'>apud</span> <span class='ocrx_word' id='word_1_86' title='bbox 1091 971 1211 1038; x_wconf 83' lang='lat' dir='ltr'>legatum</span> <span class='ocrx_word' id='word_1_87' title='bbox 1239 970 1298 1024; x_wconf 90' lang='lat' dir='ltr'>eius</span> <span class='ocrx_word' id='word_1_88' title='bbox 1321 969 1512 1024; x_wconf 78' lang='lat' dir='ltr'>manumittere</span> 
     </span>
     <span class='ocr_line' id='line_1_9' title="bbox 78 1076 237 1132; baseline -0.013 -16"><span class='ocrx_word' id='word_1_89' title='bbox 78 1076 237 1132; x_wconf 84' lang='lat' dir='ltr'>possumus.</span> 
     </span>
    </p>

    <p class='ocr_par' dir='ltr' id='par_1_5' title="bbox 19 1133 1560 1410">
     <span class='ocr_line' id='line_1_10' title="bbox 19 1133 1558 1222; baseline -0.003 -16"><span class='ocrx_word' id='word_1_90' title='bbox 19 1148 61 1208; x_wconf 88' lang='lat'>18</span> <span class='ocrx_word' id='word_1_91' title='bbox 135 1149 214 1204; x_wconf 80' lang='lat' dir='ltr'>lmus</span> <span class='ocrx_word' id='word_1_92' title='bbox 235 1148 303 1204; x_wconf 92' lang='lat' dir='ltr'>libro</span> <span class='ocrx_word' id='word_1_93' title='bbox 326 1153 404 1204; x_wconf 83' lang='lat' dir='ltr'>sexto</span> <span class='ocrx_word' id='word_1_94' title='bbox 426 1147 533 1204; x_wconf 86' lang='lat' dir='ltr'>decimo</span> <span class='ocrx_word' id='word_1_95' title='bbox 557 1149 591 1203; x_wconf 88' lang='lat' dir='ltr'>ad</span> <span class='ocrx_word' id='word_1_96' title='bbox 609 1149 755 1204; x_wconf 87' lang='lat' dir='ltr'>Plautium.</span> <span class='ocrx_word' id='word_1_97' title='bbox 792 1147 875 1219; x_wconf 88' lang='lat' dir='ltr'>Apud</span> <span class='ocrx_word' id='word_1_98' title='bbox 898 1147 983 1202; x_wconf 89' lang='lat' dir='ltr'>lilium</span> <span class='ocrx_word' id='word_1_99' title='bbox 1006 1146 1123 1202; x_wconf 88' lang='lat' dir='ltr'>familias</span> <span class='ocrx_word' id='word_1_100' title='bbox 1147 1147 1337 1218; x_wconf 84' lang='lat' dir='ltr'>magistratum</span> <span class='ocrx_word' id='word_1_101' title='bbox 1357 1133 1512 1222; x_wconf 57' lang='lat' dir='ltr'>[Q</span> <span class='ocrx_word' id='word_1_102' title='bbox 1530 1145 1558 1201; x_wconf 79' lang='lat' dir='ltr'>Ii</span> 
     </span>
     <span class='ocr_line' id='line_1_11' title="bbox 46 1223 1560 1329; baseline -0.002 -35"><span class='ocrx_word' id='word_1_103' title='bbox 46 1251 59 1294; x_wconf 91' lang='lat'>1</span> <span class='ocrx_word' id='word_1_104' title='bbox 80 1238 238 1294; x_wconf 79' lang='lat' dir='ltr'>manumitti</span> <span class='ocrx_word' id='word_1_105' title='bbox 256 1243 355 1308; x_wconf 89' lang='lat' dir='ltr'>potest,</span> <span class='ocrx_word' id='word_1_106' title='bbox 373 1238 480 1292; x_wconf 81' lang='lat' dir='ltr'>etiamsi</span> <span class='ocrx_word' id='word_1_107' title='bbox 497 1238 556 1307; x_wconf 89' lang='lat' dir='ltr'>ipse</span> <span class='ocrx_word' id='word_1_108' title='bbox 574 1237 646 1292; x_wconf 89' lang='lat' dir='ltr'>lilius</span> <span class='ocrx_word' id='word_1_109' title='bbox 663 1236 780 1292; x_wconf 79' lang='lat' dir='ltr'>familias</span> <span class='ocrx_word' id='word_1_110' title='bbox 800 1237 990 1292; x_wconf 80' lang='lat' dir='ltr'>manumittere</span> <span class='ocrx_word' id='word_1_111' title='bbox 1008 1251 1063 1291; x_wconf 91' lang='lat' dir='ltr'>uon</span> <span class='ocrx_word' id='word_1_112' title='bbox 1080 1241 1179 1306; x_wconf 90' lang='lat' dir='ltr'>potest.</span> <span class='ocrx_word' id='word_1_113' title='bbox 1215 1235 1298 1306; x_wconf 93' lang='lat' dir='ltr'>Apud</span> <span class='ocrx_word' id='word_1_114' title='bbox 1316 1223 1513 1329; x_wconf 56' lang='lat' dir='ltr'>collegamffl</span> <span class='ocrx_word' id='word_1_115' title='bbox 1532 1252 1560 1291; x_wconf 87' lang='grc' dir='ltr'>ιο</span> 
     </span>
     <span class='ocr_line' id='line_1_12' title="bbox 46 1321 1512 1410; baseline -0.004 -24"><span class='ocrx_word' id='word_1_116' title='bbox 46 1341 163 1386; x_wconf 81' lang='lat' dir='ltr'>aeuum</span> <span class='ocrx_word' id='word_1_117' title='bbox 180 1331 292 1397; x_wconf 88' lang='lat' dir='ltr'>praetor</span> <span class='ocrx_word' id='word_1_118' title='bbox 309 1327 499 1382; x_wconf 77' lang='lat' dir='ltr'>manumittere</span> <span class='ocrx_word' id='word_1_119' title='bbox 518 1341 571 1381; x_wconf 90' lang='lat' dir='ltr'>non</span> <span class='ocrx_word' id='word_1_120' title='bbox 589 1331 690 1398; x_wconf 87' lang='lat' dir='ltr'>potest.</span> <span class='ocrx_word' id='word_1_121' title='bbox 716 1326 801 1381; x_wconf 85' lang='lat' dir='ltr'>Filius</span> <span class='ocrx_word' id='word_1_122' title='bbox 820 1341 927 1396; x_wconf 90' lang='lat' dir='ltr'>quoque</span> <span class='ocrx_word' id='word_1_123' title='bbox 947 1327 1087 1380; x_wconf 90' lang='lat' dir='ltr'>uoluntate</span> <span class='ocrx_word' id='word_1_124' title='bbox 1105 1325 1190 1396; x_wconf 89' lang='lat' dir='ltr'>patris</span> <span class='ocrx_word' id='word_1_125' title='bbox 1206 1325 1279 1395; x_wconf 90' lang='lat' dir='ltr'>apud</span> <span class='ocrx_word' id='word_1_126' title='bbox 1291 1341 1338 1396; x_wconf 91' lang='lat' dir='ltr'>pa·</span> <span class='ocrx_word' id='word_1_127' title='bbox 1357 1321 1512 1410; x_wconf 66' lang='lat' dir='ltr'>[Q</span> 
     </span>
    </p>

    <p class='ocr_par' dir='ltr' id='par_1_6' title="bbox 79 1417 487 1486">
     <span class='ocr_line' id='line_1_13' title="bbox 79 1417 487 1486; baseline -0.007 -14"><span class='ocrx_word' id='word_1_128' title='bbox 79 1423 151 1472; x_wconf 88' lang='lat' dir='ltr'>trem</span> <span class='ocrx_word' id='word_1_129' title='bbox 171 1417 360 1471; x_wconf 89' lang='lat' dir='ltr'>manumittere</span> <span class='ocrx_word' id='word_1_130' title='bbox 379 1417 487 1486; x_wconf 87' lang='lat' dir='ltr'>poterit.</span> 
     </span>
    </p>

    <p class='ocr_par' dir='ltr' id='par_1_7' title="bbox 23 1499 1558 1588">
     <span class='ocr_line' id='line_1_14' title="bbox 23 1499 1558 1588; baseline -0.004 -24"><span class='ocrx_word' id='word_1_131' title='bbox 23 1506 61 1564; x_wconf 82' lang='lat'>19</span> <span class='ocrx_word' id='word_1_132' title='bbox 135 1505 251 1562; x_wconf 80' lang='lat' dir='ltr'>Cursus</span> <span class='ocrx_word' id='word_1_133' title='bbox 273 1505 342 1560; x_wconf 89' lang='lat' dir='ltr'>libro</span> <span class='ocrx_word' id='word_1_134' title='bbox 366 1505 514 1558; x_wconf 89' lang='lat' dir='ltr'>uicensimo</span> <span class='ocrx_word' id='word_1_135' title='bbox 537 1519 609 1560; x_wconf 89' lang='lat' dir='ltr'>nono</span> <span class='ocrx_word' id='word_1_136' title='bbox 632 1503 808 1574; x_wconf 84' lang='lat' dir='ltr'>digestorum.</span> <span class='ocrx_word' id='word_1_137' title='bbox 846 1502 874 1558; x_wconf 88' lang='lat' dir='ltr'>Si</span> <span class='ocrx_word' id='word_1_138' title='bbox 900 1503 987 1558; x_wconf 93' lang='lat' dir='ltr'>minor</span> <span class='ocrx_word' id='word_1_139' title='bbox 1007 1503 1084 1558; x_wconf 87' lang='lat' dir='ltr'>aunis</span> <span class='ocrx_word' id='word_1_140' title='bbox 1103 1503 1176 1573; x_wconf 89' lang='lat' dir='ltr'>apud</span> <span class='ocrx_word' id='word_1_141' title='bbox 1195 1503 1337 1559; x_wconf 88' lang='lat' dir='ltr'>consilium</span> <span class='ocrx_word' id='word_1_142' title='bbox 1356 1499 1512 1588; x_wconf 59' lang='lat' dir='ltr'>[OEffi</span> <span class='ocrx_word' id='word_1_143' title='bbox 1527 1511 1558 1567; x_wconf 70' lang='grc' dir='ltr'><em>Ε</em></span> 
     </span>
    </p>
   </div>
   <div class='ocr_carea' id='block_1_3' title="bbox 79 1583 1561 1754">
    <p class='ocr_par' dir='ltr' id='par_1_8' title="bbox 79 1583 1561 1754">
     <span class='ocr_line' id='line_1_15' title="bbox 81 1583 1512 1664; baseline 0 -14"><span class='ocrx_word' id='word_1_144' title='bbox 81 1595 248 1650; x_wconf 84' lang='lat' dir='ltr'>matrimonii</span> <span class='ocrx_word' id='word_1_145' title='bbox 266 1609 350 1648; x_wconf 90' lang='lat' dir='ltr'>causa</span> <span class='ocrx_word' id='word_1_146' title='bbox 367 1598 544 1664; x_wconf 83' lang='lat' dir='ltr'>praegnatem</span> <span class='ocrx_word' id='word_1_147' title='bbox 563 1593 750 1649; x_wconf 85' lang='lat' dir='ltr'>manumiserit</span> <span class='ocrx_word' id='word_1_148' title='bbox 768 1583 854 1662; x_wconf 83' lang='lat' dir='ltr'>eaque</span> <span class='ocrx_word' id='word_1_149' title='bbox 872 1593 980 1648; x_wconf 87' lang='lat' dir='ltr'>interim</span> <span class='ocrx_word' id='word_1_150' title='bbox 993 1595 1137 1664; x_wconf 85' lang='lat' dir='ltr'>pepererit,</span> <span class='ocrx_word' id='word_1_151' title='bbox 1156 1593 1184 1648; x_wconf 91' lang='lat' dir='ltr'>in</span> <span class='ocrx_word' id='word_1_152' title='bbox 1195 1591 1326 1664; x_wconf 86' lang='lat' dir='ltr'>pendenti</span> <span class='ocrx_word' id='word_1_153' title='bbox 1338 1594 1397 1664; x_wconf 92' lang='lat' dir='ltr'>erit,</span> <span class='ocrx_word' id='word_1_154' title='bbox 1416 1609 1512 1650; x_wconf 86' lang='lat' dir='ltr'>seruus</span> 
     </span>
     <span class='ocr_line' id='line_1_16' title="bbox 79 1683 1561 1754; baseline -0.003 -14"><span class='ocrx_word' id='word_1_155' title='bbox 79 1701 117 1740; x_wconf 81' lang='lat' dir='ltr'>au</span> <span class='ocrx_word' id='word_1_156' title='bbox 133 1684 204 1740; x_wconf 92' lang='lat' dir='ltr'>liber</span> <span class='ocrx_word' id='word_1_157' title='bbox 222 1685 265 1754; x_wconf 86' lang='lat' dir='ltr'>sit,</span> <span class='ocrx_word' id='word_1_158' title='bbox 284 1698 364 1753; x_wconf 90' lang='lat' dir='ltr'>quem</span> <span class='ocrx_word' id='word_1_159' title='bbox 383 1698 417 1738; x_wconf 86' lang='lat' dir='ltr'>ea</span> <span class='ocrx_word' id='word_1_160' title='bbox 434 1683 548 1753; x_wconf 90' lang='lat' dir='ltr'>peperit.</span> <span class='ocrx_word' id='word_1_161' title='bbox 1533 1696 1561 1737; x_wconf 84' lang='lat' dir='ltr'>rs</span> 
     </span>
    </p>
   </div>
   <div class='ocr_carea' id='block_1_4' title="bbox 19 1859 1666 3912">
    <p class='ocr_par' dir='ltr' id='par_1_9' title="bbox 79 1859 1561 2112">
     <span class='ocr_line' id='line_1_17' title="bbox 79 1859 1513 1934; baseline 0 -17"><span class='ocrx_word' id='word_1_162' title='bbox 79 1864 220 1934; x_wconf 91' lang='lat' dir='ltr'>quinque¹</span> <span class='ocrx_word' id='word_1_163' title='bbox 243 1863 321 1917; x_wconf 80' lang='lat' dir='ltr'>annis</span> <span class='ocrx_word' id='word_1_164' title='bbox 345 1863 534 1917; x_wconf 87' lang='lat' dir='ltr'>manumittere</span> <span class='ocrx_word' id='word_1_165' title='bbox 557 1877 606 1932; x_wconf 90' lang='lat' dir='ltr'>per</span> <span class='ocrx_word' id='word_1_166' title='bbox 629 1859 881 1929; x_wconf 89' lang='lat' dir='ltr'>fideicommissum,</span> <span class='ocrx_word' id='word_1_167' title='bbox 905 1861 1093 1916; x_wconf 77' lang='lat' dir='ltr'>incunctanter</span> <span class='ocrx_word' id='word_1_168' title='bbox 1111 1860 1194 1916; x_wconf 92' lang='lat' dir='ltr'>debet</span> <span class='ocrx_word' id='word_1_169' title='bbox 1218 1861 1244 1916; x_wconf 91' lang='lat' dir='ltr'>ei</span> <span class='ocrx_word' id='word_1_170' title='bbox 1261 1862 1395 1932; x_wconf 90' lang='lat' dir='ltr'>permitti,</span> <span class='ocrx_word' id='word_1_171' title='bbox 1418 1863 1513 1917; x_wconf 90' lang='lat' dir='ltr'>nisisi</span> 
     </span>
     <span class='ocr_line' id='line_1_18' title="bbox 79 1947 1513 2024; baseline -0.001 -17"><span class='ocrx_word' id='word_1_172' title='bbox 79 1952 222 2024; x_wconf 88' lang='lat' dir='ltr'>proprium</span> <span class='ocrx_word' id='word_1_173' title='bbox 240 1967 349 2007; x_wconf 91' lang='lat' dir='ltr'>seruum</span> <span class='ocrx_word' id='word_1_174' title='bbox 367 1957 480 2022; x_wconf 85' lang='lat' dir='ltr'>rogatus</span> <span class='ocrx_word' id='word_1_175' title='bbox 498 1950 550 2006; x_wconf 88' lang='lat' dir='ltr'>t&#39;uit</span> <span class='ocrx_word' id='word_1_176' title='bbox 567 1951 773 2006; x_wconf 86' lang='lat' dir='ltr'>manumittere:</span> <span class='ocrx_word' id='word_1_177' title='bbox 792 1950 835 2006; x_wconf 88' lang='lat' dir='ltr'>hic</span> <span class='ocrx_word' id='word_1_178' title='bbox 853 1949 926 2004; x_wconf 91' lang='lat' dir='ltr'>enim</span> <span class='ocrx_word' id='word_1_179' title='bbox 939 1947 1104 2004; x_wconf 83' lang='lat' dir='ltr'>conserenda</span> <span class='ocrx_word' id='word_1_180' title='bbox 1116 1951 1168 2005; x_wconf 89' lang='lat' dir='ltr'>erit</span> <span class='ocrx_word' id='word_1_181' title='bbox 1180 1951 1317 2020; x_wconf 89' lang='lat' dir='ltr'>quantitas</span> <span class='ocrx_word' id='word_1_182' title='bbox 1330 1952 1513 2022; x_wconf 90' lang='lat' dir='ltr'>emolumenti,</span> 
     </span>
     <span class='ocr_line' id='line_1_19' title="bbox 80 2037 1561 2112; baseline -0.003 -16"><span class='ocrx_word' id='word_1_183' title='bbox 80 2057 154 2112; x_wconf 89' lang='lat' dir='ltr'>quae</span> <span class='ocrx_word' id='word_1_184' title='bbox 178 2039 214 2094; x_wconf 91' lang='lat' dir='ltr'>ad</span> <span class='ocrx_word' id='word_1_185' title='bbox 239 2056 300 2096; x_wconf 87' lang='lat' dir='ltr'>eum</span> <span class='ocrx_word' id='word_1_186' title='bbox 323 2041 450 2111; x_wconf 89' lang='lat' dir='ltr'>peruenit</span> <span class='ocrx_word' id='word_1_187' title='bbox 472 2056 507 2094; x_wconf 86' lang='lat' dir='ltr'>ex</span> <span class='ocrx_word' id='word_1_188' title='bbox 528 2040 629 2095; x_wconf 86' lang='lat' dir='ltr'>iudicio</span> <span class='ocrx_word' id='word_1_189' title='bbox 653 2041 711 2094; x_wconf 91' lang='lat' dir='ltr'>eius</span> <span class='ocrx_word' id='word_1_190' title='bbox 736 2039 782 2108; x_wconf 91' lang='lat' dir='ltr'>qui</span> <span class='ocrx_word' id='word_1_191' title='bbox 805 2037 924 2107; x_wconf 85' lang='lat' dir='ltr'>rogauit,</span> <span class='ocrx_word' id='word_1_192' title='bbox 949 2053 1010 2092; x_wconf 89' lang='lat' dir='ltr'>cum</span> <span class='ocrx_word' id='word_1_193' title='bbox 1035 2039 1123 2108; x_wconf 90' lang='lat' dir='ltr'>pretio</span> <span class='ocrx_word' id='word_1_194' title='bbox 1142 2054 1235 2095; x_wconf 92' lang='lat' dir='ltr'>eorum</span> <span class='ocrx_word' id='word_1_195' title='bbox 1254 2057 1323 2110; x_wconf 92' lang='lat' dir='ltr'>quos</span> <span class='ocrx_word' id='word_1_196' title='bbox 1340 2045 1453 2110; x_wconf 82' lang='lat' dir='ltr'>rogatus</span> <span class='ocrx_word' id='word_1_197' title='bbox 1471 2046 1514 2096; x_wconf 91' lang='lat' dir='ltr'>est</span> <span class='ocrx_word' id='word_1_198' title='bbox 1534 2052 1561 2092; x_wconf 86' lang='lat' dir='ltr'>ro</span> 
     </span>
    </p>

    <p class='ocr_par' dir='ltr' id='par_1_10' title="bbox 47 2126 1604 2290">
     <span class='ocr_line' id='line_1_20' title="bbox 47 2126 1604 2200; baseline -0.003 -12"><span class='ocrx_word' id='word_1_199' title='bbox 47 2143 60 2188; x_wconf 89' lang='grc' dir='ltr'>ι</span> <span class='ocrx_word' id='word_1_200' title='bbox 81 2131 283 2186; x_wconf 89' lang='lat' dir='ltr'>manumittere.</span> <span class='ocrx_word' id='word_1_201' title='bbox 311 2129 367 2186; x_wconf 85' lang='lat' dir='ltr'>Sed</span> <span class='ocrx_word' id='word_1_202' title='bbox 385 2139 413 2184; x_wconf 90' lang='lat' dir='ltr'>et</span> <span class='ocrx_word' id='word_1_203' title='bbox 431 2130 454 2184; x_wconf 93' lang='lat' dir='ltr'>si</span> <span class='ocrx_word' id='word_1_204' title='bbox 473 2129 524 2184; x_wconf 86' lang='lat' dir='ltr'>lrac</span> <span class='ocrx_word' id='word_1_205' title='bbox 542 2130 603 2198; x_wconf 79' lang='lat' dir='ltr'>lege</span> <span class='ocrx_word' id='word_1_206' title='bbox 621 2129 646 2184; x_wconf 93' lang='lat' dir='ltr'>ei</span> <span class='ocrx_word' id='word_1_207' title='bbox 665 2144 762 2183; x_wconf 90' lang='lat' dir='ltr'>seruus</span> <span class='ocrx_word' id='word_1_208' title='bbox 773 2126 855 2182; x_wconf 85' lang='lat' dir='ltr'>fuerit</span> <span class='ocrx_word' id='word_1_209' title='bbox 866 2126 992 2196; x_wconf 87' lang='lat' dir='ltr'>donatus,</span> <span class='ocrx_word' id='word_1_210' title='bbox 1012 2131 1043 2182; x_wconf 89' lang='lat' dir='ltr'>ut</span> <span class='ocrx_word' id='word_1_211' title='bbox 1055 2129 1282 2200; x_wconf 69' lang='lat' dir='ltr'>manumittantur,</span> <span class='ocrx_word' id='word_1_212' title='bbox 1300 2130 1513 2199; x_wconf 91' lang='lat' dir='ltr'>permittendum</span> <span class='ocrx_word' id='word_1_213' title='bbox 1531 2137 1547 2186; x_wconf 87' lang='lat' dir='ltr'>i.</span> <span class='ocrx_word' id='word_1_214' title='bbox 1558 2139 1604 2184; x_wconf 81' lang='lat' dir='ltr'>att</span> 
     </span>
     <span class='ocr_line' id='line_1_21' title="bbox 80 2217 1513 2290; baseline 0 -15"><span class='ocrx_word' id='word_1_215' title='bbox 80 2221 133 2275; x_wconf 88' lang='lat' dir='ltr'>erit</span> <span class='ocrx_word' id='word_1_216' title='bbox 157 2221 364 2290; x_wconf 87' lang='lat' dir='ltr'>manumittere,</span> <span class='ocrx_word' id='word_1_217' title='bbox 387 2235 422 2274; x_wconf 91' lang='lat' dir='ltr'>nc</span> <span class='ocrx_word' id='word_1_218' title='bbox 446 2219 604 2275; x_wconf 83' lang='lat' dir='ltr'>constitutio</span> <span class='ocrx_word' id='word_1_219' title='bbox 629 2218 686 2272; x_wconf 89' lang='lat' dir='ltr'>diui</span> <span class='ocrx_word' id='word_1_220' title='bbox 703 2217 786 2272; x_wconf 79' lang='lat' dir='ltr'>Marci</span> <span class='ocrx_word' id='word_1_221' title='bbox 810 2217 1006 2287; x_wconf 90' lang='lat' dir='ltr'>superueniens</span> <span class='ocrx_word' id='word_1_222' title='bbox 1028 2218 1229 2274; x_wconf 87' lang='lat' dir='ltr'>cunctationem</span> <span class='ocrx_word' id='word_1_223' title='bbox 1253 2219 1372 2274; x_wconf 89' lang='lat' dir='ltr'>consulis</span> <span class='ocrx_word' id='word_1_224' title='bbox 1395 2219 1513 2276; x_wconf 82' lang='lat' dir='ltr'>dirimat</span> 
     </span>
    </p>

    <p class='ocr_par' dir='ltr' id='par_1_11' title="bbox 46 2305 1513 2376">
     <span class='ocr_line' id='line_1_22' title="bbox 46 2305 1513 2376; baseline -0.003 -8"><span class='ocrx_word' id='word_1_225' title='bbox 46 2323 61 2368; x_wconf 78' lang='lat'>2</span> <span class='ocrx_word' id='word_1_226' title='bbox 79 2309 247 2366; x_wconf 68' lang='lat' dir='ltr'>Matrimonii</span> <span class='ocrx_word' id='word_1_227' title='bbox 265 2325 349 2363; x_wconf 85' lang='lat' dir='ltr'>cauea</span> <span class='ocrx_word' id='word_1_228' title='bbox 367 2309 557 2364; x_wconf 83' lang='lat' dir='ltr'>manumittere</span> <span class='ocrx_word' id='word_1_229' title='bbox 576 2307 600 2360; x_wconf 87' lang='lat' dir='ltr'>ri</span> <span class='ocrx_word' id='word_1_230' title='bbox 617 2307 677 2376; x_wconf 90' lang='lat' dir='ltr'>quis</span> <span class='ocrx_word' id='word_1_231' title='bbox 696 2307 764 2361; x_wconf 91' lang='lat' dir='ltr'>uelit</span> <span class='ocrx_word' id='word_1_232' title='bbox 780 2311 809 2361; x_wconf 91' lang='lat' dir='ltr'>et</span> <span class='ocrx_word' id='word_1_233' title='bbox 825 2307 849 2360; x_wconf 90' lang='lat' dir='ltr'>is</span> <span class='ocrx_word' id='word_1_234' title='bbox 868 2306 911 2372; x_wconf 91' lang='lat' dir='ltr'>sit,</span> <span class='ocrx_word' id='word_1_235' title='bbox 929 2307 976 2375; x_wconf 93' lang='lat' dir='ltr'>qul</span> <span class='ocrx_word' id='word_1_236' title='bbox 989 2321 1043 2361; x_wconf 92' lang='lat' dir='ltr'>non</span> <span class='ocrx_word' id='word_1_237' title='bbox 1055 2305 1167 2376; x_wconf 81' lang='lat' dir='ltr'>indigne</span> <span class='ocrx_word' id='word_1_238' title='bbox 1179 2307 1334 2364; x_wconf 87' lang='lat' dir='ltr'>huiuamodi</span> <span class='ocrx_word' id='word_1_239' title='bbox 1346 2309 1513 2365; x_wconf 87' lang='lat' dir='ltr'>condicionis</span> 
     </span>
    </p>

    <p class='ocr_par' dir='ltr' id='par_1_12' title="bbox 46 2394 1512 2468">
     <span class='ocr_line' id='line_1_23' title="bbox 46 2394 1512 2468; baseline -0.002 -11"><span class='ocrx_word' id='word_1_240' title='bbox 46 2411 61 2457; x_wconf 79' lang='lat' dir='ltr'>a</span> <span class='ocrx_word' id='word_1_241' title='bbox 80 2415 196 2455; x_wconf 85' lang='lat' dir='ltr'>uxorem</span> <span class='ocrx_word' id='word_1_242' title='bbox 215 2398 360 2454; x_wconf 87' lang='lat' dir='ltr'>sortiturus</span> <span class='ocrx_word' id='word_1_243' title='bbox 378 2398 422 2468; x_wconf 92' lang='lat' dir='ltr'>sit,</span> <span class='ocrx_word' id='word_1_244' title='bbox 440 2399 491 2452; x_wconf 88' lang='lat' dir='ltr'>erit</span> <span class='ocrx_word' id='word_1_245' title='bbox 509 2399 534 2452; x_wconf 91' lang='lat' dir='ltr'>ei</span> <span class='ocrx_word' id='word_1_246' title='bbox 552 2397 765 2453; x_wconf 85' lang='lat' dir='ltr'>concedendum.</span> <span class='ocrx_word' id='word_1_247' title='bbox 793 2395 897 2450; x_wconf 81' lang='lat' dir='ltr'>Mulieri</span> <span class='ocrx_word' id='word_1_248' title='bbox 915 2409 1023 2464; x_wconf 87' lang='lat' dir='ltr'>quoque</span> <span class='ocrx_word' id='word_1_249' title='bbox 1040 2396 1144 2451; x_wconf 89' lang='lat' dir='ltr'>uolenti</span> <span class='ocrx_word' id='word_1_250' title='bbox 1161 2412 1240 2451; x_wconf 91' lang='lat' dir='ltr'>suum</span> <span class='ocrx_word' id='word_1_251' title='bbox 1260 2394 1344 2452; x_wconf 89' lang='lat' dir='ltr'>filium</span> <span class='ocrx_word' id='word_1_252' title='bbox 1361 2399 1512 2454; x_wconf 88' lang='lat' dir='ltr'>naturalem</span> 
     </span>
    </p>

    <p class='ocr_par' dir='ltr' id='par_1_13' title="bbox 46 2483 1561 2649">
     <span class='ocr_line' id='line_1_24' title="bbox 46 2483 1514 2560; baseline -0.001 -15"><span class='ocrx_word' id='word_1_253' title='bbox 46 2502 62 2548; x_wconf 79' lang='grc' dir='ltr'>ι</span> <span class='ocrx_word' id='word_1_254' title='bbox 80 2490 127 2546; x_wconf 92' lang='lat' dir='ltr'>uel</span> <span class='ocrx_word' id='word_1_255' title='bbox 145 2504 227 2559; x_wconf 93' lang='lat' dir='ltr'>quem</span> <span class='ocrx_word' id='word_1_256' title='bbox 246 2503 281 2543; x_wconf 86' lang='lat' dir='ltr'>ex</span> <span class='ocrx_word' id='word_1_257' title='bbox 299 2487 502 2558; x_wconf 89' lang='lat' dir='ltr'>suprascriptis</span> <span class='ocrx_word' id='word_1_258' title='bbox 520 2488 711 2548; x_wconf 87' lang='lat' dir='ltr'>manumittere</span> <span class='ocrx_word' id='word_1_259' title='bbox 728 2483 940 2556; x_wconf 88' lang='lat' dir='ltr'>permittendum</span> <span class='ocrx_word' id='word_1_260' title='bbox 954 2499 1016 2539; x_wconf 88' lang='lat' dir='ltr'>esse</span> <span class='ocrx_word' id='word_1_261' title='bbox 1028 2485 1171 2540; x_wconf 81' lang='lat' dir='ltr'>Marcellus</span> <span class='ocrx_word' id='word_1_262' title='bbox 1189 2485 1291 2542; x_wconf 76' lang='lat' dir='ltr'>scnlrit.</span> <span class='ocrx_word' id='word_1_263' title='bbox 1319 2485 1421 2544; x_wconf 85' lang='lat' dir='ltr'>Oousul</span> <span class='ocrx_word' id='word_1_264' title='bbox 1439 2487 1514 2560; x_wconf 90' lang='lat' dir='ltr'>apud</span> 
     </span>
     <span class='ocr_line' id='line_1_25' title="bbox 80 2573 1561 2649; baseline -0.003 -15"><span class='ocrx_word' id='word_1_265' title='bbox 80 2594 113 2634; x_wconf 84' lang='lat' dir='ltr'>se</span> <span class='ocrx_word' id='word_1_266' title='bbox 131 2584 225 2649; x_wconf 86' lang='lat' dir='ltr'>potest</span> <span class='ocrx_word' id='word_1_267' title='bbox 243 2577 443 2648; x_wconf 89' lang='lat' dir='ltr'>manumittere,</span> <span class='ocrx_word' id='word_1_268' title='bbox 462 2576 569 2632; x_wconf 87' lang='lat' dir='ltr'>etiamsi</span> <span class='ocrx_word' id='word_1_269' title='bbox 586 2576 716 2644; x_wconf 87' lang='lat' dir='ltr'>euenerit,</span> <span class='ocrx_word' id='word_1_270' title='bbox 735 2579 766 2630; x_wconf 92' lang='lat' dir='ltr'>ut</span> <span class='ocrx_word' id='word_1_271' title='bbox 783 2575 870 2629; x_wconf 91' lang='lat' dir='ltr'>minor</span> <span class='ocrx_word' id='word_1_272' title='bbox 888 2575 967 2628; x_wconf 87' lang='lat' dir='ltr'>annis</span> <span class='ocrx_word' id='word_1_273' title='bbox 985 2573 1083 2642; x_wconf 82' lang='lat' dir='ltr'>uiginti</span> <span class='ocrx_word' id='word_1_274' title='bbox 1100 2575 1145 2630; x_wconf 87' lang='lat' dir='ltr'>sit</span> <span class='ocrx_word' id='word_1_275' title='bbox 1533 2589 1561 2630; x_wconf 85' lang='lat' dir='ltr'>ae</span> 
     </span>
    </p>

    <p class='ocr_par' dir='ltr' id='par_1_14' title="bbox 19 2662 1577 2823">
     <span class='ocr_line' id='line_1_26' title="bbox 19 2662 1577 2737; baseline -0.004 -12"><span class='ocrx_word' id='word_1_276' title='bbox 19 2670 59 2726; x_wconf 89' lang='grc'>21</span> <span class='ocrx_word' id='word_1_277' title='bbox 135 2667 329 2723; x_wconf 81' lang='lat' dir='ltr'>llonnsrruns</span> <span class='ocrx_word' id='word_1_278' title='bbox 345 2667 414 2722; x_wconf 89' lang='lat' dir='ltr'>libro</span> <span class='ocrx_word' id='word_1_279' title='bbox 431 2667 519 2736; x_wconf 92' lang='lat' dir='ltr'>primo</span> <span class='ocrx_word' id='word_1_280' title='bbox 530 2664 736 2735; x_wconf 88' lang='lat' dir='ltr'>pandectarum.</span> <span class='ocrx_word' id='word_1_281' title='bbox 764 2663 846 2734; x_wconf 85' lang='lat' dir='ltr'>Apud</span> <span class='ocrx_word' id='word_1_282' title='bbox 857 2662 1025 2734; x_wconf 86' lang='lat' dir='ltr'>praefectum</span> <span class='ocrx_word' id='word_1_283' title='bbox 1038 2664 1160 2736; x_wconf 83' lang='lat' dir='ltr'>Aegypti</span> <span class='ocrx_word' id='word_1_284' title='bbox 1171 2679 1283 2734; x_wconf 88' lang='lat' dir='ltr'>possum</span> <span class='ocrx_word' id='word_1_285' title='bbox 1296 2681 1406 2721; x_wconf 87' lang='lat' dir='ltr'>seruum</span> <span class='ocrx_word' id='word_1_286' title='bbox 1419 2681 1513 2722; x_wconf 90' lang='lat' dir='ltr'>manu·</span> <span class='ocrx_word' id='word_1_287' title='bbox 1532 2664 1577 2737; x_wconf 84' lang='lat' dir='ltr'>Es</span> 
     </span>
     <span class='ocr_line' id='line_1_27' title="bbox 81 2753 677 2823; baseline -0.01 -10"><span class='ocrx_word' id='word_1_288' title='bbox 81 2757 193 2813; x_wconf 89' lang='lat' dir='ltr'>mittere</span> <span class='ocrx_word' id='word_1_289' title='bbox 211 2772 245 2810; x_wconf 80' lang='lat' dir='ltr'>er</span> <span class='ocrx_word' id='word_1_290' title='bbox 263 2755 456 2812; x_wconf 89' lang='lat' dir='ltr'>constitutione</span> <span class='ocrx_word' id='word_1_291' title='bbox 474 2754 531 2808; x_wconf 91' lang='lat' dir='ltr'>diui</span> <span class='ocrx_word' id='word_1_292' title='bbox 550 2753 677 2823; x_wconf 79' lang='lat' dir='ltr'>Augusti.</span> 
     </span>
    </p>

    <p class='ocr_par' dir='ltr' id='par_1_15' title="bbox 19 2841 1562 3360">
     <span class='ocr_line' id='line_1_28' title="bbox 19 2841 1559 2927; baseline 0.001 -27"><span class='ocrx_word' id='word_1_293' title='bbox 19 2847 61 2906; x_wconf 83' lang='grc'>22</span> <span class='ocrx_word' id='word_1_294' title='bbox 136 2845 256 2902; x_wconf 81' lang='lat' dir='ltr'>Pnunus</span> <span class='ocrx_word' id='word_1_295' title='bbox 278 2845 347 2900; x_wconf 91' lang='lat' dir='ltr'>libro</span> <span class='ocrx_word' id='word_1_296' title='bbox 365 2843 526 2899; x_wconf 90' lang='lat' dir='ltr'>duodecimo</span> <span class='ocrx_word' id='word_1_297' title='bbox 545 2843 743 2913; x_wconf 88' lang='lat' dir='ltr'>quaestionum.</span> <span class='ocrx_word' id='word_1_298' title='bbox 780 2843 862 2898; x_wconf 85' lang='lat' dir='ltr'>Pater</span> <span class='ocrx_word' id='word_1_299' title='bbox 879 2857 914 2897; x_wconf 86' lang='lat' dir='ltr'>ex</span> <span class='ocrx_word' id='word_1_300' title='bbox 932 2842 1074 2912; x_wconf 87' lang='lat' dir='ltr'>prouincia</span> <span class='ocrx_word' id='word_1_301' title='bbox 1091 2842 1127 2898; x_wconf 91' lang='lat' dir='ltr'>ad</span> <span class='ocrx_word' id='word_1_302' title='bbox 1145 2843 1229 2899; x_wconf 91' lang='lat' dir='ltr'>lilium</span> <span class='ocrx_word' id='word_1_303' title='bbox 1248 2845 1338 2900; x_wconf 87' lang='lat' dir='ltr'>sciens</span> <span class='ocrx_word' id='word_1_304' title='bbox 1357 2841 1513 2927; x_wconf 61' lang='lat' dir='ltr'>[effi</span> <span class='ocrx_word' id='word_1_305' title='bbox 1532 2853 1559 2908; x_wconf 86' lang='lat' dir='ltr'>P</span> 
     </span>
     <span class='ocr_line' id='line_1_29' title="bbox 79 2923 1513 3005; baseline 0 -14"><span class='ocrx_word' id='word_1_306' title='bbox 79 2937 188 2992; x_wconf 83' lang='lat' dir='ltr'>Romae</span> <span class='ocrx_word' id='word_1_307' title='bbox 206 2940 334 3004; x_wconf 80' lang='lat' dir='ltr'>agentem</span> <span class='ocrx_word' id='word_1_308' title='bbox 353 2934 496 3005; x_wconf 88' lang='lat' dir='ltr'>epistulam</span> <span class='ocrx_word' id='word_1_309' title='bbox 515 2931 588 3002; x_wconf 85' lang='lat' dir='ltr'>iacit,</span> <span class='ocrx_word' id='word_1_310' title='bbox 606 2947 676 3002; x_wconf 90' lang='lat' dir='ltr'>quae</span> <span class='ocrx_word' id='word_1_311' title='bbox 694 2932 818 3002; x_wconf 84' lang='lat' dir='ltr'>permisit</span> <span class='ocrx_word' id='word_1_312' title='bbox 836 2933 869 3001; x_wconf 91' lang='lat' dir='ltr'>ei,</span> <span class='ocrx_word' id='word_1_313' title='bbox 887 2945 969 3000; x_wconf 88' lang='lat' dir='ltr'>quem</span> <span class='ocrx_word' id='word_1_314' title='bbox 987 2932 1070 2987; x_wconf 89' lang='lat' dir='ltr'>uellet</span> <span class='ocrx_word' id='word_1_315' title='bbox 1081 2948 1116 2987; x_wconf 85' lang='lat' dir='ltr'>er</span> <span class='ocrx_word' id='word_1_316' title='bbox 1128 2933 1223 3003; x_wconf 90' lang='lat' dir='ltr'>seruis,</span> <span class='ocrx_word' id='word_1_317' title='bbox 1242 2949 1311 3004; x_wconf 89' lang='lat' dir='ltr'>quos</span> <span class='ocrx_word' id='word_1_318' title='bbox 1323 2935 1351 2990; x_wconf 92' lang='lat' dir='ltr'>iu</span> <span class='ocrx_word' id='word_1_319' title='bbox 1364 2923 1513 2991; x_wconf 54' lang='lat' dir='ltr'>sinistans</span> 
     </span>
     <span class='ocr_line' id='line_1_30' title="bbox 80 3019 1562 3095; baseline -0.003 -14"><span class='ocrx_word' id='word_1_320' title='bbox 80 3041 178 3081; x_wconf 88' lang='lat' dir='ltr'>secum</span> <span class='ocrx_word' id='word_1_321' title='bbox 196 3024 240 3080; x_wconf 85' lang='lat' dir='ltr'>lric</span> <span class='ocrx_word' id='word_1_322' title='bbox 257 3022 384 3092; x_wconf 86' lang='lat' dir='ltr'>habebat,</span> <span class='ocrx_word' id='word_1_323' title='bbox 403 3023 525 3076; x_wconf 91' lang='lat' dir='ltr'>uindicta</span> <span class='ocrx_word' id='word_1_324' title='bbox 541 3021 669 3077; x_wconf 90' lang='lat' dir='ltr'>liberare:</span> <span class='ocrx_word' id='word_1_325' title='bbox 687 3027 752 3092; x_wconf 92' lang='lat' dir='ltr'>post</span> <span class='ocrx_word' id='word_1_326' title='bbox 768 3037 850 3092; x_wconf 89' lang='lat' dir='ltr'>quam</span> <span class='ocrx_word' id='word_1_327' title='bbox 869 3019 941 3076; x_wconf 90' lang='lat' dir='ltr'>filius</span> <span class='ocrx_word' id='word_1_328' title='bbox 959 3021 1080 3077; x_wconf 87' lang='lat' dir='ltr'>Stichum</span> <span class='ocrx_word' id='word_1_329' title='bbox 1093 3024 1250 3078; x_wconf 87' lang='lat' dir='ltr'>manumisit</span> <span class='ocrx_word' id='word_1_330' title='bbox 1261 3023 1336 3094; x_wconf 86' lang='lat' dir='ltr'>apud</span> <span class='ocrx_word' id='word_1_331' title='bbox 1346 3030 1513 3095; x_wconf 89' lang='lat' dir='ltr'>praetorem:</span> <span class='ocrx_word' id='word_1_332' title='bbox 1534 3036 1562 3078; x_wconf 85' lang='lat' dir='ltr'>co</span> 
     </span>
     <span class='ocr_line' id='line_1_31' title="bbox 80 3109 1514 3185; baseline -0.001 -16"><span class='ocrx_word' id='word_1_333' title='bbox 80 3129 201 3185; x_wconf 88' lang='lat' dir='ltr'>quaero,</span> <span class='ocrx_word' id='word_1_334' title='bbox 225 3129 261 3167; x_wconf 92' lang='lat' dir='ltr'>an</span> <span class='ocrx_word' id='word_1_335' title='bbox 278 3111 374 3167; x_wconf 84' lang='lat' dir='ltr'>iecerit</span> <span class='ocrx_word' id='word_1_336' title='bbox 390 3111 514 3166; x_wconf 88' lang='lat' dir='ltr'>liberum.</span> <span class='ocrx_word' id='word_1_337' title='bbox 544 3111 688 3181; x_wconf 90' lang='lat' dir='ltr'>respondi:</span> <span class='ocrx_word' id='word_1_338' title='bbox 712 3125 797 3180; x_wconf 85' lang='lat' dir='ltr'>quare</span> <span class='ocrx_word' id='word_1_339' title='bbox 815 3125 869 3165; x_wconf 92' lang='lat' dir='ltr'>nou</span> <span class='ocrx_word' id='word_1_340' title='bbox 888 3109 940 3166; x_wconf 90' lang='lat' dir='ltr'>hoc</span> <span class='ocrx_word' id='word_1_341' title='bbox 957 3125 1118 3166; x_wconf 88' lang='lat' dir='ltr'>eoncessum</span> <span class='ocrx_word' id='word_1_342' title='bbox 1137 3113 1281 3168; x_wconf 90' lang='lat' dir='ltr'>credamus</span> <span class='ocrx_word' id='word_1_343' title='bbox 1297 3114 1383 3183; x_wconf 91' lang='lat' dir='ltr'>patri,</span> <span class='ocrx_word' id='word_1_344' title='bbox 1404 3117 1437 3169; x_wconf 88' lang='lat' dir='ltr'>ut</span> <span class='ocrx_word' id='word_1_345' title='bbox 1453 3130 1514 3184; x_wconf 88' lang='lat' dir='ltr'>per·</span> 
     </span>
     <span class='ocr_line' id='line_1_32' title="bbox 80 3199 1514 3272; baseline 0.001 -13"><span class='ocrx_word' id='word_1_346' title='bbox 80 3204 193 3260; x_wconf 85' lang='lat' dir='ltr'>mittere</span> <span class='ocrx_word' id='word_1_347' title='bbox 209 3206 298 3272; x_wconf 84' lang='lat' dir='ltr'>possit</span> <span class='ocrx_word' id='word_1_348' title='bbox 314 3199 369 3257; x_wconf 86' lang='lat' dir='ltr'>filio</span> <span class='ocrx_word' id='word_1_349' title='bbox 387 3217 421 3256; x_wconf 85' lang='lat' dir='ltr'>ex</span> <span class='ocrx_word' id='word_1_350' title='bbox 439 3200 490 3270; x_wconf 91' lang='lat' dir='ltr'>his,</span> <span class='ocrx_word' id='word_1_351' title='bbox 508 3215 578 3270; x_wconf 91' lang='lat' dir='ltr'>quos</span> <span class='ocrx_word' id='word_1_352' title='bbox 589 3201 617 3256; x_wconf 89' lang='lat' dir='ltr'>in</span> <span class='ocrx_word' id='word_1_353' title='bbox 629 3201 780 3255; x_wconf 90' lang='lat' dir='ltr'>ministerio</span> <span class='ocrx_word' id='word_1_354' title='bbox 792 3199 913 3270; x_wconf 89' lang='lat' dir='ltr'>haberet,</span> <span class='ocrx_word' id='word_1_355' title='bbox 932 3201 1143 3256; x_wconf 84' lang='lat' dir='ltr'>manumittere?</span> <span class='ocrx_word' id='word_1_356' title='bbox 1169 3203 1255 3258; x_wconf 91' lang='lat' dir='ltr'>solam</span> <span class='ocrx_word' id='word_1_357' title='bbox 1268 3204 1339 3259; x_wconf 91' lang='lat' dir='ltr'>enim</span> <span class='ocrx_word' id='word_1_358' title='bbox 1352 3203 1514 3260; x_wconf 88' lang='lat' dir='ltr'>electionem</span> 
     </span>
     <span class='ocr_line' id='line_1_33' title="bbox 79 3290 711 3360; baseline -0.009 -11"><span class='ocrx_word' id='word_1_359' title='bbox 79 3292 139 3350; x_wconf 86' lang='lat' dir='ltr'>tilio</span> <span class='ocrx_word' id='word_1_360' title='bbox 158 3292 301 3360; x_wconf 87' lang='lat' dir='ltr'>concessit,</span> <span class='ocrx_word' id='word_1_361' title='bbox 319 3295 440 3345; x_wconf 89' lang='lat' dir='ltr'>ceterum</span> <span class='ocrx_word' id='word_1_362' title='bbox 458 3291 518 3360; x_wconf 90' lang='lat' dir='ltr'>ipse</span> <span class='ocrx_word' id='word_1_363' title='bbox 537 3290 711 3344; x_wconf 90' lang='lat' dir='ltr'>manumittit.</span> 
     </span>
    </p>

    <p class='ocr_par' dir='ltr' id='par_1_16' title="bbox 19 3379 1666 3540">
     <span class='ocr_line' id='line_1_34' title="bbox 19 3379 1559 3451; baseline -0.001 -15"><span class='ocrx_word' id='word_1_364' title='bbox 19 3384 59 3444; x_wconf 71' lang='grc'>23</span> <span class='ocrx_word' id='word_1_365' title='bbox 137 3381 396 3436; x_wconf 80' lang='lat' dir='ltr'>Hsuuocnursuus</span> <span class='ocrx_word' id='word_1_366' title='bbox 419 3379 488 3435; x_wconf 87' lang='lat' dir='ltr'>libro</span> <span class='ocrx_word' id='word_1_367' title='bbox 505 3380 593 3450; x_wconf 89' lang='lat' dir='ltr'>primo</span> <span class='ocrx_word' id='word_1_368' title='bbox 610 3379 677 3435; x_wconf 89' lang='lat' dir='ltr'>iuris</span> <span class='ocrx_word' id='word_1_369' title='bbox 695 3379 883 3448; x_wconf 86' lang='lat' dir='ltr'>epitomarum.</span> <span class='ocrx_word' id='word_1_370' title='bbox 919 3379 1095 3436; x_wconf 79' lang='lat' dir='ltr'>Manumissio</span> <span class='ocrx_word' id='word_1_371' title='bbox 1113 3395 1162 3451; x_wconf 89' lang='lat' dir='ltr'>per</span> <span class='ocrx_word' id='word_1_372' title='bbox 1179 3381 1288 3436; x_wconf 88' lang='lat' dir='ltr'>lictores</span> <span class='ocrx_word' id='word_1_373' title='bbox 1304 3379 1386 3437; x_wconf 90' lang='lat' dir='ltr'>hodie</span> <span class='ocrx_word' id='word_1_374' title='bbox 1404 3380 1514 3438; x_wconf 91' lang='lat' dir='ltr'>domino</span> <span class='ocrx_word' id='word_1_375' title='bbox 1532 3381 1559 3434; x_wconf 92' lang='lat' dir='ltr'><em>P</em></span> 
     </span>
     <span class='ocr_line' id='line_1_35' title="bbox 79 3464 1666 3540; baseline -0.002 -12"><span class='ocrx_word' id='word_1_376' title='bbox 79 3475 193 3528; x_wconf 77' lang='lat' dir='ltr'>tacente</span> <span class='ocrx_word' id='word_1_377' title='bbox 211 3469 333 3540; x_wconf 86' lang='lat' dir='ltr'>expediri</span> <span class='ocrx_word' id='word_1_378' title='bbox 351 3471 428 3539; x_wconf 88' lang='lat' dir='ltr'>solet,</span> <span class='ocrx_word' id='word_1_379' title='bbox 447 3473 476 3524; x_wconf 90' lang='lat' dir='ltr'>et</span> <span class='ocrx_word' id='word_1_380' title='bbox 492 3467 578 3523; x_wconf 89' lang='lat' dir='ltr'>uerba</span> <span class='ocrx_word' id='word_1_381' title='bbox 596 3469 738 3524; x_wconf 80' lang='lat' dir='ltr'>sollemnia</span> <span class='ocrx_word' id='word_1_382' title='bbox 755 3469 818 3522; x_wconf 91' lang='lat' dir='ltr'>licet</span> <span class='ocrx_word' id='word_1_383' title='bbox 836 3481 890 3523; x_wconf 89' lang='lat' dir='ltr'>non</span> <span class='ocrx_word' id='word_1_384' title='bbox 908 3468 1043 3538; x_wconf 88' lang='lat' dir='ltr'>dicantur,</span> <span class='ocrx_word' id='word_1_385' title='bbox 1062 3474 1093 3524; x_wconf 92' lang='lat' dir='ltr'>ut</span> <span class='ocrx_word' id='word_1_386' title='bbox 1111 3469 1185 3524; x_wconf 87' lang='lat' dir='ltr'>dicta</span> <span class='ocrx_word' id='word_1_387' title='bbox 1202 3470 1380 3540; x_wconf 83' lang='lat' dir='ltr'>accipiuntur.</span> <span class='ocrx_word' id='word_1_388' title='bbox 1533 3485 1561 3525; x_wconf 86' lang='lat' dir='ltr'>ss</span> <span class='ocrx_word' id='word_1_389' title='bbox 1662 3464 1666 3472; x_wconf 87' lang='grc'>’</span> 
     </span>
    </p>

    <p class='ocr_par' dir='ltr' id='par_1_17' title="bbox 19 3555 1559 3812">
     <span class='ocr_line' id='line_1_36' title="bbox 19 3555 1559 3644; baseline -0.001 -29"><span class='ocrx_word' id='word_1_390' title='bbox 19 3583 58 3640; x_wconf 71' lang='lat'>24</span> <span class='ocrx_word' id='word_1_391' title='bbox 137 3561 256 3616; x_wconf 79' lang='lat' dir='ltr'>Faunus</span> <span class='ocrx_word' id='word_1_392' title='bbox 275 3558 344 3614; x_wconf 89' lang='lat' dir='ltr'>libro</span> <span class='ocrx_word' id='word_1_393' title='bbox 362 3559 483 3614; x_wconf 89' lang='lat' dir='ltr'>secundo</span> <span class='ocrx_word' id='word_1_394' title='bbox 501 3558 537 3614; x_wconf 92' lang='lat' dir='ltr'>ad</span> <span class='ocrx_word' id='word_1_395' title='bbox 555 3559 704 3614; x_wconf 88' lang='lat' dir='ltr'>Neratium.</span> <span class='ocrx_word' id='word_1_396' title='bbox 741 3557 862 3627; x_wconf 90' lang='lat' dir='ltr'>Pupillus</span> <span class='ocrx_word' id='word_1_397' title='bbox 881 3558 927 3625; x_wconf 92' lang='lat' dir='ltr'>qui</span> <span class='ocrx_word' id='word_1_398' title='bbox 945 3555 1034 3613; x_wconf 86' lang='lat' dir='ltr'>infans</span> <span class='ocrx_word' id='word_1_399' title='bbox 1051 3573 1107 3613; x_wconf 90' lang='lat' dir='ltr'>non</span> <span class='ocrx_word' id='word_1_400' title='bbox 1125 3563 1167 3614; x_wconf 88' lang='lat' dir='ltr'>eat</span> <span class='ocrx_word' id='word_1_401' title='bbox 1185 3557 1258 3627; x_wconf 91' lang='lat' dir='ltr'>apud</span> <span class='ocrx_word' id='word_1_402' title='bbox 1276 3573 1339 3613; x_wconf 90' lang='lat' dir='ltr'>con·</span> <span class='ocrx_word' id='word_1_403' title='bbox 1358 3555 1513 3644; x_wconf 51' lang='grc' dir='ltr'>[Μ</span> <span class='ocrx_word' id='word_1_404' title='bbox 1532 3568 1559 3621; x_wconf 88' lang='lat' dir='ltr'><strong><em>P</em></strong></span> 
     </span>
     <span class='ocr_line' id='line_1_37' title="bbox 78 3646 1514 3718; baseline -0.001 -11"><span class='ocrx_word' id='word_1_405' title='bbox 78 3651 174 3708; x_wconf 88' lang='lat' dir='ltr'>silium</span> <span class='ocrx_word' id='word_1_406' title='bbox 192 3653 267 3704; x_wconf 87' lang='lat' dir='ltr'>reete</span> <span class='ocrx_word' id='word_1_407' title='bbox 281 3649 454 3704; x_wconf 89' lang='lat' dir='ltr'>manumittit.</span> <span class='ocrx_word' id='word_1_408' title='bbox 481 3649 613 3704; x_wconf 79' lang='lat' dir='ltr'>Paunus:</span> <span class='ocrx_word' id='word_1_409' title='bbox 632 3646 735 3702; x_wconf 87' lang='lat' dir='ltr'>scillcet</span> <span class='ocrx_word' id='word_1_410' title='bbox 752 3652 842 3702; x_wconf 88' lang='lat' dir='ltr'>tutore</span> <span class='ocrx_word' id='word_1_411' title='bbox 861 3651 980 3717; x_wconf 86' lang='lat' dir='ltr'>auctore,</span> <span class='ocrx_word' id='word_1_412' title='bbox 999 3648 1039 3702; x_wconf 89' lang='lat' dir='ltr'>ita</span> <span class='ocrx_word' id='word_1_413' title='bbox 1055 3653 1156 3717; x_wconf 89' lang='lat' dir='ltr'>tamen,</span> <span class='ocrx_word' id='word_1_414' title='bbox 1176 3651 1207 3702; x_wconf 90' lang='lat' dir='ltr'>ut</span> <span class='ocrx_word' id='word_1_415' title='bbox 1223 3647 1359 3718; x_wconf 90' lang='lat' dir='ltr'>peculium</span> <span class='ocrx_word' id='word_1_416' title='bbox 1378 3664 1441 3704; x_wconf 91' lang='lat' dir='ltr'>eum</span> <span class='ocrx_word' id='word_1_417' title='bbox 1458 3665 1514 3705; x_wconf 91' lang='lat' dir='ltr'>uon</span> 
     </span>
     <span class='ocr_line' id='line_1_38' title="bbox 76 3745 222 3812; baseline -0.034 -14"><span class='ocrx_word' id='word_1_418' title='bbox 76 3745 222 3812; x_wconf 81' lang='lat' dir='ltr'>sequatur.</span> 
     </span>
    </p>

    <p class='ocr_par' dir='ltr' id='par_1_18' title="bbox 19 3823 1559 3912">
     <span class='ocr_line' id='line_1_39' title="bbox 19 3823 1559 3912; baseline 0.003 -28"><span class='ocrx_word' id='word_1_419' title='bbox 19 3853 56 3911; x_wconf 68' lang='lat'>25</span> <span class='ocrx_word' id='word_1_420' title='bbox 136 3829 230 3884; x_wconf 74' lang='lat' dir='ltr'>Gutus</span> <span class='ocrx_word' id='word_1_421' title='bbox 253 3825 322 3882; x_wconf 91' lang='lat' dir='ltr'>libro</span> <span class='ocrx_word' id='word_1_422' title='bbox 343 3828 428 3898; x_wconf 92' lang='lat' dir='ltr'>primo</span> <span class='ocrx_word' id='word_1_423' title='bbox 453 3827 487 3883; x_wconf 92' lang='lat' dir='ltr'>de</span> <span class='ocrx_word' id='word_1_424' title='bbox 511 3824 777 3882; x_wconf 89' lang='lat' dir='ltr'>manumissionibus.</span> <span class='ocrx_word' id='word_1_425' title='bbox 814 3823 844 3880; x_wconf 86' lang='lat' dir='ltr'>Si</span> <span class='ocrx_word' id='word_1_426' title='bbox 867 3825 965 3881; x_wconf 87' lang='lat' dir='ltr'>tutoris</span> <span class='ocrx_word' id='word_1_427' title='bbox 983 3823 1102 3880; x_wconf 90' lang='lat' dir='ltr'>habendi</span> <span class='ocrx_word' id='word_1_428' title='bbox 1120 3841 1204 3882; x_wconf 89' lang='lat' dir='ltr'>causa</span> <span class='ocrx_word' id='word_1_429' title='bbox 1222 3827 1340 3897; x_wconf 87' lang='lat' dir='ltr'>pupillus</span> <span class='ocrx_word' id='word_1_430' title='bbox 1357 3823 1514 3912; x_wconf 44' lang='lat' dir='ltr'>[Haut-a</span> <span class='ocrx_word' id='word_1_431' title='bbox 1532 3833 1559 3888; x_wconf 94' lang='lat' dir='ltr'><em>P</em></span> 
     </span>
    </p>
   </div>
   <div class='ocr_carea' id='block_1_5' title="bbox 75 3953 397 4194">
    <p class='ocr_par' dir='ltr' id='par_1_19' title="bbox 75 3953 397 4194">
     <span class='ocr_line' id='line_1_40' title="bbox 75 3953 397 4024; baseline -0.012 -12"><span class='ocrx_word' id='word_1_432' title='bbox 75 3955 108 4012; x_wconf 83' lang='lat' dir='ltr'><em>F</em></span> <span class='ocrx_word' id='word_1_433' title='bbox 106 3953 153 4024; x_wconf 85' lang='grc' dir='ltr'>(Χ</span> <span class='ocrx_word' id='word_1_434' title='bbox 157 3953 299 4022; x_wconf 82' lang='lat' dir='ltr'><em>YZMOO)</em></span> <span class='ocrx_word' id='word_1_435' title='bbox 391 4007 397 4018; x_wconf 80' lang='grc'><strong>,</strong></span> 
     </span>
     <span class='ocr_line' id='line_1_41' title="bbox 75 4123 394 4194; baseline -0.013 -14"><span class='ocrx_word' id='word_1_436' title='bbox 75 4131 88 4164; x_wconf 86' lang='lat'><em>¹</em></span> <span class='ocrx_word' id='word_1_437' title='bbox 111 4123 233 4194; x_wconf 90' lang='lat' dir='ltr'>quinque</span> <span class='ocrx_word' id='word_1_438' title='bbox 251 4124 298 4177; x_wconf 84' lang='lat' dir='ltr'>del.</span> <span class='ocrx_word' id='word_1_439' title='bbox 317 4124 351 4191; x_wconf 84' lang='lat' dir='ltr'>(u.</span> <span class='ocrx_word' id='word_1_440' title='bbox 365 4124 394 4190; x_wconf 81' lang='lat' dir='ltr'>i.)</span> 
     </span>
    </p>
   </div>
   <div class='ocr_carea' id='block_1_6' title="bbox 70 4290 1516 5151">
    <p class='ocr_par' dir='ltr' id='par_1_20' title="bbox 70 4290 1516 5151">
     <span class='ocr_line' id='line_1_42' title="bbox 73 4290 1513 4363; baseline 0.001 -17"><span class='ocrx_word' id='word_1_441' title='bbox 73 4299 93 4352; x_wconf 92' lang='lat'>1</span> <span class='ocrx_word' id='word_1_442' title='bbox 125 4292 198 4347; x_wconf 68' lang='lat' dir='ltr'>*hac</span> <span class='ocrx_word' id='word_1_443' title='bbox 226 4292 288 4360; x_wconf 81' lang='lat' dir='ltr'>lege</span> <span class='ocrx_word' id='word_1_444' title='bbox 318 4292 357 4344; x_wconf 65' lang='grc' dir='ltr'><strong>Ρ</strong></span> <span class='ocrx_word' id='word_1_445' title='bbox 450 4292 468 4345; x_wconf 97' lang='grc'>2</span> <span class='ocrx_word' id='word_1_446' title='bbox 496 4290 772 4347; x_wconf 68' lang='lat' dir='ltr'>manumissionibus</span> <span class='ocrx_word' id='word_1_447' title='bbox 825 4292 889 4362; x_wconf 87' lang='lat' dir='ltr'>non]</span> <span class='ocrx_word' id='word_1_448' title='bbox 901 4292 1057 4357; x_wconf 77' lang='lat' dir='ltr'>FX‘Z‘OO,</span> <span class='ocrx_word' id='word_1_449' title='bbox 1069 4310 1117 4346; x_wconf 89' lang='lat' dir='ltr'>om.</span> <span class='ocrx_word' id='word_1_450' title='bbox 1127 4291 1277 4347; x_wconf 76' lang='lat' dir='ltr'>X⁶YZ⁶M:</span> <span class='ocrx_word' id='word_1_451' title='bbox 1288 4291 1339 4347; x_wconf 84' lang='lat' dir='ltr'>‘lex</span> <span class='ocrx_word' id='word_1_452' title='bbox 1351 4292 1455 4363; x_wconf 81' lang='lat' dir='ltr'>slupra)</span> <span class='ocrx_word' id='word_1_453' title='bbox 1467 4293 1513 4348; x_wconf 91' lang='lat' dir='ltr'>t.1</span> 
     </span>
     <span class='ocr_line' id='line_1_43' title="bbox 71 4361 1515 4444; baseline -0.003 -21"><span class='ocrx_word' id='word_1_454' title='bbox 71 4363 226 4423; x_wconf 71' lang='lat' dir='ltr'>illiu&#39;stiut</span> <span class='ocrx_word' id='word_1_455' title='bbox 244 4367 296 4444; x_wconf 70' lang='lat' dir='ltr'>(sic</span> <span class='ocrx_word' id='word_1_456' title='bbox 311 4361 356 4426; x_wconf 75' lang='lat' dir='ltr'>F‘,</span> <span class='ocrx_word' id='word_1_457' title='bbox 379 4361 450 4417; x_wconf 91' lang='lat' dir='ltr'>illius</span> <span class='ocrx_word' id='word_1_458' title='bbox 474 4369 628 4417; x_wconf 74' lang='lat' dir='ltr'>emeritens</span> <span class='ocrx_word' id='word_1_459' title='bbox 647 4383 678 4415; x_wconf 85' lang='lat' dir='ltr'>m.</span> <span class='ocrx_word' id='word_1_460' title='bbox 694 4365 710 4418; x_wconf 89' lang='lat'><em>1</em></span> <span class='ocrx_word' id='word_1_461' title='bbox 728 4383 772 4417; x_wconf 83' lang='lat' dir='ltr'>ne-</span> <span class='ocrx_word' id='word_1_462' title='bbox 824 4363 909 4434; x_wconf 88' lang='lat' dir='ltr'>Apud</span> <span class='ocrx_word' id='word_1_463' title='bbox 936 4365 979 4433; x_wconf 91' lang='lat'>[=</span> <span class='ocrx_word' id='word_1_464' title='bbox 996 4364 1135 4433; x_wconf 81' lang='lat'>40,1,14]</span> <span class='ocrx_word' id='word_1_465' title='bbox 1159 4363 1308 4419; x_wconf 78' lang='lat' dir='ltr'>concordat</span> <span class='ocrx_word' id='word_1_466' title='bbox 1329 4362 1407 4418; x_wconf 82' lang='lat' dir='ltr'>huie:</span> <span class='ocrx_word' id='word_1_467' title='bbox 1430 4377 1515 4433; x_wconf 73' lang='lat' dir='ltr'>quare</span> 
     </span>
     <span class='ocr_line' id='line_1_44' title="bbox 70 4432 1515 4512; baseline -0.001 -20"><span class='ocrx_word' id='word_1_468' title='bbox 70 4440 165 4512; x_wconf 68' lang='lat' dir='ltr'>plecta</span> <span class='ocrx_word' id='word_1_469' title='bbox 177 4435 221 4499; x_wconf 76' lang='grc' dir='ltr'>Ρ)</span> <span class='ocrx_word' id='word_1_470' title='bbox 239 4432 407 4504; x_wconf 83' lang='lat' dir='ltr'>proha&#39;bsre</span> <span class='ocrx_word' id='word_1_471' title='bbox 420 4437 478 4498; x_wconf 76' lang='lat' dir='ltr'>laic)</span> <span class='ocrx_word' id='word_1_472' title='bbox 491 4434 534 4496; x_wconf 72' lang='grc' dir='ltr'><strong>Ρ,</strong></span> <span class='ocrx_word' id='word_1_473' title='bbox 553 4435 773 4489; x_wconf 88' lang='lat' dir='ltr'>manumissionis</span> <span class='ocrx_word' id='word_1_474' title='bbox 825 4435 975 4490; x_wconf 90' lang='lat' dir='ltr'>secundum</span> <span class='ocrx_word' id='word_1_475' title='bbox 1003 4437 1212 4501; x_wconf 79' lang='lat' dir='ltr'>Pllaceutiuum)</span> <span class='ocrx_word' id='word_1_476' title='bbox 1238 4434 1381 4504; x_wconf 84' lang='lat' dir='ltr'>utrobique</span> <span class='ocrx_word' id='word_1_477' title='bbox 1404 4436 1515 4506; x_wconf 88' lang='lat' dir='ltr'>ponitur</span> 
     </span>
     <span class='ocr_line' id='line_1_45' title="bbox 72 4505 1514 4578; baseline -0.002 -12"><span class='ocrx_word' id='word_1_478' title='bbox 72 4509 163 4566; x_wconf 79' lang='lat' dir='ltr'>istius</span> <span class='ocrx_word' id='word_1_479' title='bbox 187 4507 277 4571; x_wconf 85' lang='lat' dir='ltr'>(istius</span> <span class='ocrx_word' id='word_1_480' title='bbox 295 4523 343 4558; x_wconf 79' lang='grc' dir='ltr'>οοι.</span> <span class='ocrx_word' id='word_1_481' title='bbox 359 4505 391 4569; x_wconf 92' lang='lat'>0,</span> <span class='ocrx_word' id='word_1_482' title='bbox 409 4505 481 4560; x_wconf 93' lang='lat' dir='ltr'>illius</span> <span class='ocrx_word' id='word_1_483' title='bbox 501 4506 535 4572; x_wconf 82' lang='lat'>0)</span> <span class='ocrx_word' id='word_1_484' title='bbox 557 4505 673 4575; x_wconf 88' lang='lat' dir='ltr'>probare</span> <span class='ocrx_word' id='word_1_485' title='bbox 691 4507 774 4561; x_wconf 84' lang='lat' dir='ltr'>XYZ</span> <span class='ocrx_word' id='word_1_486' title='bbox 826 4523 879 4562; x_wconf 92' lang='lat' dir='ltr'>uon</span> <span class='ocrx_word' id='word_1_487' title='bbox 899 4513 927 4562; x_wconf 89' lang='lat' dir='ltr'>et</span> <span class='ocrx_word' id='word_1_488' title='bbox 945 4508 985 4562; x_wconf 89' lang='lat' dir='ltr'>sic</span> <span class='ocrx_word' id='word_1_489' title='bbox 998 4509 1079 4563; x_wconf 91' lang='lat' dir='ltr'>astiu</span> <span class='ocrx_word' id='word_1_490' title='bbox 1091 4508 1182 4562; x_wconf 88' lang='lat' dir='ltr'>littera</span> <span class='ocrx_word' id='word_1_491' title='bbox 1193 4507 1343 4578; x_wconf 89' lang='lat' dir='ltr'>pandecte:</span> <span class='ocrx_word' id='word_1_492' title='bbox 1361 4509 1390 4562; x_wconf 93' lang='lat' dir='ltr'>in</span> <span class='ocrx_word' id='word_1_493' title='bbox 1403 4506 1514 4578; x_wconf 90' lang='lat' dir='ltr'>quibus·</span> 
     </span>
     <span class='ocr_line' id='line_1_46' title="bbox 73 4576 1514 4648; baseline 0.001 -15"><span class='ocrx_word' id='word_1_494' title='bbox 73 4579 180 4636; x_wconf 80' lang='lat' dir='ltr'><em>MOC:</em></span> <span class='ocrx_word' id='word_1_495' title='bbox 204 4579 309 4640; x_wconf 67' lang='lat' dir='ltr'>diuersi</span> <span class='ocrx_word' id='word_1_496' title='bbox 330 4576 438 4640; x_wconf 74' lang='grc' dir='ltr'>εῨλοΓοιι</span> <span class='ocrx_word' id='word_1_497' title='bbox 458 4577 539 4630; x_wconf 77' lang='lat' dir='ltr'>siries</span> <span class='ocrx_word' id='word_1_498' title='bbox 558 4577 606 4631; x_wconf 76' lang='lat' dir='ltr'>uic</span> <span class='ocrx_word' id='word_1_499' title='bbox 624 4576 773 4648; x_wconf 77' lang='lat' dir='ltr'>&#39;eterdepiac</span> <span class='ocrx_word' id='word_1_500' title='bbox 826 4579 889 4633; x_wconf 85' lang='lat' dir='ltr'>dam</span> <span class='ocrx_word' id='word_1_501' title='bbox 908 4585 1001 4634; x_wconf 78' lang='lat' dir='ltr'>tamen</span> <span class='ocrx_word' id='word_1_502' title='bbox 1022 4579 1098 4634; x_wconf 89' lang='lat' dir='ltr'>libris</span> <span class='ocrx_word' id='word_1_503' title='bbox 1121 4579 1165 4634; x_wconf 88' lang='lat' dir='ltr'>hic</span> <span class='ocrx_word' id='word_1_504' title='bbox 1189 4577 1282 4634; x_wconf 83' lang='lat' dir='ltr'>deficit</span> <span class='ocrx_word' id='word_1_505' title='bbox 1299 4594 1353 4633; x_wconf 88' lang='lat' dir='ltr'>nou</span> <span class='ocrx_word' id='word_1_506' title='bbox 1371 4581 1401 4633; x_wconf 78' lang='lat' dir='ltr'>et</span> <span class='ocrx_word' id='word_1_507' title='bbox 1418 4595 1514 4634; x_wconf 82' lang='lat' dir='ltr'>secun·</span> 
     </span>
     <span class='ocr_line' id='line_1_47' title="bbox 72 4648 1514 4720; baseline -0.002 -13"><span class='ocrx_word' id='word_1_508' title='bbox 72 4651 165 4708; x_wconf 74' lang='lat' dir='ltr'>eineis</span> <span class='ocrx_word' id='word_1_509' title='bbox 189 4648 205 4703; x_wconf 90' lang='grc' dir='ltr'><strong>ὁ</strong></span> <span class='ocrx_word' id='word_1_510' title='bbox 227 4649 344 4702; x_wconf 56' lang='lat' dir='ltr'>tumme</span> <span class='ocrx_word' id='word_1_511' title='bbox 366 4649 411 4702; x_wconf 85' lang='lat' dir='ltr'>BS</span> <span class='ocrx_word' id='word_1_512' title='bbox 429 4649 519 4714; x_wconf 87' lang='lat' dir='ltr'>(Dor.)</span> <span class='ocrx_word' id='word_1_513' title='bbox 579 4651 597 4703; x_wconf 80' lang='lat'>5</span> <span class='ocrx_word' id='word_1_514' title='bbox 615 4649 774 4704; x_wconf 89' lang='lat' dir='ltr'>aestimatur</span> <span class='ocrx_word' id='word_1_515' title='bbox 827 4651 892 4706; x_wconf 91' lang='lat' dir='ltr'>dum</span> <span class='ocrx_word' id='word_1_516' title='bbox 911 4651 962 4706; x_wconf 89' lang='lat' dir='ltr'>hcc</span> <span class='ocrx_word' id='word_1_517' title='bbox 981 4653 1026 4706; x_wconf 88' lang='lat' dir='ltr'>illa</span> <span class='ocrx_word' id='word_1_518' title='bbox 1044 4651 1126 4720; x_wconf 91' lang='lat' dir='ltr'>Apud</span> <span class='ocrx_word' id='word_1_519' title='bbox 1151 4657 1194 4705; x_wconf 87' lang='lat' dir='ltr'>est</span> <span class='ocrx_word' id='word_1_520' title='bbox 1218 4651 1354 4706; x_wconf 87' lang='lat' dir='ltr'>contraria</span> <span class='ocrx_word' id='word_1_521' title='bbox 1371 4657 1399 4705; x_wconf 90' lang='lat' dir='ltr'>et</span> <span class='ocrx_word' id='word_1_522' title='bbox 1416 4651 1462 4706; x_wconf 87' lang='lat' dir='ltr'>illa</span> <span class='ocrx_word' id='word_1_523' title='bbox 1479 4651 1514 4704; x_wconf 92' lang='lat' dir='ltr'>de</span> 
     </span>
     <span class='ocr_line' id='line_1_48' title="bbox 72 4719 1514 4792; baseline 0 -16"><span class='ocrx_word' id='word_1_524' title='bbox 72 4727 139 4788; x_wconf 61' lang='lat' dir='ltr'>(arc)</span> <span class='ocrx_word' id='word_1_525' title='bbox 153 4722 192 4774; x_wconf 85' lang='lat' dir='ltr'>F²</span> <span class='ocrx_word' id='word_1_526' title='bbox 237 4719 433 4782; x_wconf 81' lang='lat' dir='ltr'>laedetlsed</span> <span class='ocrx_word' id='word_1_527' title='bbox 449 4720 480 4783; x_wconf 84' lang='lat' dir='ltr'>Y,</span> <span class='ocrx_word' id='word_1_528' title='bbox 499 4719 548 4774; x_wconf 89' lang='lat' dir='ltr'>sed</span> <span class='ocrx_word' id='word_1_529' title='bbox 566 4721 655 4775; x_wconf 90' lang='lat' dir='ltr'>nonO</span> <span class='ocrx_word' id='word_1_530' title='bbox 668 4731 774 4792; x_wconf 75' lang='lat' dir='ltr'>propter</span> <span class='ocrx_word' id='word_1_531' title='bbox 827 4721 984 4778; x_wconf 87' lang='lat' dir='ltr'>consulibus</span> <span class='ocrx_word' id='word_1_532' title='bbox 1008 4723 1224 4792; x_wconf 79' lang='lat'>[=1‚10,1,2]</span> <span class='ocrx_word' id='word_1_533' title='bbox 1250 4727 1293 4777; x_wconf 88' lang='lat' dir='ltr'>cst</span> <span class='ocrx_word' id='word_1_534' title='bbox 1314 4720 1514 4778; x_wconf 85' lang='lat' dir='ltr'>concordantia&#39;</span> 
     </span>
     <span class='ocr_line' id='line_1_49' title="bbox 72 4791 1514 4866; baseline 0.001 -20"><span class='ocrx_word' id='word_1_535' title='bbox 72 4793 278 4856; x_wconf 82' lang='grc'>1).1,16,2,1)</span> <span class='ocrx_word' id='word_1_536' title='bbox 291 4791 365 4861; x_wconf 89' lang='lat' dir='ltr'>apud</span> <span class='ocrx_word' id='word_1_537' title='bbox 376 4793 497 4862; x_wconf 86' lang='lat' dir='ltr'>legatum</span> <span class='ocrx_word' id='word_1_538' title='bbox 510 4791 569 4846; x_wconf 91' lang='lat' dir='ltr'>eius</span> <span class='ocrx_word' id='word_1_539' title='bbox 581 4794 772 4848; x_wconf 88' lang='lat' dir='ltr'>manumittere</span> <span class='ocrx_word' id='word_1_540' title='bbox 823 4799 910 4866; x_wconf 76' lang='lat' dir='ltr'>plasea</span> <span class='ocrx_word' id='word_1_541' title='bbox 928 4796 982 4849; x_wconf 83' lang='lat' dir='ltr'>cod.</span> <span class='ocrx_word' id='word_1_542' title='bbox 994 4795 1027 4848; x_wconf 88' lang='lat' dir='ltr'>X</span> <span class='ocrx_word' id='word_1_543' title='bbox 1074 4795 1108 4848; x_wconf 83' lang='lat'>12</span> <span class='ocrx_word' id='word_1_544' title='bbox 1127 4792 1359 4850; x_wconf 84' lang='lat' dir='ltr'>manumittere‘m&#39;</span> <span class='ocrx_word' id='word_1_545' title='bbox 1368 4797 1447 4848; x_wconf 64' lang='lat' dir='ltr'>nttnc</span> <span class='ocrx_word' id='word_1_546' title='bbox 1459 4798 1514 4848; x_wconf 82' lang='lat' dir='ltr'>lonc</span> 
     </span>
     <span class='ocr_line' id='line_1_50' title="bbox 72 4863 1516 4940; baseline 0 -22"><span class='ocrx_word' id='word_1_547' title='bbox 72 4863 239 4940; x_wconf 80' lang='lat' dir='ltr'>possumus]</span> <span class='ocrx_word' id='word_1_548' title='bbox 259 4872 297 4917; x_wconf 78' lang='lat' dir='ltr'>sie</span> <span class='ocrx_word' id='word_1_549' title='bbox 314 4871 376 4918; x_wconf 82' lang='lat' dir='ltr'>mei:</span> <span class='ocrx_word' id='word_1_550' title='bbox 395 4863 474 4917; x_wconf 66' lang='lat' dir='ltr'>uada</span> <span class='ocrx_word' id='word_1_551' title='bbox 491 4878 525 4917; x_wconf 85' lang='lat' dir='ltr'>ex</span> <span class='ocrx_word' id='word_1_552' title='bbox 537 4879 592 4932; x_wconf 90' lang='lat' dir='ltr'>quo</span> <span class='ocrx_word' id='word_1_553' title='bbox 604 4866 771 4934; x_wconf 85' lang='lat' dir='ltr'>prouinciam</span> <span class='ocrx_word' id='word_1_554' title='bbox 826 4865 861 4918; x_wconf 68' lang='lat' dir='ltr'>F*</span> <span class='ocrx_word' id='word_1_555' title='bbox 899 4867 933 4920; x_wconf 91' lang='grc'>14</span> <span class='ocrx_word' id='word_1_556' title='bbox 950 4864 1119 4934; x_wconf 75' lang='lat' dir='ltr'>eaqu‘a&#39;cF⁴</span> <span class='ocrx_word' id='word_1_557' title='bbox 1165 4869 1199 4921; x_wconf 83' lang='lat'>16</span> <span class='ocrx_word' id='word_1_558' title='bbox 1210 4867 1308 4938; x_wconf 84' lang='lat' dir='ltr'>uiginti</span> <span class='ocrx_word' id='word_1_559' title='bbox 1320 4865 1449 4936; x_wconf 88' lang='lat' dir='ltr'>quinque]</span> <span class='ocrx_word' id='word_1_560' title='bbox 1464 4865 1516 4918; x_wconf 87' lang='lat' dir='ltr'>FX</span> 
     </span>
     <span class='ocr_line' id='line_1_51' title="bbox 74 4935 1515 5006; baseline -0.001 -15"><span class='ocrx_word' id='word_1_561' title='bbox 74 4939 361 5006; x_wconf 80' lang='lat' dir='ltr'>ingressuslegresus</span> <span class='ocrx_word' id='word_1_562' title='bbox 377 4935 414 5002; x_wconf 83' lang='lat' dir='ltr'>Y)</span> <span class='ocrx_word' id='word_1_563' title='bbox 430 4939 474 4988; x_wconf 88' lang='lat' dir='ltr'>est</span> <span class='ocrx_word' id='word_1_564' title='bbox 488 4935 547 4988; x_wconf 82' lang='lat' dir='ltr'>add.</span> <span class='ocrx_word' id='word_1_565' title='bbox 564 4935 650 4999; x_wconf 72' lang='lat' dir='ltr'><em>Y⁶M⁶‚</em></span> <span class='ocrx_word' id='word_1_566' title='bbox 670 4939 709 4990; x_wconf 71' lang='lat' dir='ltr'>ille</span> <span class='ocrx_word' id='word_1_567' title='bbox 724 4939 772 4990; x_wconf 86' lang='lat' dir='ltr'>ad·</span> <span class='ocrx_word' id='word_1_568' title='bbox 825 4957 881 4990; x_wconf 83' lang='lat' dir='ltr'>eum</span> <span class='ocrx_word' id='word_1_569' title='bbox 901 4938 957 5000; x_wconf 82' lang='lat' dir='ltr'>RS,</span> <span class='ocrx_word' id='word_1_570' title='bbox 981 4937 1078 5006; x_wconf 82' lang='lat' dir='ltr'>uiginti</span> <span class='ocrx_word' id='word_1_571' title='bbox 1100 4937 1233 4993; x_wconf 80' lang='lat' dir='ltr'><em>YZMOO</em></span> <span class='ocrx_word' id='word_1_572' title='bbox 1283 4940 1318 4992; x_wconf 88' lang='grc'>22</span> <span class='ocrx_word' id='word_1_573' title='bbox 1336 4937 1396 4992; x_wconf 84' lang='grc' dir='ltr'>ιιὶιίι</span> <span class='ocrx_word' id='word_1_574' title='bbox 1413 4937 1449 4989; x_wconf 87' lang='lat' dir='ltr'>F¹</span> <span class='ocrx_word' id='word_1_575' title='bbox 1465 4938 1470 5002; x_wconf 88' lang='grc' dir='ltr'>Ι</span> <span class='ocrx_word' id='word_1_576' title='bbox 1486 4941 1515 4990; x_wconf 93' lang='lat' dir='ltr'>et</span> 
     </span>
     <span class='ocr_line' id='line_1_52' title="bbox 76 5003 1514 5078; baseline -0.002 -14"><span class='ocrx_word' id='word_1_577' title='bbox 76 5015 150 5064; x_wconf 68' lang='lat' dir='ltr'>ueta</span> <span class='ocrx_word' id='word_1_578' title='bbox 168 5005 370 5073; x_wconf 78' lang='lat' dir='ltr'>nctalllartiui)</span> <span class='ocrx_word' id='word_1_579' title='bbox 416 5006 772 5076; x_wconf 71' lang='lat' dir='ltr'>11suamF¹lpraetord</span> <span class='ocrx_word' id='word_1_580' title='bbox 826 5003 971 5063; x_wconf 67' lang='lat' dir='ltr'>&#39;is&#39;ritF²</span> <span class='ocrx_word' id='word_1_581' title='bbox 987 5013 991 5074; x_wconf 90' lang='grc' dir='ltr'>Ι</span> <span class='ocrx_word' id='word_1_582' title='bbox 1007 5009 1164 5078; x_wconf 79' lang='lat' dir='ltr'>indignaF¹</span> <span class='ocrx_word' id='word_1_583' title='bbox 1201 5011 1235 5065; x_wconf 86' lang='grc'>23</span> <span class='ocrx_word' id='word_1_584' title='bbox 1245 5007 1376 5066; x_wconf 90' lang='lat' dir='ltr'>uolenti&#39;s&#39;</span> <span class='ocrx_word' id='word_1_585' title='bbox 1386 5023 1465 5064; x_wconf 91' lang='lat' dir='ltr'>uum</span> <span class='ocrx_word' id='word_1_586' title='bbox 1476 5007 1514 5061; x_wconf 66' lang='lat' dir='ltr'>Fi</span> 
     </span>
     <span class='ocr_line' id='line_1_53' title="bbox 78 5078 1065 5151; baseline 0.001 -17"><span class='ocrx_word' id='word_1_587' title='bbox 78 5078 120 5134; x_wconf 76' lang='lat' dir='ltr'>F‘</span> <span class='ocrx_word' id='word_1_588' title='bbox 136 5081 141 5147; x_wconf 89' lang='grc' dir='ltr'>Ι</span> <span class='ocrx_word' id='word_1_589' title='bbox 157 5093 211 5134; x_wconf 92' lang='lat' dir='ltr'>non</span> <span class='ocrx_word' id='word_1_590' title='bbox 229 5081 373 5148; x_wconf 90' lang='lat' dir='ltr'>potest</span> <span class='ocrx_word' id='word_1_591' title='bbox 392 5079 426 5134; x_wconf 87' lang='grc'>12</span> <span class='ocrx_word' id='word_1_592' title='bbox 443 5079 634 5134; x_wconf 84' lang='lat' dir='ltr'>manumittere</span> <span class='ocrx_word' id='word_1_593' title='bbox 653 5079 691 5134; x_wconf 77' lang='lat' dir='ltr'>lus</span> <span class='ocrx_word' id='word_1_594' title='bbox 711 5081 747 5132; x_wconf 81' lang='lat' dir='ltr'>F·</span> <span class='ocrx_word' id='word_1_595' title='bbox 767 5079 771 5151; x_wconf 86' lang='grc' dir='ltr'>Ι</span> <span class='ocrx_word' id='word_1_596' title='bbox 825 5081 861 5135; x_wconf 80' lang='grc'>30</span> <span class='ocrx_word' id='word_1_597' title='bbox 873 5079 1010 5137; x_wconf 73' lang='lat' dir='ltr'>*habebat</span> <span class='ocrx_word' id='word_1_598' title='bbox 1027 5080 1065 5135; x_wconf 77' lang='lat' dir='ltr'>F‘</span> 
     </span>
    </p>
   </div>
   <div class='ocr_carea' id='block_1_7' title="bbox 0 0 1810 5460">
    <p class='ocr_par' dir='ltr' id='par_1_21' title="bbox 0 0 1810 5460">
     <span class='ocr_line' id='line_1_54' title="bbox 0 0 1810 5460; baseline 0 0"><span class='ocrx_word' id='word_1_599' title='bbox 0 0 1810 5460; x_wconf 95' lang='lat' dir='ltr'> </span> 
     </span>
    </p>
   </div>
  </div>
 </body>
</html>
