3638 5460
299 252 419 322 XXXV
439 254 460 320 2
481 259 597 316 itt-ao
972 245 1059 328 216
1548 272 1596 320 ao
1620 271 1737 321 7777777

300 410 396 468 debet:
414 415 479 468 aute
498 409 570 466 euim
588 409 786 468 detrahendum
804 415 856 481 777,
874 409 949 480 quod
967 413 1046 466 extra
1063 408 1197 468 bonorum
1215 411 1397 482 quantitatem
1415 415 1471 483 777,
1490 410 1590 468 771777
1608 410 1685 482 quod
1702 425 1734 468 ex

300 502 379 558 1777717
398 500 471 571 apud
489 499 616 556 heredem
635 515 775 556 remanere
793 504 910 571 oportet.

244 590 282 652 74
353 592 430 647 luam
453 588 522 648 libro
545 591 626 646 tertio
649 590 684 646 de
702 590 801 660 legatia
820 589 856 644 777
873 589 995 646 edictum
1011 589 1155 660 praetoria.
1191 587 1270 656 Quod
1289 594 1381 646 autam
1399 589 1512 660 dieitur,
1535 591 1559 646 ai
1590 599 1767 660 17.,777,777

300 697 335 738 ex
353 680 454 737 1771717
472 677 594 734 defuncti
613 681 738 748 quartam
757 677 858 734 habeat
875 679 968 749 177777,
992 679 1080 735 771177
1096 679 1265 750 praestanda
1282 693 1344 736 7777
1360 680 1467 750 legata,
1488 680 1528 736 177
1545 681 1672 751 accipere
1690 681 1733 736 de·

300 770 405 841 bemua,
425 769 448 825 71
466 767 654 823 1777771777177Ι
647 782 705 822 rure
723 767 836 824 habeat:
854 768 947 838 itaque
965 768 1038 838 quod
1057 769 1119 839 quie
1136 769 1289 839 legatorum
1307 770 1416 826 nomine
1434 785 1452 824 a
1469 767 1604 826 coherede
1618 771 1763 842 accepite

300 862 328 917 iu
346 859 525 931 quadrantem
545 857 571 912 71
588 871 643 912 non
661 857 820 927 imputatur.

244 947 282 1007 75
353 951 396 1005 Ex
414 945 483 1004 111777
496 946 706 1018 quadragesimo
719 947 887 1017 digestorum
900 947 1025 1002 17717777.
1051 947 1241 1003 1177777777.
1260 929 1558 1017 377711777177777777
1577 943 1782 1033 [7-7-7-7-77·

300 1040 326 1096 71
343 1038 438 1094 datum
457 1041 514 1106 777,
535 1041 566 1092 77
583 1037 691 1105 integra
708 1036 801 1106 177777
819 1037 863 1091 uel
881 1033 1093 1092 fideicommissa
1110 1041 1240 1107 7777777777,
1259 1035 1422 1107 deneganda
1439 1037 1492 1094 7717
1508 1038 1580 1094 77717
1598 1038 1693 1109 iegati,
1712 1039 1735 1094 71

299 1130 361 1200 lage
378 1126 502 1184 Falcidia
519 1125 559 1182 nli
578 1126 678 1181 77771177.
1752 1144 1765 1185 7

244 1216 281 1276 le
353 1216 447 1273 (17777
463 1214 533 1271 111777
551 1213 632 1269 777717
651 1213 686 1270 77
703 1213 803 1284 legatia
821 1212 857 1268 ad
875 1212 996 1270 edictum
1014 1215 1157 1284 7777777717.
1192 1215 1225 1270 17
1243 1220 1349 1286 autem,
1371 1213 1448 1284 quod
1466 1214 1558 1271 777771-
1576 1211 1771 1300 ffls

300 1307 385 1364 7177717
403 1304 558 1376 implendae
576 1319 661 1359 cauea
679 1303 723 1358 uel
741 1319 759 1357 7
776 1301 910 1360 7717777717
928 1303 972 1358 uel
991 1319 1008 1360 7
1025 1303 1157 1373 legatario
1175 1304 1220 1360 uel
1238 1320 1256 1360 7
1273 1303 1434 1360 77777117777
1452 1303 1544 1374 datur,
1566 1305 1595 1362 iu
1612 1307 1736 1364 Falcidia

300 1411 354 1452 uon
371 1395 530 1465 imputatur,
549 1393 614 1463 quia
632 1392 727 1449 77777717
745 1407 830 1447 causa
844 1393 959 1462 capitur.
988 1407 1055 1448 7777
1068 1393 1091 1448 71
1104 1408 1121 1448 7
1132 1391 1293 1449 atatulibero
1305 1379 1457 1464 7777117777
1469 1409 1597 1450 nummoa
1608 1396 1734 1468 accipiat,

298 1499 349 1556 pro
372 1499 422 1540 7777
444 1487 523 1554 parte
541 1483 687 1554 quadranti
705 1496 753 1538 777
771 1481 905 1551 imputare
922 1480 1019 1553 debet,
1042 1481 1107 1553 quia
1124 1498 1173 1552 pro
1192 1497 1226 1538 77
1243 1488 1321 1553 parte
1339 1497 1394 1538 nou
1412 1483 1507 1538 77777717
1524 1499 1610 1550 cauea
1626 1501 1734 1558 capere,

267 1584 280 1629 1
299 1573 348 1630 7771
366 1572 531 1628 hereditario
549 1573 607 1628 inre
625 1569 793 1628 7771777777
811 1570 987 1641 intellegitur.
1014 1571 1075 1637 Qua
1092 1572 1198 1628 ratione
1215 1571 1319 1642 placuit
1336 1571 1435 1642 legata,
1453 1587 1524 1642 quae
1542 1574 1669 1644 legatarii
1681 1591 1735 1632 uon

299 1663 427 1734 capiunt,
452 1677 514 1718 cum
539 1661 613 1732 apud
637 1659 752 1716 17777777
766 1658 964 1730 comederint,
986 1658 1151 1716 hereditario
1172 1661 1230 1716 iure
1249 1660 1324 1732 apud
1341 1675 1390 1718 eoa
1407 1676 1549 1718 manauere
1566 1663 1690 1734 intellegi
1700 1670 1735 1722 ,77
1752 1673 1788 1715 ιε

299 1752 361 1808 ideo
380 1750 525 1821 quadranti
543 1749 712 1820 imputanda,
732 1763 783 1804 uec
801 1749 947 1818 quicquam
967 1749 1108 1820 1777777777,
1126 1755 1218 1806 uuum
1237 1751 1329 1806 77771777
1348 1749 1383 1806 717
1401 1750 1479 1808 initio
1495 1751 1617 1822 legatum
1631 1754 1736 1810 77777717

299 1857 335 1896 au
353 1839 427 1910 quod
444 1840 565 1910 legatum
585 1843 628 1893 777
644 1837 814 1894 remauaerit

243 1928 281 1987 77
352 1929 429 1985 Iona
451 1927 521 1985 libro
543 1932 642 1984 octauo
666 1926 773 1982 decimo
797 1926 834 1982 ud
857 1926 978 1983 edictum
1000 1927 1176 1997 prouinciale.
1211 1927 1244 1984 Iu
1262 1927 1377 1997 cingndia
1399 1921 1733 2015 Q
1750 1935 1788 1990 θ’

299 2016 445 2074 1777771177
468 2017 602 2073 rationem
619 2017 690 2086 legia
707 2015 846 2072 Falcidiae
864 2017 1096 2087 componendam¹
1116 2032 1178 2074 7777
1196 2032 1250 2072 777
1268 2015 1418 2074 dubitatur.
1446 2018 1554 2076 771777
1571 2020 1596 2074 71
1614 2020 1689 2076 Titio
1706 2027 1735 2076 77

299 2106 363 2164 Seio
386 2105 532 2162 heredibus
551 2106 683 2162 1777177717
701 2105 784 2162 aemio
802 2105 962 2162 7777717777
980 2106 1047 2162 Titii
1064 2104 1214 2162 exbauatua
1232 2111 1288 2176 777,
1313 2106 1377 2164 Seio
1395 2112 1487 2164 autem
1505 2108 1645 2178 quadrans
1663 2113 1733 2166 toto
1751 2119 1788 2160 a·

299 2213 359 2254 rum
376 2195 510 2252 bonorum
529 2195 640 2251 relictus
658 2195 702 2264 717,
721 2195 854 2265 competit
870 2195 944 2252 'litio
962 2193 1126 2252 beneficium
1143 2195 1213 2265 177717
1230 2179 1378 2252 Falcidiae.

243 2285 281 2344 78
352 2285 515 2342 1777717777
533 2287 614 2342 tertio
632 2284 784 2354 delegatio
803 2284 839 2340 ad
857 2283 977 2340 edictum
994 2285 1129 2355 praetoria
1147 2283 1252 2340 urbani.
1288 2285 1368 2352 Quod
1385 2286 1410 2342 71
1427 2286 1558 2344 alterutro
1577 2281 1733 2372 Q
1750 2293 1788 2348 εἰ

299 2389 393 2432 eorum
418 2373 562 2430 deliciante
586 2375 655 2430 altar
672 2374 752 2430 berea
770 2375 845 2432 771777
863 2374 1012 2444 exstiterit,
1037 2378 1128 2430 utrum
1146 2374 1260 2444 perinde
1277 2375 1347 2431 ratio
1364 2375 1434 2445 legia
1450 2376 1590 2433 Falcidiae
1607 2377 1734 2434 habenda

299 2466 344 2536 ait,
363 2480 396 2521 ac
413 2465 438 2520 71
456 2464 549 2520 atatim
567 2462 603 2520 ab
621 2463 698 2520 initio
716 2464 740 2519 17
759 2465 833 2520 771777
845 2463 925 2520 177777
936 2463 1079 2520 1777177777
1091 2468 1173 2534 77777,
1192 2480 1227 2519 au
1239 2464 1406 2536 singularum
1418 2467 1573 2536 portionum
1587 2468 1733 2538 separatim

299 2569 400 2611 caueae
418 2553 586 2624 spectandae
605 2553 689 2608 eunt?
718 2558 748 2608 et
764 2554 868 2624 placet,
887 2553 910 2608 71
929 2553 989 2608 eiua
1006 2567 1071 2624 para
1088 2553 1187 2623 legatia
1205 2553 1341 2612 7717777777
1357 2556 1407 2626 717,
1426 2556 1474 2626 qui
1491 2555 1570 2612 177777
1589 2557 1733 2628 exstiterit,
1750 2570 1761 2609 7
1776 2571 1788 2606 a

300 2643 424 2700 7717777771
441 2643 589 2714 legatarios
606 2641 844 2712 7777711717777777
863 2646 978 2713 partem,
996 2642 1062 2712 quia
1079 2657 1114 2700 77
1130 2657 1185 2699 nou
1202 2645 1507 2716 777177777777777771,
1524 2645 1734 2718 771777177777

300 2747 371 2804 quae
389 2733 464 2804 apud
480 2732 609 2788 heredem
627 2737 771 2789 remanent
788 2731 919 2803 efficiunt,
938 2737 970 2788 ut
987 2731 1086 2788 cetaria
1103 2733 1243 2802 legatariis
1260 2733 1385 2790 7777711711
1398 2741 1446 2792 aut
1457 2735 1548 2792 minua
1559 2735 1733 2792 deuahatur:

299 2823 323 2878 71
340 2837 408 2879 uero
425 2821 534 2878 7717777
552 2838 616 2893 para
634 2821 717 2878 luerit
734 2821 876 2892 exhausta,
894 2821 1007 2894 perinde
1024 2823 1053 2877 iu
1070 2837 1105 2878 ea
1121 2823 1276 2893 ponendam
1295 2825 1427 2882 rationem
1445 2825 1515 2896 legia
1526 2823 1676 2896 Falcidiae,
1694 2829 1733 2882 77

300 2927 354 2984 que
372 2912 396 2967 71
414 2911 451 2968 ad
468 2927 531 2968 eum
549 2912 639 2982 17777777
658 2911 816 2983 pertineret,
835 2927 852 2966 a
870 2927 925 2981 quo
943 2909 1052 2967 7717777
1069 2909 1155 2968 lieret.
1750 2924 1788 2968 71

244 3001 281 3060 79
354 3001 431 3058 loma
449 3000 518 3058 libro
536 3005 636 3058 octauo
655 3001 763 3057 decimo
781 3000 817 3056 ad
835 3000 955 3056 edictum
972 3001 1149 3070 prouinciale.
1175 3001 1208 3058 In
1219 3001 1375 3073 duplicibus
1387 3003 1559 3060 777777777717
1592 3015 1618 3064 Β.
1627 3019 1667 3074 77,
1675 3021 1697 3075 7,
1705 3018 1733 3065 77
1750 3009 1788 3066 Β

301 3093 360 3148 uiue
384 3091 418 3147 de
441 3091 605 3163 patrimonio
622 3105 802 3162 quaeramus,
827 3105 861 3146 ea
878 3090 937 3146 7717
954 3089 1110 3146 aubatautia
1127 3094 1282 3162 spectatur,
1306 3107 1388 3162 quam
1405 3097 1485 3162 pater
1502 3108 1565 3150 oum
1584 3101 1735 3152 moraretur

301 3180 440 3251 babuerit,
465 3195 517 3236 neo
534 3181 570 3236 ad
588 3195 645 3236 rem
664 3181 796 3250 pertinet,
815 3180 839 3236 71
856 3184 920 3249 poet
937 3183 1053 3236 mortem
1070 3181 1157 3251 7777717
1175 3178 1247 3236 liliua
1264 3181 1608 3254 771777717177177117717
1625 3186 1672 3242 uel
1688 3186 1734 3242 de

301 3271 443 3327 minuerit:
467 3269 526 3324 aiue
548 3268 583 3324 de
607 3269 706 3339 1777717
727 3283 906 3340 quaeramus,
928 3272 985 3324 tam
1010 3283 1045 3324 ea
1066 3284 1138 3339 quae
1161 3270 1189 3324 in
1206 3269 1302 3342 primia
1319 3285 1401 3340 quam
1419 3285 1453 3326 77
1470 3285 1542 3341 quae
1559 3273 1589 3328 in
1606 3273 1735 3330 7777777717

300 3359 408 3416 77177117Δ
418 3359 514 3416 relicta
532 3362 597 3414 aunt
613 3359 642 3414 in
659 3374 744 3416 uuum
762 3357 979 3429 contribuuntur,
996 3363 1136 3428 7777777777
1155 3359 1179 3414 71
1197 3363 1226 3414 77
1236 3374 1278 3429 ea,
1296 3373 1367 3430 quae
1379 3358 1455 3416 711111
1466 3360 1568 3418 herede
1579 3363 1735 3434 reliquiaaet

301 3453 425 3519 77777777,
444 3465 462 3504 7
479 3463 530 3508 auo
548 3447 649 3504 herede
667 3447 720 3504 nub
737 3449 791 3504 7117
808 3447 969 3508 7777171777
987 3449 1116 3519 17777777.
1750 3458 1788 3506 a!

244 3536 284 3596 80
354 3539 432 3595 Ioum
454 3537 524 3594 libro
547 3538 629 3594 tertio
647 3536 798 3608 7171777717
815 3536 851 3592 ad
869 3536 990 3594 edictum
1008 3537 1150 3609 praetoria.
1186 3536 1216 3593 Si
1233 3538 1271 3608 17,
1294 3540 1341 3609 qni
1359 3539 1559 3611 quadringenta
1590 3553 1665 3613 1777,
1675 3556 1733 3612 777
1750 3545 1788 3604 Ξ

301 3629 329 3684 17
351 3628 515 3698 patrimonio
540 3625 664 3696 habebit,
690 3625 745 3682 hlio
767 3625 909 3697 impubere
931 3625 1032 3684 herede
1054 3619 1735 3702 1777177777777777177777717717777717177777

302 3717 394 3776 Seium
413 3717 528 3774 heroden
547 3716 720 3772 aubetituerit
737 3722 765 3773 et
782 3733 800 3772 7
817 3717 891 3774 Titio
908 3721 1018 3772 centum
1036 3717 1183 3788 legauerit,
1207 3717 1364 3788 uideamus,
1383 3719 1450 3789 quid
1468 3720 1534 3778 iuria
1551 3722 1597 3778 717.
1628 3725 1654 3780 71
1670 3739 1735 3780 nou·

302 3808 367 3864 dom
385 3808 482 3864 uolutia
499 3806 599 3876 legatie
616 3806 735 3876 pupillus
752 3806 902 3864 7777777717
918 3811 948 3862 77
966 3805 1002 3862 717
1020 3807 1048 3864 17
1065 3822 1099 3863 77
1115 3809 1208 3878 legata
1219 3807 1450 3880 utriquedebent,
1467 3811 1542 3866 77177
1553 3811 1636 3870 berea
1648 3813 1736 3870 'litim

301 3903 394 3955 utatur
410 3898 472 3967 lege
489 3895 624 3952 Falcidia:
643 3911 706 3951 curn
724 3895 796 3952 enim
814 3894 934 3952 ducenta
951 3910 986 3952 ea
1004 3895 1156 3954 hereditate
1173 3899 1269 3969 pupilli
1287 3899 1323 3955 ad
1340 3914 1404 3956 oum
1421 3901 1591 3972 pertineant,
1616 3903 1737 3960 ducenta
1752 3906 1788 3950 ⁶

300 3989 453 4058 legatorum
471 3986 580 4042 nomine
598 3983 689 4054 debet,
708 3989 816 4040 centum
835 3999 870 4040 ea
888 3984 1015 4041 77777717
1032 4002 1103 4056 quae
1115 3988 1235 4060 pupiilae
1246 3987 1374 4058 debebat,
1392 3995 1501 4045 centum
1515 4005 1586 4060 quae
1597 3991 1659 4062 ipae
1671 3992 1736 4050 dare

302 4079 394 4134 1777777
412 4081 468 4132 eat:
486 4076 580 4144 itaque
598 4089 633 4129 ex
651 4077 766 4144 utraque
785 4074 939 4144 quantitate
956 4081 1056 4145 quarta
1072 4075 1192 4133 deducta
1209 4076 1321 4134 habehit
1338 4079 1545 4150 quinquaginta
1572 4081 1601 4136 in
1618 4095 1736 4152 perenna

302 4182 369 4224 uero
387 4165 443 4222 Seii
459 4166 504 4220 lex
523 4163 645 4220 Falcidia
662 4179 717 4219 uon
735 4163 890 4234 interuenit,
908 4179 970 4220 cum
989 4164 1025 4220 ad
1043 4179 1106 4220 777777
1125 4179 1160 4222 777
1177 4165 1328 4223 hereditate
1342 4169 1438 4238 pupilli
1450 4169 1570 4226 ducenta
1580 4171 1735 4240 pertineant

302 4261 331 4312 et
348 4254 448 4311 debeat
465 4255 617 4324 legatorum
635 4253 744 4309 nomine
762 4257 872 4309 centum
889 4267 925 4310 ex
942 4253 1077 4325 ducentia,
1095 4269 1167 4326 quae
1185 4271 1203 4310 a
1219 4241 1322 4326 pupillo
1340 4257 1435 4314 relicta
1451 4263 1525 4315 777777
1550 4259 1627 4330 quod
1645 4262 1670 4318 ai
1686 4277 1735 4332 pu·

269 4357 282 4402 1
302 4345 383 4416 pillue
402 4346 413 4417 7
432 4343 523 4400 soluat
540 4344 640 4413 legata,
659 4341 762 4398 debent
778 4357 873 4398 curare
890 4347 996 4400 tutores
1014 4345 1119 4416 pupilli,
1137 4349 1168 4400 ut
1186 4349 1303 4401 caueant
1320 4347 1453 4418 legatarii.
1484 4347 1626 4415 Quaedam
1645 4350 1735 4421 legata
1748 4347 1788 4401 l:

303 4451 505 4520 Noudion)

1469 4565 1734 4576 n-ae-——nn——n—

304 4615 312 4650 ¹
331 4611 485 4684 ponendam
505 4609 655 4684 (77177717
725 4611 737 4646 ²
754 4611 820 4682 quia
837 4625 871 4668 ea
889 4628 943 4668 uon
960 4617 1004 4668 777
1021 4612 1120 4684 1777717
1137 4617 1251 4670 onerata
1269 4615 1315 4669 det

302 4773 320 4827 3
337 4771 480 4843 praetoria]
505 4771 638 4841 praetoria
661 4769 758 4827 urbani
781 4768 830 4826 1³²¹
849 4773 990 4846 (7777111.
1043 4773 1134 4844 putari
1152 4774 1222 4830 1711
1271 4776 1306 4830 26
1323 4775 1389 4845 quia
1405 4775 1448 4845 aa]
1468 4775 1541 4842 alo,
1562 4776 1629 4847 quia
1647 4792 1680 4834 77
1697 4777 1734 4842 11,

301 4789 356 4908 23,
357 4843 382 4908 3,
394 4844 439 4908 54)
485 4843 500 4897 7
519 4843 581 4898 175
593 4845 890 4899 centumcentumn
903 4845 990 4899 117-77
1043 4845 1110 4916 quid
1128 4860 1162 4902 77
1179 4845 1218 4910 Ε,
1240 4846 1314 4916 quod
1333 4862 1366 4902 ea
1383 4847 1416 4902 K
1465 4847 1501 4902 34
1523 4816 1740 4918 7711777177771

300 4921 398 4986 purant
416 4915 613 4978 7777777177
626 4915 738 4980 117141,
751 4917 775 4978 1,
788 4915 923 4979 1777717
937 4913 989 4983 121
1043 4861 1364 5024 37177777117777771
1397 4919 1734 4990 77777717]777777777777-

302 4985 346 5056 ex}
360 4985 449 5040 lexF¹
488 4986 523 5040 10
534 4986 676 5056 praetoria]
689 4986 824 5058 7777717777
832 4985 930 5042 urbam
938 4986 991 5040 171
1044 4987 1109 5044 bani
1127 4989 1206 5056 17(
1196 4991 1290 5062 (efod
1302 4990 1339 5043 D.
1386 4990 1490 5058 ,3,54)
1542 4991 1580 5048 43
1597 4993 1668 5050 7711
1685 4991 1734 5050 11*

302 5059 347 5130 (cs.
360 5058 444 5115 aab.
456 5057 500 5124 23,
509 5057 528 5112 3
525 5057 591 5126 ,54)
636 5060 669 5116 13
682 5057 950 5130 17777777777011,
941 5073 990 5114 7777-
