3644 5460
123 287 165 336 an
187 285 460 335 oeoosnrouruos
793 261 880 342 523
1245 237 1423 336 xxxdie
1443 275 1559 332 31-33

122 424 289 481 dormientes
306 437 416 496 qnoque
434 438 483 480 eos
500 423 574 480 idem
592 422 673 480 uobis
690 423 871 494 eontingeret.
903 422 1031 494 idemque
1048 424 1077 479 in
1095 425 1191 481 ooiono
1210 428 1239 480 et
1255 425 1401 496 inquilino,
1423 441 1474 496 per
1490 440 1560 495 qnos

93 527 107 574 s
122 513 307 584 possidemus,
330 512 477 568 dioeudnm
500 517 552 568 est
589 511 619 568 Si
638 512 668 568 ui
686 517 736 568 sut
753 513 823 567 eiam
842 517 890 567 aut
907 513 1030 581 preosrio
1048 515 1250 583 possessiouem
1267 520 1365 570 uastos
1382 514 1445 584 quis
1461 518 1561 584 postea

122 600 213 658 insere
230 602 359 671 eoeperit,
380 606 410 656 et
428 601 566 672 possessio
584 605 613 656 et
630 616 716 656 eausa
732 601 829 656 eadem
848 600 930 656 durat
948 600 983 656 de
1000 600 1061 670 boo,
1079 602 1154 671 quod
1171 603 1295 672 preosrio
1313 601 1432 658 boriosus
1450 602 1559 674 habet1,

121 689 351 760 quemadmodum
369 689 515 744 interdioto
533 703 642 760 quoque
659 690 700 745 uti
718 689 866 760 possidetis
884 687 980 745 furiosi
998 690 1108 745 nomine
1126 694 1202 745 reete
1218 691 1374 760 experimur
1385 700 1440 746 stus
1450 705 1560 761 posses·

92 779 207 836 trionis
224 779 343 848 nomine,
361 793 445 848 quam
464 783 528 833 ante
546 777 665 834 furorem
684 793 734 848 per
751 792 781 832 se
799 778 844 832 noi
861 782 926 848 post
942 776 1062 834 furorem
1080 793 1129 848 per
1147 779 1230 834 ulium
1242 783 1340 834 neotus
1352 783 1404 835 est.
1434 779 1559 835 Uaonnm
1578 790 1592 832 s

121 873 239 937 tempus,
258 867 333 937 quod
350 873 415 922 ante
432 866 535 922 aditam
554 866 734 922 hereditatem
752 867 797 921 uei
816 871 880 936 post
898 866 1001 921 aditum
1018 866 1183 937 intercessit,
1201 867 1239 922 sd
1255 868 1451 938 usnoapionem
1466 867 1560 923 heredi

91 955 255 1028 sprosedit
291 954 321 1011 Si
339 954 486 1011 deiunotus
503 956 583 1026 emit,
601 955 681 1011 beree
699 943 792 1012 eutem
809 959 891 1025 putot
909 970 972 1012 enm
991 971 1026 1011 ex
1044 955 1199 1012 donationis
1217 971 1302 1012 oansu
1318 956 1489 1027 possedisse,
1506 971 1560 1013 usu

122 1061 186 1101 eum
204 1049 348 1114 oapturum
365 1045 487 1100 Inlisnus
502 1044 553 1099 ait

62 1132 104 1190 32
174 1134 348 1190 sonemus
364 1131 434 1202 iibro
451 1133 613 1203 trigemino
630 1131 752 1188 seeundo
771 1131 806 1186 ed
824 1129 966 1188 Sabinum.
993 1131 1023 1188 Si
1041 1130 1085 1188 iur
1100 1147 1157 1188 rem
1169 1131 1224 1188 iur-
1244 1127 1559 1216 fflm‘sse'e
1579 1141 1600 1196 s

121 1223 208 1280 tinam
226 1237 244 1276 a
261 1221 372 1278 domino
390 1223 487 1278 emerit
504 1226 534 1277 et
550 1236 601 1292 pro
618 1219 721 1276 tradita
734 1219 869 1291 hebuerit,
888 1219 995 1276 desinet
1006 1235 1067 1276 eam
1079 1236 1129 1292 pro
1141 1220 1245 1278 furum
1255 1221 1396 1292 possidere
1408 1227 1437 1278 et
1448 1223 1561 1292 insipiet
1579 1236 1608 1278 ro

90 1321 102 1365 1
122 1326 172 1381 pro
195 1325 247 1366 suo
264 1309 414 1380 possidere.
451 1309 482 1366 Si
499 1310 562 1379 quis
579 1308 621 1378 id,
645 1309 719 1379 quod
737 1309 874 1380 possidet,
898 1323 952 1365 nou
969 1314 1051 1381 putat
1068 1309 1121 1366 sibi
1138 1325 1188 1381 per
1204 1311 1282 1381 leges
1298 1311 1381 1367 liuere
1398 1325 1560 1381 nsumpere,

121 1398 268 1456 dioendnm
292 1401 350 1469 est,
373 1398 482 1454 etiamsi
499 1402 584 1467 erret,
607 1412 662 1454 uon
679 1397 830 1467 prooedere
846 1403 940 1454 tamen
957 1399 1017 1454 eins
1036 1399 1246 1470 usnoapionem,
1270 1399 1316 1454 uei
1332 1399 1399 1469 quis
1415 1413 1470 1455 uon
1487 1398 1562 1456 bons
1622 1449 1623 1452 ,

89 1498 104 1543 s
122 1487 177 1545 fide
201 1487 329 1543 uideatur
348 1486 491 1557 possidere
508 1487 553 1542 uei
571 1486 637 1556 quia
654 1486 683 1541 in
701 1486 759 1542 iure
777 1487 879 1542 erranti
896 1501 951 1541 nou
969 1487 1104 1557 prooedat
1120 1488 1263 1558 usnoapio.
1299 1488 1434 1543 Insertsm
1452 1491 1561 1558 partem

121 1576 264 1648 possidere
281 1589 362 1631 neruo
379 1579 485 1646 potest:
503 1575 566 1632 ideo
584 1575 608 1630 si
626 1575 718 1644 piures
736 1575 837 1631 sintin
855 1573 950 1646 iundo,
967 1576 1017 1645 ,qui
1034 1576 1170 1646 ignorent,
1189 1581 1301 1646 quotam
1320 1576 1436 1648 quisque
1453 1581 1560 1646 partem

122 1665 272 1737 possideat,
290 1663 427 1720 neminem
445 1678 540 1720 eorum
559 1678 636 1718 mera
654 1664 805 1734 suptilitate
822 1663 964 1734 possidere
981 1662 1075 1720 Labeo
1093 1662 1197 1720 soribit.
1580 1678 1608 1722 re

47 1751 105 1810 33
174 1753 317 1810 inmens
338 1751 408 1809 libro
430 1752 661 1824 quaomgensimo
684 1757 783 1822 quarto
805 1751 982 1821 digestorum.
1019 1753 1081 1808 Non
1103 1753 1191 1808 solum
1213 1751 1302 1809 bonae
1319 1750 1385 1808 fidei
1403 1747 1559 1840 [Q
1578 1761 1600 1817 s

122 1847 274 1912 emptores,
297 1841 347 1896 sed
368 1845 397 1896 et
414 1856 523 1912 omnes,
546 1841 594 1911 qui
611 1840 753 1911 possident
771 1855 806 1896 ex
824 1855 858 1895 en
875 1855 972 1909 oauss,
996 1856 1079 1911 quam
1097 1841 1230 1912 usnoapio
1247 1841 1327 1911 sequi
1344 1839 1426 1912 solet,
1450 1849 1560 1912 partum

122 1931 238 1986 auoiilse
255 1928 375 1986 furtiuae
392 1943 446 1985 usu
463 1945 544 1986 suum
561 1928 681 2000 isoinut,
705 1930 787 1999 idque
805 1928 911 1984 ratione
928 1929 995 1985 iuris
1013 1929 1199 1985 introductum
1217 1928 1348 1985 arbitror:
1370 1945 1433 1985 nem
1452 1945 1488 1986 ex
1504 1945 1561 2001 qus

122 2034 206 2074 osusa
229 2019 291 2088 quis
315 2019 441 2075 snoiiiam
464 2025 643 2090 usueaperet,
667 2019 720 2074 nisi
741 2018 786 2073 lex
803 2017 949 2073 duodecim
967 2017 1122 2073 tabularum
1140 2019 1184 2074 uel
1205 2017 1298 2074 Atinia
1314 2017 1450 2088 obstaret,
1473 2034 1509 2075 ex
1525 2034 1561 2074 es

122 2121 207 2162 osusa
224 2121 338 2164 neeesse
355 2112 403 2164 est
416 2111 526 2179 partum
544 2109 668 2178 usuoupi,
687 2107 712 2163 si
729 2106 803 2177 apud
821 2120 884 2162 eum
902 2109 1053 2176 eouoeptus
1071 2112 1100 2161 et
1112 2106 1204 2162 editus
1215 2121 1249 2162 eo
1261 2104 1487 2178 temporeinerit,
1504 2123 1560 2178 quo
1579 2116 1608 2158 ro

93 2207 105 2251 1
122 2193 251 2252 furtinsm
269 2200 465 2252 esse'mstrem
484 2197 544 2252 eius
561 2195 715 2266 ignorabat
745 2194 825 2261 Quod
843 2195 928 2264 uulgo
945 2194 1127 2265 respondetur
1143 2195 1233 2266 ipsum
1251 2193 1305 2250 sibi
1322 2209 1433 2251 musam
1451 2210 1560 2267 posses·

122 2285 207 2340 sionis
225 2289 332 2340 mutere
349 2299 406 2341 non
423 2299 514 2355 posse,
532 2285 633 2341 totiens
650 2299 747 2340 oerum
765 2290 817 2354 est,
835 2283 963 2354 quotiens
980 2284 1042 2353 quis
1060 2283 1144 2340 eoiret
1159 2298 1190 2340 se
1201 2283 1275 2340 bonu
1286 2281 1341 2339 tide
1352 2299 1407 2340 non
1418 2283 1560 2354 possidere

122 2377 151 2429 et
172 2373 242 2428 lueri
262 2370 383 2428 isoieudi
405 2388 491 2429 oaosa
508 2373 642 2444 insiperet
657 2371 815 2443 possidere:
839 2373 922 2443 idque
940 2387 989 2443 per
1006 2373 1075 2428 heee
1092 2371 1202 2442 probari
1219 2386 1311 2442 posse.
1341 2372 1366 2428 si
1383 2373 1445 2442 quis
1462 2373 1560 2432 emerit

122 2459 237 2517 inndum
255 2461 346 2516 sotem
364 2461 400 2517 ab
418 2477 460 2532 eo,
478 2461 558 2517 onius
575 2475 630 2517 non
648 2464 716 2531 erat,
734 2460 888 2532 possidebit
904 2476 955 2532 pro
972 2475 1146 2532 possessore:
1167 2459 1218 2516 sed
1236 2461 1260 2516 si
1277 2459 1395 2516 eundem
1413 2476 1431 2516 a
1448 2461 1560 2520 domino

123 2550 228 2621 emerit,
245 2549 358 2620 incipiet
374 2565 425 2621 pro
442 2555 566 2620 emptore
583 2550 735 2621 possidere,
751 2564 803 2605 neo
820 2549 960 2606 uidebitur
971 2549 1024 2606 sibi
1036 2550 1096 2620 ipse
1108 2563 1220 2604 oausam
1233 2549 1415 2618 possessionis
1427 2555 1559 2608 unumne.
1578 2559 1608 2602 re

122 2640 250 2709 idemque
272 2639 340 2694 iuris
362 2639 415 2694 erit
438 2638 537 2708 etism
560 2638 584 2693 si
603 2653 620 2693 a
637 2653 692 2694 non
716 2638 827 2695 domiuo
845 2640 956 2710 emerit,
979 2654 1042 2694 oum
1061 2637 1232 2694 existimaret
1247 2652 1311 2693 eum
1330 2637 1469 2695 dominum
1488 2654 1560 2696 esse.

122 2727 194 2784 idem
213 2727 258 2782 bio
276 2726 299 2782 si
318 2743 336 2782 s
353 2726 465 2782 domino
482 2725 562 2782 heres
579 2727 723 2792 institutus
741 2725 823 2783 inerit
840 2729 885 2783 uel
902 2727 1036 2784 bonorum
1054 2727 1114 2782 eius
1131 2726 1334 2796 possessionem
1352 2727 1502 2798 aooeperit,
1519 2729 1560 2784 in·
1700 2765 1713 2800 ,

123 2817 206 2888 oipiet
227 2813 344 2872 fundum
368 2830 418 2885 pro
442 2813 544 2871 herede
564 2815 715 2886 possidere.
747 2815 800 2872 hoo
818 2817 934 2887 amplius
952 2817 976 2872 si
993 2817 1094 2871 iustam
1112 2830 1224 2870 oensem
1243 2813 1369 2871 habuerit
1386 2816 1560 2873 existimandi

123 2919 152 2961 ss
169 2903 299 2961 heredem
318 2903 363 2959 uel
380 2902 514 2960 bonorum
532 2918 719 2974 possessorem
737 2904 849 2961 domino
866 2906 1000 2974 extitisse,
1020 2903 1135 2960 fundum
1153 2918 1204 2974 pro
1221 2902 1322 2960 herede
1339 2903 1492 2974 possidebit
1508 2919 1561 2962 seo

123 3009 236 3050 oensem
256 2993 440 3063 possessionis
463 2991 517 3048 arbi
540 2997 648 3048 mutare
669 2992 816 3049 uidebitur.
848 3008 912 3050 oum
934 2993 1003 3049 haee
1025 2993 1110 3063 igitur
1127 2992 1295 3063 reeipiautur
1311 2992 1340 3048 in
1357 2993 1418 3049 eins
1434 3009 1559 3066 persona,
1579 3004 1608 3046 so

123 3083 169 3154 qui
184 3081 386 3153 possessionem
404 3080 497 3152 habet,
515 3086 619 3150 qusuto
637 3083 726 3152 magis
744 3082 772 3136 iu
790 3081 887 3138 eolono
904 3081 1062 3152 reeipienda
1073 3085 1146 3151 sunt,
1164 3081 1213 3151 qui
1227 3082 1237 3154 [Ι
1249 3095 1301 3137 neo
1312 3081 1378 3137 uiuo
1389 3096 1441 3137 neo
1452 3087 1560 3140 mortno
1577 3084 1659 3138 ttot'

123 3171 233 3228 domino
256 3170 340 3226 uliam
356 3171 560 3240 possessionem
577 3169 682 3226 hebeti
712 3175 741 3226 et
757 3175 832 3226 oerte
850 3172 874 3226 si
891 3172 1004 3228 solenus
1021 3175 1130 3226 mortuo
1148 3169 1259 3226 domino
1277 3170 1375 3230 emerit
1390 3169 1506 3226 inudnm
1524 3170 1560 3228 ab

123 3273 170 3330 eo,
187 3259 236 3330 qui
253 3257 431 3314 existimabat
448 3273 479 3314 se
496 3257 626 3314 heredem
645 3257 705 3313 eius
722 3259 768 3314 uel
785 3259 917 3315 bonorum
935 3273 1122 3330 possessorem
1140 3272 1216 3329 esse,
1239 3259 1353 3329 iooipiet
1369 3273 1419 3329 pro
1437 3264 1561 3330 emptore

94 3347 273 3417 spossidere.
300 3345 329 3402 Si
347 3347 475 3402 dominus
493 3345 571 3402 fundi
588 3345 713 3402 homines
731 3352 852 3402 armatos
869 3348 1012 3404 uenientes
1027 3347 1242 3404 existimauerit¹
1254 3351 1338 3416 atque
1349 3348 1389 3402 itu
1399 3346 1559 3420 profugerit,

123 3435 249 3507 quamuis
272 3449 353 3490 nemo
376 3449 471 3491 eorum
493 3433 608 3490 fundum
631 3435 773 3504 ingressus
795 3434 892 3506 suerit,
915 3437 944 3492 ui
965 3435 1089 3492 deieotus
1106 3435 1229 3492 uidetur:
1253 3435 1305 3496 sed
1321 3434 1405 3492 nibiio
1423 3437 1514 3492 miuus
1531 3436 1560 3492 id
1579 3447 1608 3490 se

122 3525 273 3596 praedium,
291 3524 375 3580 etism
394 3529 541 3594 antequam
559 3525 588 3580 in
605 3528 744 3594 potestate
762 3522 866 3580 domini
883 3525 988 3596 redeat,
1007 3541 1025 3580 a
1041 3525 1132 3580 bonse
1142 3523 1208 3580 fidei
1219 3539 1379 3594 possessore
1391 3525 1559 3596 usnoapitur,

124 3615 187 3684 quia
202 3614 249 3669 lex
267 3611 376 3668 Plautia
392 3616 422 3668 et
438 3611 508 3668 iulia
525 3627 560 3668 ea
576 3612 688 3669 demum
701 3613 791 3668 uetuit
800 3613 885 3684 louge
896 3614 1072 3684 possessione
1084 3614 1155 3685 ospi,
1172 3627 1244 3684 quae
1256 3613 1284 3668 ui
1295 3627 1425 3684 possessu
1434 3612 1560 3686 fuissent,

91 3709 176 3757 enon
194 3701 278 3757 etiam
296 3715 332 3756 ex
350 3699 450 3770 quibus
467 3702 497 3757 ui
514 3701 577 3772 quis
594 3701 718 3758 deieotus
736 3699 842 3758 iubet.
879 3701 910 3759 si
928 3702 994 3758 mihi
1011 3703 1115 3774 Titius,
1133 3718 1152 3758 s
1168 3715 1224 3772 quo
1241 3699 1356 3756 irrudum
1373 3706 1469 3772 petere
1485 3703 1560 3760 uole-

123 3789 201 3862 bam,
218 3790 396 3861 possessione
414 3790 542 3858 oesserit,
560 3789 738 3860 usnoapionis
756 3805 868 3846 oausam
887 3791 988 3847 iustum
1006 3789 1123 3847 habebo.
1150 3789 1200 3846 ssd
1218 3791 1296 3860 etis,
1314 3805 1331 3845 a
1348 3805 1405 3860 quo
1421 3805 1457 3847 ex
1474 3791 1560 3862 stipu-

124 3879 180 3935 iatu
198 3877 314 3936 mudum
331 3883 427 3948 petere
444 3877 580 3948 uolebam,
598 3877 723 3934 oedendo
741 3877 808 3934 mihi
820 3879 1004 3950 possessione,
1023 3880 1047 3936 si
1059 3877 1184 3936 soluendi
1195 3894 1280 3936 eausa
1291 3879 1320 3934 id
1331 3877 1436 3950 feeerit,
1453 3894 1487 3936 eo
1498 3880 1560 3952 ipso
1578 3892 1608 3934 so

90 3965 236 4038 seideiet,
261 3970 294 4022 nt
316 3965 432 4024 mudum
449 3968 532 4038 longo
550 3970 675 4038 tempore
693 3967 810 4040 sapiam.
846 3966 898 4036 Qui
915 3968 1023 4038 pignori
1040 3983 1099 4025 rem
1116 3967 1179 4040 det,
1201 3968 1343 4040 muospit,
1367 3968 1498 4039 quamdiu
1515 3984 1560 4026 res

125 4072 316 4142 samoe)

125 4235 135 4270 ²
152 4231 187 4289 de
204 4231 258 4288 hoo
275 4231 349 4302 qnod
367 4231 491 4302 preosrio
509 4229 629 4288 furiosus
646 4231 731 4289 babet
748 4234 880 4290 obsedent
897 4235 933 4303 (o.
946 4235 975 4302 ι’.)
1062 4235 1075 4270 ²
1093 4235 1159 4290 idem
1179 4233 1275 4292 Graeco·
1293 4234 1412 4303 (seniore
1429 4232 1560 4300 isdntose

123 4302 262 4360 {oresiesis
281 4303 309 4358 B
326 4303 439 4372 Anam:
458 4303 615 4360 extimuerit
632 4303 799 4373 (Uerissimi

123 4461 301 4534 2prseesri0
314 4462 340 4514 F
378 4459 585 4534 3dehoeseq.]
605 4461 693 4533 ὥοπερ
706 4461 754 4522 uris
767 4461 815 4517 rire
868 4466 982 4535 eperunt
999 4470 1079 4534 ipitur
1093 4463 1189 4520 Graeci
1200 4471 1286 4520 atnoe
1304 4465 1485 4537 distinpueutes
1501 4473 1562 4537 post

123 4532 279 4604 Διωτοχῦε
302 4531 406 4596 troardo
430 4531 536 4587 debriari
556 4534 716 4596 (((ικοκὲκογ
734 4534 814 4598 usst-
868 4533 970 4602 durat!
990 4533 1147 4604 pr‘a'eoario
1165 4536 1203 4588 F’
1255 4535 1408 4591 toireio
1427 4537 1560 4610 Fures)

123 4613 190 4660 sees
213 4604 294 4658 κικεῐ(
316 4605 362 4668 (ε
387 4607 419 4658 ut
440 4603 586 4659 interdioto
610 4605 650 4658 uti
668 4605 816 4674 possidetis
869 4605 904 4661 14
929 4605 1076 4674 ignorent
1103 4607 1140 4659 Ρ
1163 4607 1169 4673 Ι
1193 4606 1319 4677 quisque]
1348 4606 1493 4676 euboeam
1523 4609 1561 4661 F·

122 4673 218 4731 furiosi
230 4674 339 4730 nomine
351 4675 469 4744 experiri
482 4678 649 4744 possumus),
668 4675 757 4737 oirwc
775 4677 814 4731 ssi
870 4678 904 4732 16
921 4673 1078 4732 bons*e⁴F¹
1125 4678 1158 4732 19
1177 4678 1301 4732 aneiilem
1321 4679 1356 4730 F¹
1400 4679 1437 4733 20
1454 4682 1559 4748 partem

121 4747 153 4816 τῇ
173 4745 237 4800 κατὰ
255 4745 412 4816 nepisinos
426 4744 624 4816 (ῩτοῨχρῆεθΑι
638 4747 705 4818 κομᾷ
719 4749 816 4810 t=ita
868 4747 997 4817 usuoepis
1009 4747 1082 4817 apud
1097 4749 1130 4800 F¹
1176 4749 1276 4803 21(ἰηὶ
1288 4749 1324 4802 5¹
1369 4749 1561 4805 tumoiretF’

121 4818 205 4874 edam
223 4817 348 4888 preosda
365 4817 425 4872 eius
442 4817 616 4886 possessione
634 4819 695 4887 uti),
715 4817 746 4872 irs
764 4817 816 4889 πρὸ
868 4819 904 4873 24
921 4819 1123 4888 possidenitF¹
1169 4820 1204 4875 25
1217 4819 1404 4875 uideniturffl
1450 4821 1560 4889 sepos-

121 4889 170 4944 τῆ(
188 4889 282 4942 assito
300 4886 332 4942 Δι’
346 4887 442 4952 septo?
459 4889 473 4941 ir
489 4887 662 4948 osrdroirns
675 4888 707 4942 (ι’
723 4890 816 4960 ‘tripos
868 4888 1017 4944 sidentem
1057 4889 1158 4945 sostei
1171 4891 1206 4943 F1
1222 4892 1227 4956 Ι
1242 4893 1426 4961 personumF
1463 4890 1560 4946 33b0·

122 4959 197 5030 δίχα(
214 4962 261 5026 <=
279 4973 361 5028 quam
381 4964 445 5014 ente
458 4957 578 5014 furorem
591 4961 817 5030 persenelpost
868 4974 963 5015 uorem
976 4960 1104 5032 Fiam]
1151 4962 1186 5016 37
1203 4959 1339 5018 meent*
1351 4962 1388 5016 F’
1434 4961 1470 5017 38
1487 4961 1558 5032 quis]

120 5029 243 5088 imorem
264 5044 315 5102 per
336 5031 420 5088 ulium
441 5035 540 5088 neotus
563 5033 618 5100 est)
642 5031 667 5087 Β
691 5029 815 5100 tenens:
868 5030 969 5102 quibus
985 5031 1022 5086 F²
1075 5033 1111 5088 39
1128 5031 1162 5103 is]
1181 5032 1220 5090 sis
1237 5033 1276 5086 F·
