3428 5460
36 275 221 325 ennarrans
643 253 728 332 441
1108 256 1229 324 XXXX
1250 258 1271 322 5
1295 265 1409 322 ιιι-23

36 430 69 470 ιο.
94 414 177 470 Uxori
193 414 288 471 dotem
306 418 336 470 ct
353 413 420 470 alias
438 427 482 468 ros
500 413 592 483 plures
610 413 714 484 legauit
732 418 760 470 ot
774 413 833 470 eius
845 412 910 470 fidei
922 415 1065 484 commisit,
1085 420 1116 470 ut
1127 414 1285 485 Aquilinum
1299 431 1408 472 seruum

36 505 111 562 trium
135 504 256 560 mulieris
279 502 353 573 apud
375 502 517 558 eonsilium
542 502 757 558 manumitteret:
782 502 811 558 id
834 509 918 572 negat
935 519 966 559 se
984 502 1075 560 iacere
1092 502 1206 574 debere,
1231 504 1305 574 quod
1323 505 1410 576 ipsius

36 593 100 650 rrius
117 597 203 648 esset:
227 607 343 662 quaero,
367 607 404 647 an
421 591 533 646 libertas
552 592 577 646 ei
595 590 737 648 debeatur.
767 591 910 661 rsepondit
927 607 1054 662 uxorem,
1077 593 1101 648 si
1119 607 1155 648 ex
1172 597 1336 649 testamento
1354 610 1410 650 non

36 699 65 738 m
82 681 180 752 dotem,
199 680 249 737 aad
267 681 351 737 etiam
370 685 462 736 cetera
478 681 571 750 legata
583 681 716 750 praestari
728 679 781 736 sibi
793 681 884 750 uellet,
903 681 1118 750 compellandam
1131 696 1165 736 ox
1176 697 1261 740 causa
1271 680 1409 740 fideicom-

36 769 226 840 nequinum
244 771 436 826 manumittere
454 784 587 839 eumque,
605 784 667 826 cum
685 767 754 824 liber
772 769 831 838 erit,
849 770 996 838 petiturum
1016 785 1138 840 eaquae
1156 770 1209 826 sibi
1226 771 1318 840 legata
1336 776 1408 826 sunt.
1427 779 1441 821 ι

36 860 197 915 ?orrrourus
217 858 287 914 libro
305 859 423 928 septimo
441 859 629 927 epistularum.
665 857 748 928 Apud
766 857 901 914 lrrlianum
920 858 960 912 ita
977 841 1109 927 so'riptum
1127 865 1184 914 ost:
1203 859 1233 914 ‘si
1252 855 1409 942 [Q
1428 863 1475 936 Af

36 963 65 1004 ea
81 953 190 1018 rogatus
208 963 319 1002 seruum
338 946 530 1004 manumittere
548 962 583 1002 ex
595 945 768 1002 Trebelliano
787 951 900 1002 senatus
918 948 1043 1004 consulto
1061 947 1239 1006 hereditatem
1251 949 1409 1019 restituerit,

36 1037 47 1090 i
66 1035 171 1092 debebit
189 1035 389 1106 manumittere,
408 1039 446 1104 et,
465 1035 489 1090 si
506 1033 625 1090 latitabit
644 1036 688 1092 uel
703 1035 727 1090 si
738 1035 813 1092 insta
824 1051 858 1090 ex
871 1051 956 1092 causa
967 1036 1062 1107 aberit,
1081 1042 1192 1106 praetor
1202 1051 1287 1094 causa
1299 1037 1410 1107 cognita

36 1123 130 1180 andum
148 1129 261 1180 senatus
280 1123 406 1180 consulta
422 1123 460 1178 ad
477 1139 526 1180 eas
544 1139 643 1180 causas
660 1124 826 1194 pertinentia
842 1126 1018 1196 pronuntiare
1036 1124 1156 1180 debebit.
1182 1125 1207 1180 si
1219 1140 1285 1184 uero
1297 1141 1408 1182 seruum

36 1213 181 1283 ceperitis,
200 1213 245 1268 cui
262 1212 401 1268 hereditas
419 1213 548 1268 restituta
565 1211 655 1282 suerit,
673 1213 763 1282 ipsum
781 1214 928 1283 competit¹
949 1214 1140 1270 manumittere
1158 1219 1187 1270 et
1199 1213 1297 1270 eadem
1309 1215 1336 1270 in
1347 1229 1409 1286 per·
1428 1223 1456 1265 1⁰

36 1317 81 1356 am
95 1303 153 1358 eius
170 1301 312 1358 obseruari
331 1302 484 1371 conueniat,
502 1317 574 1370 quae
592 1302 666 1358 circa
677 1307 814 1371 emptores
827 1302 959 1358 custodhi
971 1303 1076 1360 solent'.
1104 1319 1139 1360 an
1151 1303 1220 1360 haec
1231 1318 1298 1360 uera
1308 1304 1409 1375 putea?

36 1409 42 1444 ι
62 1405 108 1460 ego
126 1391 250 1446 discendi
268 1391 428 1462 cupiditate,
447 1405 529 1459 quam
548 1391 634 1446 solam
653 1389 765 1446 uiuendi
782 1392 915 1448 rationem
934 1392 1066 1462 optimam
1078 1393 1106 1448 iu
1117 1396 1247 1450 οοιιιιιιι
1259 1399 1288 1450 et
1299 1397 1408 1464 septua-

36 1479 110 1534 'unuur
127 1493 229 1536 anuum
249 1480 348 1535 aetatis
366 1478 441 1548 duxi,
459 1493 564 1534 memor
576 1496 636 1534 snm
649 1480 708 1534 eius
721 1481 883 1550 sententiae,
902 1481 949 1550 qui
961 1481 1064 1536 dixisse
1077 1479 1175 1538 lemur:
1194 1481 1242 1536 sis
1256 1480 1303 1536 rba
1315 1481 1409 1554 irspos

36 1565 92 1621 ais
109 1567 138 1638 τῇ
158 1569 230 1640 copti:
249 1567 316 1638 ἔχω,
342 1569 501 1639 apoc-saccis
521 1587 542 1622 rr
564 1569 714 1632 eosaoiuas.
747 1566 757 1638 Η
777 1568 924 1624 bellissime
942 1569 1036 1626 Ariete
1055 1576 1083 1626 et
1101 1570 1257 1626 Oetauenue
1274 1569 1411 1641 putabunt
1428 1573 1490 1633 qil
1513 1572 1586 1620 hili

36 1670 55 1710 ‚c
75 1671 191 1726 sernum,
215 1656 251 1712 de
269 1671 325 1726 qno
343 1663 533 1727 quaereretur,
557 1656 784 1714 fideicommissae
802 1657 962 1714 hereditatis
980 1673 1034 1715 non
1053 1671 1128 1728 esse,
1152 1659 1217 1728 quia
1233 1663 1349 1716 testator
1366 1673 1409 1714 ro·
1429 1665 1457 1708 tt

36 1743 73 1800 ido
92 1741 229 1814 heredem,
254 1751 285 1800 ut
302 1761 366 1802 eum
384 1747 603 1816 manumitteret,
627 1761 681 1802 non
699 1746 809 1804 uidetur
826 1747 861 1802 de
880 1761 913 1802 eo
931 1747 1100 1802 restituendo
1119 1748 1253 1804 sensisse:
1276 1749 1299 1804 si
1317 1753 1410 1804 tamen

51 1847 156 1890 errorem
174 1832 211 1890 ab
228 1833 331 1890 herede
348 1835 429 1890 datos
448 1834 538 1904 fuerit,
557 1851 591 1891 ea
609 1835 726 1892 dicenda
744 1840 809 1890 sunt
826 1851 897 1904 quae
914 1835 1036 1892 lulianus
1054 1834 1158 1892 scribit.

40 1921 206 1978 Promissus
224 1922 293 1978 libro
311 1924 508 1980 nonodecimo
527 1924 727 1995 quaestionum.
755 1924 848 1993 'Roga
868 1939 902 1980 ne
921 1923 1031 1980 Stichus
1048 1924 1160 1980 alterius
1177 1939 1232 1982 ser-
1251 1921 1408 2008 [BER—Ui
1428 1926 1455 1981 P

36 2013 99 2066 uem
115 2011 287 2082 experiatur.
315 2013 435 2082 intellegi
453 2013 546 2069 datam
564 2011 803 2068 fideicommisaam
821 2011 974 2068 libertatem
993 2013 1097 2084 placuit
1110 2013 1240 2084 principi:
1258 2015 1325 2084 quid
1336 2015 1409 2070 euim

36 2101 217 2156 racharium
242 2106 286 2156 eat
308 2101 436 2158 seruituti
457 2118 540 2172 quam
561 2102 694 2158 libertas?
725 2115 777 2156 nec
796 2107 888 2158 tamen
906 2103 985 2171 quasi
1002 2105 1067 2173 post
1085 2106 1199 2158 mortam
1218 2102 1327 2160 heredis
1344 2103 1411 2160 data
1429 2109 1458 2150 ιι

36 2185 125 2244 labitur:
147 2189 223 2258 quod
246 2205 279 2246 co
296 2191 429 2261 perduct,
452 2197 496 2260 ut,
519 2192 543 2246 si
561 2192 642 2246 uiuus
660 2205 723 2246 eum
741 2191 916 2260 alienauerit,
940 2189 1083 2246 confestim
1101 2189 1214 2248 libertas
1231 2196 1341 2262 petatur
1358 2207 1410 2250 neo

36 2275 72 2331 uit
84 2277 114 2334 ad
130 2277 333 2349 impediendam
350 2277 485 2336 libertatis
502 2280 671 2350 petitionem,
690 2280 713 2336 si
731 2278 878 2334 redemerit
895 2293 966 2348 eum,
985 2280 1063 2336 cuius
1076 2281 1160 2336 semel
1172 2279 1297 2336 condicio
1309 2281 1409 2338 extitit.

36 2380 60 2418 m
78 2367 241 2436 probandum
262 2373 306 2422 est
324 2371 352 2423 et
370 2369 394 2424 si
412 2383 467 2424 non
485 2369 640 2425 uoluntaria
658 2369 786 2424 alienatio
804 2367 840 2424 ab
858 2367 959 2424 herede
977 2365 1052 2424 facta
1069 2373 1126 2424 est:
1150 2383 1202 2424 neo
1219 2365 1409 2440 refragabitur,

36 2451 126 2512 cinon
147 2472 198 2527 per
218 2456 309 2527 ipsum
328 2457 454 2512 alienatio
473 2455 547 2512 iacta
565 2462 616 2512 est.
648 2455 701 2512 suit
718 2457 791 2514 enim
809 2457 888 2525 qnasi
906 2455 1050 2512 statuliber
1068 2461 1097 2512 et
1114 2472 1286 2528 quacumque
1303 2457 1410 2514 ratione

36 2539 101 2600 udicio
115 2545 228 2616 impleta
245 2550 297 2600 est
1428 2553 1457 2595 ιθ

45 2629 107 2690 lusu
121 2633 189 2691 libro
208 2633 358 2690 uicensimo
376 2633 497 2690 secundo
516 2635 717 2703 quaestionum.
747 2633 777 2689 Si
794 2633 926 2702 legatario
944 2631 1022 2690 fundi
1039 2633 1135 2690 decem
1153 2635 1234 2704 pretii
1251 2629 1409 2720 [DQ
1428 2637 1455 2690 P

36 2719 90 2776 nine
103 2724 197 2780 relicta
215 2723 271 2778 sint
287 2723 315 2778 in
334 2722 394 2793 hoc,
412 2731 440 2780 ut
457 2739 567 2778 seruum
582 2739 662 2778 suurn
675 2724 857 2792 manumittat,
875 2723 1002 2792 quamuis
1014 2721 1092 2778 fundi
1103 2723 1224 2792 legatum
1238 2724 1409 2796 adgnouerit,
1522 2785 1527 2795 ,

38 2809 110 2867 hmeu
126 2812 259 2882 pecuniae
276 2816 388 2882 propter
405 2813 588 2868 interuentnm
606 2811 745 2868 Falcidiae
763 2827 817 2868 non
829 2812 1000 2882 adgnouerit,
1019 2811 1159 2881 cogendus
1172 2817 1255 2870 estet
1265 2814 1410 2884 pecuniam

36 2894 102 2964 liuere
117 2899 211 2956 habita
227 2901 298 2970 legis
316 2901 454 2957 Falcidiae
471 2902 578 2956 ratione
591 2907 619 2956 et
631 2916 712 2956 seruo
724 2899 1003 2956 fideicommissariam
1014 2899 1167 2956 libertatem
1181 2907 1328 2972 praestare,
1347 2918 1409 2958 oum

36 2986 72 3040 nel
85 2985 155 3044 iundi
172 2990 294 3058 legatum
313 2988 454 3058 adgnouit.
481 2989 507 3044 A
526 2988 634 3046 duobus
652 2989 799 3046 heredibus
816 2991 863 3059 qui
881 2995 937 3044 tres
955 3003 1052 3046 seruos
1069 2988 1189 3048 habebat
1200 2991 1278 3060 petit,
1297 2994 1328 3046 nt
1339 2990 1410 3048 duos
1429 2997 1458 3038 ιι

52 3071 85 3129 lu
103 3093 168 3148 qnos
191 3077 344 3132 uoluissent
368 3080 576 3134 manumittunt:
600 3079 686 3134 altero
710 3078 841 3134 heredum
863 3078 989 3134 latitante
1012 3079 1081 3134 alter
1098 3079 1233 3148 declarat,
1256 3093 1326 3147 quoa
1343 3079 1412 3136 uelit

36 3165 174 3222 urmturs.
206 3172 301 3237 potest
321 3167 376 3222 dici
394 3165 453 3222 lieri
470 3167 584 3238 liberos,
607 3171 640 3222 ut
656 3167 769 3238 perinde
786 3167 898 3222 libertas
916 3171 1069 3238 competat,
1093 3177 1126 3222 ιο
1144 3167 1168 3222 si
1185 3179 1317 3236 praeseus
1335 3167 1412 3224 solua

36 3253 166 3311 domuere
184 3255 330 3326 potuisset.
357 3256 432 3325 qnod
450 3257 473 3311 si
491 3271 527 3312 ex
544 3257 632 3312 seruis
650 3271 722 3312 unus
740 3256 897 3326 decesserit,
916 3256 975 3312 siue
993 3256 1067 3312 iusta
1084 3270 1119 3312 ex
1138 3270 1223 3312 οιιιιι
1240 3253 1314 3311 absit
1330 3255 1410 3312 heres

36 3349 55 3389 ¹0
67 3337 107 3397 lari
122 3359 174 3400 uon
192 3344 281 3414 possit
300 3362 317 3400 a
334 3359 388 3414 qno
407 3345 524 3414 petitum
542 3350 594 3414 est,
612 3343 777 3400 deterrente
794 3349 921 3415 praetore
939 3343 1009 3402 duos
1021 3345 1068 3415 qui
1080 3349 1229 3415 supersunt
1239 3343 1298 3400 lieri
1310 3343 1410 3402 llberos

37 3431 115 3486 cussit
140 3431 208 3490 Gum
227 3433 251 3488 is
270 3433 317 3503 qui
334 3431 575 3490 fideicommissum
594 3432 748 3490 libertatem
766 3437 907 3503 praestare
924 3433 1008 3489 dohet
1025 3433 1099 3490 iusta
1116 3449 1152 3490 ex
1169 3449 1258 3490 causa
1271 3431 1352 3490 abest
1362 3439 1413 3492 aut
1428 3441 1457 3482 δῦ

36 3511 87 3570 ilat:
106 3527 149 3577 aut
166 3521 279 3592 quidam
297 3529 458 3592 praesentes
476 3529 554 3592 aunt,
573 3523 619 3578 alii
637 3537 672 3578 ex
690 3522 764 3578 iusta
781 3537 866 3578 eausa
883 3521 997 3592 absunt,
1016 3523 1137 3578 nonnulli
1154 3521 1304 3580 frustrandi
1320 3522 1411 3592 matio

36 3596 177 3667 bennum
195 3611 302 3680 copiam
321 3611 364 3666 sui
381 3627 437 3668 non
454 3609 571 3667 iaciunt:
593 3615 642 3666 aut
660 3611 694 3681 ei,
712 3612 759 3681 qui
777 3610 930 3668 libertatem
949 3611 1053 3680 debuit,
1072 3611 1152 3666 heres
1169 3626 1224 3666 uon
1241 3611 1343 3668 extitit:
1363 3616 1412 3668 aut

36 3701 62 3744 ua
78 3692 145 3754 heres
166 3699 321 3756 hereditate
344 3713 375 3756 aa
398 3698 545 3758 abstinuit:
570 3705 680 3770 praetor
703 3701 879 3770 pronuntiare
903 3699 987 3756 debat
1009 3715 1045 3756 ex
1066 3704 1231 3756 testamento
1250 3699 1328 3758 Lucii
1345 3697 1412 3756 Titii

36 3771 212 3844 lticoumissam
235 3787 389 3846 libertatem
411 3793 575 3860 competere.
608 3788 691 3868 idque
709 3793 821 3844 senatus
839 3789 964 3844 consulto
981 3788 1198 3845 demonstratum
1216 3793 1273 3858 est,
1294 3803 1350 3858 quo
1367 3802 1410 3844 se·

36 3865 73 3922 ill
86 3877 198 3934 comulto
216 3876 443 3948 comprehensum
461 3882 513 3948 est,
532 3892 566 3934 no
585 3869 699 3934 dubium
712 3883 741 3934 et
752 3877 899 3934 obscurum
912 3883 994 3947 esset,
1013 3877 1090 3934 cuius
1102 3876 1216 3933 libertus
1228 3875 1316 3947 lieret,
1332 3889 1410 3947 prae·
1428 3885 1458 3926 ιο

36 3965 257 4030 mensuratam
275 3967 385 4038 dabore,
404 3968 451 4038 qui
468 3983 503 4023 ex
521 3968 595 4024 iusta
612 3982 697 4022 causa
714 3971 743 4022 et
757 3965 807 4036 'qui
825 3965 1021 4024 detractandae
1039 3964 1174 4021 libertatis
1191 3965 1282 4035 matio
1298 3963 1379 4020 absit.

52 4040 111 4106 loru
129 4053 195 4111 libro
218 4071 291 4112 nono
314 4071 533 4127 responsorum
552 4055 819 4112 Fideicommissaria
840 4056 953 4112 libertas
969 4059 1115 4127 praetextu
1133 4054 1236 4124 compi·
1254 4051 1410 4136 [ᾗῖιῇῖι
1430 4056 1457 4109 P

36 4129 66 4183 Μ
79 4134 223 4200 hammum
241 4149 290 4200 aut
306 4145 421 4201 rationis
438 4150 534 4216 gestae
552 4160 607 4199 non
626 4145 757 4200 differtur.
785 4144 1077 4201 Fideicommissan'am
1097 4141 1250 4198 libertatem
1263 4141 1298 4198 ab
1310 4131 1411 4200 hc're‘da

36 4226 53 4268 'l
70 4233 211 4290 eremitam
236 4233 377 4303 cogendus
400 4237 443 4288 est
464 4231 572 4288 heredia
593 4233 687 4304 heres,
711 4234 757 4303 qui
776 4235 947 4290 restituitor
965 4232 1137 4290 Trebelliano
1155 4235 1268 4288 cenatus
1286 4231 1411 4288 consulto

36 4305 168 4392 induam,
192 4326 346 4394 praestare,
371 4323 395 4378 si
419 4321 478 4378 eins
501 4337 646 4391 personam
670 4321 755 4392 eligat
774 4323 823 4392 qui
839 4321 1073 4378 manumittendus
1091 4326 1142 4377 est.
1178 4319 1294 4378 Seruum
1311 4321 1412 4391 peculii
1428 4329 1457 4371 tt

36 4399 191 4488 lllzuoo)

36 4487 818 4521 m*

36 4533 137 4603 fflfflbetit
153 4545 200 4599 del.

36 4609 399 4642 'Ka-m...

36 4647 165 4728 dibelliti'¹
211 4677 247 4730 le
262 4675 426 4745 usucaperit]
440 4675 605 4731 Dorotheus:
619 4673 666 4730 tia
721 4674 750 4730 ἒιι
769 4677 800 4746 τι]
821 4676 891 4746 οὸρῳ
911 4677 979 4746 ἓχωι
996 4677 1000 4743 Ι
1016 4679 1045 4731 et
1062 4676 1222 4746 comnenus]
1243 4677 1280 4730 sei
1300 4677 1411 4732 Cadiaoc

37 4741 364 4816 '‘JecieossanmcichS,
377 4747 578 4818 susceperitFl
594 4763 666 4803 com·
720 4747 769 4802 BS
807 4749 839 4802 16
852 4747 938 4816 daeo]
952 4747 1014 4802 ideo
1027 4748 1107 4802 eoF·
1144 4747 1409 4816 auctoratorum
1473 4787 1476 4794 «

36 4797 72 4912 ξι]
90 4815 130 4870 nr
151 4819 244 4890 (musy.
262 4819 297 4872 ιι.
316 4819 455 4886 conuento
478 4819 511 4882 o,
537 4819 667 4874 conuenit
720 4819 754 4873 ar
778 4819 817 4887 ιι]
842 4817 996 4884 xrnroo,
1019 4838 1068 4873 om.
1086 4819 1120 4872 r:
1145 4817 1183 4872 ιιι
1208 4819 1247 4885 τῷ
1270 4817 1318 4872 ιιι
1341 4819 1409 4872 moa

40 4873 95 4936 ‘MC
132 4890 164 4942 12
176 4889 212 4957 etl
227 4889 318 4944 esti*¹
335 4891 339 4956 Ι
355 4889 619 4960 septuage's'simnm
630 4891 667 4942 F’
720 4889 823 4944 nistros
848 4889 1020 4961 iaaseepdrca:
1044 4890 1093 4944 BS
1150 4890 1186 4944 34
1207 4888 1336 4944 liber‘t'oa
1359 4889 1409 4944 F³r

45 4957 323 5032 erufammsms
333 4961 546 5032 iustitHauptiue
554 4963 667 5016 Lucioui
721 4961 831 5026 sisenna:
850 4959 983 5032 ὲΛιῨθεροι
1002 4961 1052 5018 BS
1104 4961 1140 5016 45
1158 4961 1199 5020 *ti*
1211 4961 1271 5018 eiua
1291 4959 1326 5017 Fi

36 5023 161 5084 T'tubicen
173 5032 253 5086 aie.-
271 5032 309 5086 sai
323 5031 370 5087 τὸιι
382 5031 474 5104 ἕτεροι
487 5031 562 5098 adhe,
579 5033 664 5098 cacia,
