<?xml version="1.0" encoding="UTF-8"?>
<!DOCTYPE html PUBLIC "-//W3C//DTD XHTML 1.0 Transitional//EN"
    "http://www.w3.org/TR/xhtml1/DTD/xhtml1-transitional.dtd">
<html xmlns="http://www.w3.org/1999/xhtml" xml:lang="en" lang="en">
 <head>
  <title>
</title>
<meta http-equiv="Content-Type" content="text/html;charset=utf-8" />
  <meta name='ocr-system' content='tesseract 3.04.00' />
  <meta name='ocr-capabilities' content='ocr_page ocr_carea ocr_par ocr_line ocrx_word'/>
</head>
<body>
  <div class='ocr_page' id='page_1' title='image "./digestaiustinia00kruegoog_0820.png"; bbox 0 0 3614 5460; ppageno 0'>
   <div class='ocr_carea' id='block_1_1' title="bbox 170 9 287 74">
    <p class='ocr_par' dir='ltr' id='par_1_1' title="bbox 170 9 287 74">
     <span class='ocr_line' id='line_1_1' title="bbox 170 9 287 74; baseline 0 0"><span class='ocrx_word' id='word_1_1' title='bbox 170 9 173 16; x_wconf 80' lang='grc'><strong>“</strong></span> <span class='ocrx_word' id='word_1_2' title='bbox 271 26 287 74; x_wconf 84' lang='lat' dir='ltr'><strong>a</strong></span> 
     </span>
    </p>
   </div>
   <div class='ocr_carea' id='block_1_2' title="bbox 90 247 1525 340">
    <p class='ocr_par' dir='ltr' id='par_1_2' title="bbox 90 247 1525 340">
     <span class='ocr_line' id='line_1_2' title="bbox 90 247 1525 340; baseline 0.001 -9"><span class='ocrx_word' id='word_1_3' title='bbox 90 283 139 332; x_wconf 84' lang='lat' dir='ltr'><strong>am</strong></span> <span class='ocrx_word' id='word_1_4' title='bbox 155 282 231 330; x_wconf 82' lang='lat' dir='ltr'><strong>cac.</strong></span> <span class='ocrx_word' id='word_1_5' title='bbox 247 281 315 330; x_wconf 82' lang='lat' dir='ltr'><strong>run.</strong></span> <span class='ocrx_word' id='word_1_6' title='bbox 332 282 517 330; x_wconf 83' lang='lat' dir='ltr'><strong>nnsnunr.</strong></span> <span class='ocrx_word' id='word_1_7' title='bbox 535 281 657 333; x_wconf 80' lang='lat' dir='ltr'><strong>cosso.</strong></span> <span class='ocrx_word' id='word_1_8' title='bbox 761 247 851 340; x_wconf 84' lang='grc'><strong>805</strong></span> <span class='ocrx_word' id='word_1_9' title='bbox 1091 257 1095 260; x_wconf 65' lang='grc'><strong>’</strong></span> <span class='ocrx_word' id='word_1_10' title='bbox 1190 265 1383 336; x_wconf 82' lang='lat' dir='ltr'><strong>XXXXVIll</strong></span> <span class='ocrx_word' id='word_1_11' title='bbox 1405 268 1426 334; x_wconf 86' lang='lat'>5</span> <span class='ocrx_word' id='word_1_12' title='bbox 1445 277 1525 333; x_wconf 78' lang='lat' dir='ltr'><strong>2-u</strong></span> 
     </span>
    </p>
   </div>
   <div class='ocr_carea' id='block_1_3' title="bbox 52 421 1700 4237">
    <p class='ocr_par' dir='ltr' id='par_1_3' title="bbox 90 421 1524 498">
     <span class='ocr_line' id='line_1_3' title="bbox 90 421 1524 498; baseline 0.003 -20"><span class='ocrx_word' id='word_1_13' title='bbox 90 423 206 492; x_wconf 89' lang='lat' dir='ltr'><strong>repellat</strong></span> <span class='ocrx_word' id='word_1_14' title='bbox 224 422 350 478; x_wconf 85' lang='lat' dir='ltr'><strong>maritum</strong></span> <span class='ocrx_word' id='word_1_15' title='bbox 369 421 405 476; x_wconf 89' lang='lat' dir='ltr'><strong>ab</strong></span> <span class='ocrx_word' id='word_1_16' title='bbox 424 421 618 478; x_wconf 68' lang='lat' dir='ltr'><strong>accusatione?</strong></span> <span class='ocrx_word' id='word_1_17' title='bbox 647 425 676 477; x_wconf 91' lang='lat' dir='ltr'><strong>ct</strong></span> <span class='ocrx_word' id='word_1_18' title='bbox 693 425 786 492; x_wconf 91' lang='lat' dir='ltr'><strong>putem</strong></span> <span class='ocrx_word' id='word_1_19' title='bbox 806 435 860 478; x_wconf 93' lang='lat' dir='ltr'><strong>non</strong></span> <span class='ocrx_word' id='word_1_20' title='bbox 879 422 1023 492; x_wconf 88' lang='lat' dir='ltr'><strong>repellere:</strong></span> <span class='ocrx_word' id='word_1_21' title='bbox 1046 422 1209 480; x_wconf 79' lang='lat' dir='ltr'><strong>lenocinium</strong></span> <span class='ocrx_word' id='word_1_22' title='bbox 1227 425 1311 494; x_wconf 78' lang='lat' dir='ltr'><strong>igitur</strong></span> <span class='ocrx_word' id='word_1_23' title='bbox 1328 427 1418 482; x_wconf 90' lang='lat' dir='ltr'><strong>mariti</strong></span> <span class='ocrx_word' id='word_1_24' title='bbox 1435 426 1524 498; x_wconf 90' lang='lat' dir='ltr'><strong>ipsum</strong></span> 
     </span>
    </p>

    <p class='ocr_par' dir='ltr' id='par_1_4' title="bbox 55 509 1526 764">
     <span class='ocr_line' id='line_1_4' title="bbox 55 509 1525 585; baseline 0.006 -21"><span class='ocrx_word' id='word_1_25' title='bbox 55 519 71 564; x_wconf 83' lang='lat' dir='ltr'><strong>a</strong></span> <span class='ocrx_word' id='word_1_26' title='bbox 90 509 200 582; x_wconf 74' lang='lat' dir='ltr'><strong>onerat,</strong></span> <span class='ocrx_word' id='word_1_27' title='bbox 215 527 269 568; x_wconf 92' lang='lat' dir='ltr'><strong>non</strong></span> <span class='ocrx_word' id='word_1_28' title='bbox 288 511 427 567; x_wconf 87' lang='lat' dir='ltr'><strong>mulierem</strong></span> <span class='ocrx_word' id='word_1_29' title='bbox 446 515 569 566; x_wconf 84' lang='lat' dir='ltr'><strong>excusat.</strong></span> <span class='ocrx_word' id='word_1_30' title='bbox 600 510 679 566; x_wconf 84' lang='lat' dir='ltr'><strong>Unde</strong></span> <span class='ocrx_word' id='word_1_31' title='bbox 697 512 791 582; x_wconf 90' lang='lat' dir='ltr'><strong>quaeri</strong></span> <span class='ocrx_word' id='word_1_32' title='bbox 808 516 907 582; x_wconf 85' lang='lat' dir='ltr'><strong>potest,</strong></span> <span class='ocrx_word' id='word_1_33' title='bbox 927 527 962 566; x_wconf 91' lang='lat' dir='ltr'><strong>an</strong></span> <span class='ocrx_word' id='word_1_34' title='bbox 980 512 1013 582; x_wconf 92' lang='lat' dir='ltr'><strong>is,</strong></span> <span class='ocrx_word' id='word_1_35' title='bbox 1031 513 1078 582; x_wconf 91' lang='lat' dir='ltr'><strong>qui</strong></span> <span class='ocrx_word' id='word_1_36' title='bbox 1096 511 1132 568; x_wconf 90' lang='lat' dir='ltr'><strong>de</strong></span> <span class='ocrx_word' id='word_1_37' title='bbox 1149 512 1283 570; x_wconf 87' lang='lat' dir='ltr'><strong>adulterio</strong></span> <span class='ocrx_word' id='word_1_38' title='bbox 1301 516 1451 585; x_wconf 79' lang='lat' dir='ltr'><strong>cognoscit,</strong></span> <span class='ocrx_word' id='word_1_39' title='bbox 1469 519 1525 573; x_wconf 89' lang='lat' dir='ltr'><strong>sta·</strong></span> 
     </span>
     <span class='ocr_line' id='line_1_5' title="bbox 90 599 1525 673; baseline 0.004 -17"><span class='ocrx_word' id='word_1_40' title='bbox 90 607 170 656; x_wconf 88' lang='lat' dir='ltr'><strong>tuere</strong></span> <span class='ocrx_word' id='word_1_41' title='bbox 194 602 222 656; x_wconf 91' lang='lat' dir='ltr'><strong>iu</strong></span> <span class='ocrx_word' id='word_1_42' title='bbox 241 602 367 656; x_wconf 90' lang='lat' dir='ltr'><strong>maritum</strong></span> <span class='ocrx_word' id='word_1_43' title='bbox 387 599 423 656; x_wconf 91' lang='lat' dir='ltr'><strong>ob</strong></span> <span class='ocrx_word' id='word_1_44' title='bbox 440 599 604 656; x_wconf 82' lang='lat' dir='ltr'><strong>lenocinium</strong></span> <span class='ocrx_word' id='word_1_45' title='bbox 623 600 729 670; x_wconf 86' lang='lat' dir='ltr'><strong>possit?</strong></span> <span class='ocrx_word' id='word_1_46' title='bbox 760 604 789 656; x_wconf 90' lang='lat' dir='ltr'><strong>et</strong></span> <span class='ocrx_word' id='word_1_47' title='bbox 806 605 873 670; x_wconf 88' lang='lat' dir='ltr'><strong>puto</strong></span> <span class='ocrx_word' id='word_1_48' title='bbox 891 615 982 670; x_wconf 90' lang='lat' dir='ltr'><strong>posse.</strong></span> <span class='ocrx_word' id='word_1_49' title='bbox 1015 617 1078 656; x_wconf 85' lang='lat' dir='ltr'><strong>nam</strong></span> <span class='ocrx_word' id='word_1_50' title='bbox 1098 601 1228 658; x_wconf 81' lang='lat' dir='ltr'><strong>Claudius</strong></span> <span class='ocrx_word' id='word_1_51' title='bbox 1247 602 1356 673; x_wconf 77' lang='lat' dir='ltr'><strong>Gorgos</strong></span> <span class='ocrx_word' id='word_1_52' title='bbox 1374 605 1416 660; x_wconf 91' lang='lat' dir='ltr'><strong>uir</strong></span> <span class='ocrx_word' id='word_1_53' title='bbox 1434 606 1525 662; x_wconf 90' lang='lat' dir='ltr'><strong>claris-</strong></span> 
     </span>
     <span class='ocr_line' id='line_1_6' title="bbox 90 688 1526 764; baseline 0.005 -20"><span class='ocrx_word' id='word_1_54' title='bbox 90 689 178 745; x_wconf 89' lang='lat' dir='ltr'><strong>airnns</strong></span> <span class='ocrx_word' id='word_1_55' title='bbox 202 705 315 745; x_wconf 84' lang='lat' dir='ltr'><strong>uxorem</strong></span> <span class='ocrx_word' id='word_1_56' title='bbox 334 705 467 744; x_wconf 82' lang='lat' dir='ltr'><strong>accusem</strong></span> <span class='ocrx_word' id='word_1_57' title='bbox 485 704 547 744; x_wconf 92' lang='lat' dir='ltr'><strong>cum</strong></span> <span class='ocrx_word' id='word_1_58' title='bbox 565 688 692 746; x_wconf 81' lang='lat' dir='ltr'><strong>detectus</strong></span> <span class='ocrx_word' id='word_1_59' title='bbox 709 693 753 746; x_wconf 91' lang='lat' dir='ltr'><strong>est</strong></span> <span class='ocrx_word' id='word_1_60' title='bbox 770 704 882 744; x_wconf 83' lang='lat' dir='ltr'><strong>uxorem</strong></span> <span class='ocrx_word' id='word_1_61' title='bbox 901 690 929 744; x_wconf 91' lang='lat' dir='ltr'><strong>in</strong></span> <span class='ocrx_word' id='word_1_62' title='bbox 948 689 1081 746; x_wconf 88' lang='lat' dir='ltr'><strong>adulterio</strong></span> <span class='ocrx_word' id='word_1_63' title='bbox 1099 691 1296 762; x_wconf 74' lang='lat' dir='ltr'><strong>deprehensam</strong></span> <span class='ocrx_word' id='word_1_64' title='bbox 1315 693 1473 764; x_wconf 73' lang='lat' dir='ltr'><strong>retinuisse,</strong></span> <span class='ocrx_word' id='word_1_65' title='bbox 1497 701 1526 751; x_wconf 91' lang='lat' dir='ltr'><strong>et</strong></span> 
     </span>
    </p>

    <p class='ocr_par' dir='ltr' id='par_1_5' title="bbox 56 777 1557 852">
     <span class='ocr_line' id='line_1_7' title="bbox 56 777 1557 852; baseline 0.004 -20"><span class='ocrx_word' id='word_1_66' title='bbox 56 785 71 832; x_wconf 83' lang='grc'><strong>7</strong></span> <span class='ocrx_word' id='word_1_67' title='bbox 90 779 151 834; x_wconf 92' lang='lat' dir='ltr'><strong>aine</strong></span> <span class='ocrx_word' id='word_1_68' title='bbox 169 783 329 834; x_wconf 68' lang='lat' dir='ltr'><strong>accusatore</strong></span> <span class='ocrx_word' id='word_1_69' title='bbox 346 778 495 834; x_wconf 86' lang='lat' dir='ltr'><strong>lenocinio¹</strong></span> <span class='ocrx_word' id='word_1_70' title='bbox 515 777 661 834; x_wconf 87' lang='lat' dir='ltr'><strong>damnatus</strong></span> <span class='ocrx_word' id='word_1_71' title='bbox 679 783 722 834; x_wconf 88' lang='lat' dir='ltr'><strong>est</strong></span> <span class='ocrx_word' id='word_1_72' title='bbox 739 794 757 834; x_wconf 89' lang='lat' dir='ltr'><strong>a</strong></span> <span class='ocrx_word' id='word_1_73' title='bbox 774 777 839 834; x_wconf 92' lang='lat' dir='ltr'><strong>diuo</strong></span> <span class='ocrx_word' id='word_1_74' title='bbox 854 777 966 834; x_wconf 80' lang='lat' dir='ltr'><strong>Seuero.</strong></span> <span class='ocrx_word' id='word_1_75' title='bbox 994 780 1148 836; x_wconf 83' lang='lat' dir='ltr'><strong>Extraueus</strong></span> <span class='ocrx_word' id='word_1_76' title='bbox 1160 786 1253 836; x_wconf 91' lang='lat' dir='ltr'><strong>autem</strong></span> <span class='ocrx_word' id='word_1_77' title='bbox 1266 797 1438 852; x_wconf 88' lang='lat' dir='ltr'><strong>nequaquam</strong></span> <span class='ocrx_word' id='word_1_78' title='bbox 1450 785 1524 841; x_wconf 90' lang='lat' dir='ltr'><strong>leuc·</strong></span> <span class='ocrx_word' id='word_1_79' title='bbox 1543 795 1557 836; x_wconf 84' lang='lat' dir='ltr'><strong>a</strong></span> 
     </span>
    </p>

    <p class='ocr_par' dir='ltr' id='par_1_6' title="bbox 55 865 1572 1388">
     <span class='ocr_line' id='line_1_8' title="bbox 55 865 1525 942; baseline 0.006 -22"><span class='ocrx_word' id='word_1_80' title='bbox 55 875 71 920; x_wconf 84' lang='lat' dir='ltr'><strong>a</strong></span> <span class='ocrx_word' id='word_1_81' title='bbox 91 869 192 924; x_wconf 91' lang='lat' dir='ltr'><strong>oinium</strong></span> <span class='ocrx_word' id='word_1_82' title='bbox 210 867 341 938; x_wconf 90' lang='lat' dir='ltr'><strong>obiciens,</strong></span> <span class='ocrx_word' id='word_1_83' title='bbox 358 872 539 938; x_wconf 74' lang='lat' dir='ltr'><strong>posteaquam</strong></span> <span class='ocrx_word' id='word_1_84' title='bbox 557 881 620 922; x_wconf 90' lang='lat' dir='ltr'><strong>reus</strong></span> <span class='ocrx_word' id='word_1_85' title='bbox 639 865 728 922; x_wconf 88' lang='lat' dir='ltr'><strong>iactus</strong></span> <span class='ocrx_word' id='word_1_86' title='bbox 746 873 797 938; x_wconf 89' lang='lat' dir='ltr'><strong>est,</strong></span> <span class='ocrx_word' id='word_1_87' title='bbox 815 882 846 924; x_wconf 91' lang='lat' dir='ltr'><strong>ae</strong></span> <span class='ocrx_word' id='word_1_88' title='bbox 861 867 1002 937; x_wconf 87' lang='lat' dir='ltr'><strong>releuabit,</strong></span> <span class='ocrx_word' id='word_1_89' title='bbox 1020 883 1071 924; x_wconf 90' lang='lat' dir='ltr'><strong>neo</strong></span> <span class='ocrx_word' id='word_1_90' title='bbox 1084 870 1212 926; x_wconf 92' lang='lat' dir='ltr'><strong>maritum</strong></span> <span class='ocrx_word' id='word_1_91' title='bbox 1225 885 1330 942; x_wconf 87' lang='lat' dir='ltr'><strong>poenae</strong></span> <span class='ocrx_word' id='word_1_92' title='bbox 1342 871 1466 928; x_wconf 88' lang='lat' dir='ltr'><strong>subiciet.</strong></span> <span class='ocrx_word' id='word_1_93' title='bbox 1495 872 1525 930; x_wconf 89' lang='lat' dir='ltr'><strong>Si</strong></span> 
     </span>
     <span class='ocr_line' id='line_1_9' title="bbox 90 955 1524 1032; baseline 0.003 -18"><span class='ocrx_word' id='word_1_94' title='bbox 90 959 172 1014; x_wconf 88' lang='lat' dir='ltr'><strong>simul</strong></span> <span class='ocrx_word' id='word_1_95' title='bbox 191 957 227 1014; x_wconf 85' lang='lat' dir='ltr'><strong>ad</strong></span> <span class='ocrx_word' id='word_1_96' title='bbox 245 957 447 1014; x_wconf 81' lang='lat' dir='ltr'><strong>accusationem</strong></span> <span class='ocrx_word' id='word_1_97' title='bbox 466 955 580 1012; x_wconf 91' lang='lat' dir='ltr'><strong>ueniant</strong></span> <span class='ocrx_word' id='word_1_98' title='bbox 597 956 711 1010; x_wconf 89' lang='lat' dir='ltr'><strong>maritus</strong></span> <span class='ocrx_word' id='word_1_99' title='bbox 729 959 757 1012; x_wconf 91' lang='lat' dir='ltr'><strong>et</strong></span> <span class='ocrx_word' id='word_1_100' title='bbox 774 960 854 1027; x_wconf 89' lang='lat' dir='ltr'><strong>pater</strong></span> <span class='ocrx_word' id='word_1_101' title='bbox 872 957 1007 1026; x_wconf 90' lang='lat' dir='ltr'><strong>mulieris,</strong></span> <span class='ocrx_word' id='word_1_102' title='bbox 1030 973 1110 1028; x_wconf 89' lang='lat' dir='ltr'><strong>quam</strong></span> <span class='ocrx_word' id='word_1_103' title='bbox 1129 957 1261 1028; x_wconf 82' lang='lat' dir='ltr'><strong>praeferri</strong></span> <span class='ocrx_word' id='word_1_104' title='bbox 1279 967 1418 1030; x_wconf 86' lang='lat' dir='ltr'><strong>oporteat,</strong></span> <span class='ocrx_word' id='word_1_105' title='bbox 1441 978 1524 1032; x_wconf 76' lang='lat' dir='ltr'><strong>quse</strong></span> 
     </span>
     <span class='ocr_line' id='line_1_10' title="bbox 91 1043 1524 1116; baseline 0.003 -13"><span class='ocrx_word' id='word_1_106' title='bbox 91 1048 168 1103; x_wconf 91' lang='lat' dir='ltr'><strong>ritur.</strong></span> <span class='ocrx_word' id='word_1_107' title='bbox 196 1051 225 1102; x_wconf 90' lang='lat' dir='ltr'><strong>et</strong></span> <span class='ocrx_word' id='word_1_108' title='bbox 242 1045 330 1116; x_wconf 78' lang='lat' dir='ltr'><strong>magis</strong></span> <span class='ocrx_word' id='word_1_109' title='bbox 348 1051 405 1115; x_wconf 91' lang='lat' dir='ltr'><strong>est,</strong></span> <span class='ocrx_word' id='word_1_110' title='bbox 423 1050 455 1100; x_wconf 92' lang='lat' dir='ltr'><strong>ut</strong></span> <span class='ocrx_word' id='word_1_111' title='bbox 473 1045 586 1100; x_wconf 75' lang='lat' dir='ltr'><strong>mautus</strong></span> <span class='ocrx_word' id='word_1_112' title='bbox 604 1043 786 1115; x_wconf 74' lang='lat' dir='ltr'><strong>praeferamur:</strong></span> <span class='ocrx_word' id='word_1_113' title='bbox 799 1063 868 1106; x_wconf 78' lang='lat' dir='ltr'><strong>‚uam</strong></span> <span class='ocrx_word' id='word_1_114' title='bbox 886 1053 916 1102; x_wconf 88' lang='lat' dir='ltr'><strong>et</strong></span> <span class='ocrx_word' id='word_1_115' title='bbox 932 1048 1107 1116; x_wconf 89' lang='lat' dir='ltr'><strong>propensiore</strong></span> <span class='ocrx_word' id='word_1_116' title='bbox 1126 1047 1166 1102; x_wconf 89' lang='lat' dir='ltr'><strong>ira</strong></span> <span class='ocrx_word' id='word_1_117' title='bbox 1183 1054 1212 1104; x_wconf 91' lang='lat' dir='ltr'><strong>et</strong></span> <span class='ocrx_word' id='word_1_118' title='bbox 1230 1049 1332 1106; x_wconf 87' lang='lat' dir='ltr'><strong>maiore</strong></span> <span class='ocrx_word' id='word_1_119' title='bbox 1350 1051 1444 1108; x_wconf 92' lang='lat' dir='ltr'><strong>dolore</strong></span> <span class='ocrx_word' id='word_1_120' title='bbox 1461 1067 1524 1108; x_wconf 85' lang='lat' dir='ltr'><strong>exc·</strong></span> 
     </span>
     <span class='ocr_line' id='line_1_11' title="bbox 90 1129 1524 1208; baseline 0.003 -15"><span class='ocrx_word' id='word_1_121' title='bbox 90 1141 217 1194; x_wconf 86' lang='lat' dir='ltr'><strong>euturum</strong></span> <span class='ocrx_word' id='word_1_122' title='bbox 237 1151 298 1192; x_wconf 90' lang='lat' dir='ltr'><strong>eum</strong></span> <span class='ocrx_word' id='word_1_123' title='bbox 318 1129 521 1190; x_wconf 83' lang='lat' dir='ltr'><strong>accusationem</strong></span> <span class='ocrx_word' id='word_1_124' title='bbox 540 1133 706 1190; x_wconf 88' lang='lat' dir='ltr'><strong>credendum</strong></span> <span class='ocrx_word' id='word_1_125' title='bbox 725 1140 776 1204; x_wconf 91' lang='lat' dir='ltr'><strong>est,</strong></span> <span class='ocrx_word' id='word_1_126' title='bbox 794 1135 822 1190; x_wconf 93' lang='lat' dir='ltr'><strong>in</strong></span> <span class='ocrx_word' id='word_1_127' title='bbox 840 1139 956 1204; x_wconf 84' lang='lat' dir='ltr'><strong>tautum,</strong></span> <span class='ocrx_word' id='word_1_128' title='bbox 974 1142 1006 1191; x_wconf 94' lang='lat' dir='ltr'><strong>ut</strong></span> <span class='ocrx_word' id='word_1_129' title='bbox 1023 1142 1052 1190; x_wconf 91' lang='lat' dir='ltr'><strong>et</strong></span> <span class='ocrx_word' id='word_1_130' title='bbox 1069 1137 1092 1190; x_wconf 92' lang='lat' dir='ltr'><strong>si</strong></span> <span class='ocrx_word' id='word_1_131' title='bbox 1104 1142 1183 1206; x_wconf 90' lang='lat' dir='ltr'><strong>pater</strong></span> <span class='ocrx_word' id='word_1_132' title='bbox 1194 1141 1368 1208; x_wconf 85' lang='lat' dir='ltr'><strong>praeuenerit</strong></span> <span class='ocrx_word' id='word_1_133' title='bbox 1379 1140 1524 1198; x_wconf 90' lang='lat' dir='ltr'><strong>etlibellos</strong></span> 
     </span>
     <span class='ocr_line' id='line_1_12' title="bbox 90 1222 1572 1300; baseline -0.001 -18"><span class='ocrx_word' id='word_1_134' title='bbox 90 1224 315 1296; x_wconf 84' lang='lat' dir='ltr'><strong>inscriptionum²</strong></span> <span class='ocrx_word' id='word_1_135' title='bbox 332 1222 497 1293; x_wconf 86' lang='lat' dir='ltr'><strong>deposuerit,</strong></span> <span class='ocrx_word' id='word_1_136' title='bbox 517 1223 615 1278; x_wconf 88' lang='lat' dir='ltr'><strong>marito</strong></span> <span class='ocrx_word' id='word_1_137' title='bbox 633 1239 687 1280; x_wconf 91' lang='lat' dir='ltr'><strong>nou</strong></span> <span class='ocrx_word' id='word_1_138' title='bbox 706 1224 868 1293; x_wconf 75' lang='lat' dir='ltr'><strong>neglegente</strong></span> <span class='ocrx_word' id='word_1_139' title='bbox 886 1239 937 1280; x_wconf 91' lang='lat' dir='ltr'><strong>nec</strong></span> <span class='ocrx_word' id='word_1_140' title='bbox 949 1224 1114 1294; x_wconf 85' lang='lat' dir='ltr'><strong>retardante,</strong></span> <span class='ocrx_word' id='word_1_141' title='bbox 1134 1226 1183 1280; x_wconf 90' lang='lat' dir='ltr'><strong>sed</strong></span> <span class='ocrx_word' id='word_1_142' title='bbox 1196 1229 1397 1286; x_wconf 89' lang='lat' dir='ltr'><strong>accusationem</strong></span> <span class='ocrx_word' id='word_1_143' title='bbox 1410 1235 1524 1300; x_wconf 87' lang='lat' dir='ltr'><strong>parante</strong></span> <span class='ocrx_word' id='word_1_144' title='bbox 1545 1241 1572 1281; x_wconf 82' lang='lat' dir='ltr'><strong>ro</strong></span> 
     </span>
     <span class='ocr_line' id='line_1_13' title="bbox 90 1311 1523 1388; baseline 0.001 -16"><span class='ocrx_word' id='word_1_145' title='bbox 90 1321 120 1372; x_wconf 90' lang='lat' dir='ltr'><strong>et</strong></span> <span class='ocrx_word' id='word_1_146' title='bbox 138 1311 344 1386; x_wconf 88' lang='lat' dir='ltr'><strong>probationibus</strong></span> <span class='ocrx_word' id='word_1_147' title='bbox 362 1312 539 1368; x_wconf 83' lang='lat' dir='ltr'><strong>instituente⁸</strong></span> <span class='ocrx_word' id='word_1_148' title='bbox 557 1318 640 1382; x_wconf 89' lang='lat' dir='ltr'><strong>atque</strong></span> <span class='ocrx_word' id='word_1_149' title='bbox 659 1312 806 1382; x_wconf 89' lang='lat' dir='ltr'><strong>muniente,</strong></span> <span class='ocrx_word' id='word_1_150' title='bbox 825 1316 856 1368; x_wconf 93' lang='lat' dir='ltr'><strong>ut</strong></span> <span class='ocrx_word' id='word_1_151' title='bbox 873 1311 980 1368; x_wconf 78' lang='lat' dir='ltr'><strong>lucilius</strong></span> <span class='ocrx_word' id='word_1_152' title='bbox 998 1313 1181 1370; x_wconf 83' lang='lat' dir='ltr'><strong>iudicantibus</strong></span> <span class='ocrx_word' id='word_1_153' title='bbox 1192 1314 1227 1370; x_wconf 92' lang='lat' dir='ltr'><strong>de</strong></span> <span class='ocrx_word' id='word_1_154' title='bbox 1240 1315 1373 1374; x_wconf 90' lang='lat' dir='ltr'><strong>adulterio</strong></span> <span class='ocrx_word' id='word_1_155' title='bbox 1385 1318 1523 1388; x_wconf 88' lang='lat' dir='ltr'><strong>probetur,</strong></span> 
     </span>
    </p>

    <p class='ocr_par' dir='ltr' id='par_1_7' title="bbox 55 1399 1573 1640">
     <span class='ocr_line' id='line_1_14' title="bbox 55 1399 1523 1480; baseline 0.006 -24"><span class='ocrx_word' id='word_1_156' title='bbox 55 1410 71 1456; x_wconf 80' lang='grc'>9</span> <span class='ocrx_word' id='word_1_157' title='bbox 90 1405 163 1461; x_wconf 91' lang='lat' dir='ltr'><strong>idem</strong></span> <span class='ocrx_word' id='word_1_158' title='bbox 182 1403 235 1459; x_wconf 89' lang='lat' dir='ltr'><strong>erit</strong></span> <span class='ocrx_word' id='word_1_159' title='bbox 252 1401 407 1458; x_wconf 90' lang='lat' dir='ltr'><strong>dicendum.</strong></span> <span class='ocrx_word' id='word_1_160' title='bbox 444 1399 499 1456; x_wconf 89' lang='lat' dir='ltr'><strong>Sed</strong></span> <span class='ocrx_word' id='word_1_161' title='bbox 517 1406 547 1456; x_wconf 94' lang='lat' dir='ltr'><strong>et</strong></span> <span class='ocrx_word' id='word_1_162' title='bbox 563 1402 689 1472; x_wconf 89' lang='lat' dir='ltr'><strong>quotiens</strong></span> <span class='ocrx_word' id='word_1_163' title='bbox 708 1401 767 1470; x_wconf 91' lang='lat' dir='ltr'><strong>alii,</strong></span> <span class='ocrx_word' id='word_1_164' title='bbox 791 1401 838 1471; x_wconf 88' lang='lat' dir='ltr'><strong>qui</strong></span> <span class='ocrx_word' id='word_1_165' title='bbox 855 1407 919 1472; x_wconf 90' lang='lat' dir='ltr'><strong>post</strong></span> <span class='ocrx_word' id='word_1_166' title='bbox 937 1402 1063 1458; x_wconf 89' lang='lat' dir='ltr'><strong>maritum</strong></span> <span class='ocrx_word' id='word_1_167' title='bbox 1082 1408 1111 1458; x_wconf 89' lang='lat' dir='ltr'><strong>et</strong></span> <span class='ocrx_word' id='word_1_168' title='bbox 1127 1407 1233 1473; x_wconf 87' lang='lat' dir='ltr'><strong>patrem</strong></span> <span class='ocrx_word' id='word_1_169' title='bbox 1252 1420 1382 1462; x_wconf 89' lang='lat' dir='ltr'><strong>accusare</strong></span> <span class='ocrx_word' id='word_1_170' title='bbox 1399 1412 1523 1480; x_wconf 80' lang='lat' dir='ltr'><strong>possunt,</strong></span> 
     </span>
     <span class='ocr_line' id='line_1_15' title="bbox 91 1491 1523 1567; baseline 0.003 -17"><span class='ocrx_word' id='word_1_171' title='bbox 91 1494 127 1550; x_wconf 88' lang='lat' dir='ltr'><strong>ad</strong></span> <span class='ocrx_word' id='word_1_172' title='bbox 145 1491 330 1550; x_wconf 90' lang='lat' dir='ltr'><strong>accusandum</strong></span> <span class='ocrx_word' id='word_1_173' title='bbox 348 1491 504 1562; x_wconf 89' lang='lat' dir='ltr'><strong>pmsiliunt,</strong></span> <span class='ocrx_word' id='word_1_174' title='bbox 529 1491 590 1561; x_wconf 81' lang='lat' dir='ltr'><strong>lege</strong></span> <span class='ocrx_word' id='word_1_175' title='bbox 608 1505 767 1560; x_wconf 84' lang='lat' dir='ltr'><strong>expressum</strong></span> <span class='ocrx_word' id='word_1_176' title='bbox 787 1493 844 1560; x_wconf 92' lang='lat' dir='ltr'><strong>est,</strong></span> <span class='ocrx_word' id='word_1_177' title='bbox 867 1493 899 1546; x_wconf 91' lang='lat' dir='ltr'><strong>ut</strong></span> <span class='ocrx_word' id='word_1_178' title='bbox 915 1491 954 1561; x_wconf 90' lang='lat' dir='ltr'><strong>ia,</strong></span> <span class='ocrx_word' id='word_1_179' title='bbox 977 1491 1056 1546; x_wconf 91' lang='lat' dir='ltr'><strong>cuius</strong></span> <span class='ocrx_word' id='word_1_180' title='bbox 1073 1491 1109 1548; x_wconf 90' lang='lat' dir='ltr'><strong>de</strong></span> <span class='ocrx_word' id='word_1_181' title='bbox 1127 1507 1160 1548; x_wconf 93' lang='lat' dir='ltr'><strong>ea</strong></span> <span class='ocrx_word' id='word_1_182' title='bbox 1178 1508 1207 1548; x_wconf 91' lang='lat' dir='ltr'><strong>re</strong></span> <span class='ocrx_word' id='word_1_183' title='bbox 1225 1495 1301 1552; x_wconf 90' lang='lat' dir='ltr'><strong>notio</strong></span> <span class='ocrx_word' id='word_1_184' title='bbox 1319 1501 1375 1567; x_wconf 90' lang='lat' dir='ltr'><strong>est,</strong></span> <span class='ocrx_word' id='word_1_185' title='bbox 1398 1496 1433 1552; x_wconf 90' lang='lat' dir='ltr'><strong>de</strong></span> <span class='ocrx_word' id='word_1_186' title='bbox 1451 1497 1523 1554; x_wconf 88' lang='lat' dir='ltr'><strong>iusto</strong></span> 
     </span>
     <span class='ocr_line' id='line_1_16' title="bbox 91 1581 1573 1640; baseline -0.001 0"><span class='ocrx_word' id='word_1_187' title='bbox 91 1587 252 1640; x_wconf 90' lang='lat' dir='ltr'><strong>accusatore</strong></span> <span class='ocrx_word' id='word_1_188' title='bbox 270 1581 427 1636; x_wconf 85' lang='lat' dir='ltr'><strong>constituat.</strong></span> <span class='ocrx_word' id='word_1_189' title='bbox 1542 1597 1573 1638; x_wconf 82' lang='lat' dir='ltr'><strong>aa</strong></span> 
     </span>
    </p>

    <p class='ocr_par' dir='ltr' id='par_1_8' title="bbox 52 1637 1700 1906">
     <span class='ocr_line' id='line_1_17' title="bbox 52 1637 1625 1755; baseline 0.003 -29"><span class='ocrx_word' id='word_1_190' title='bbox 52 1667 72 1726; x_wconf 84' lang='lat'>3</span> <span class='ocrx_word' id='word_1_191' title='bbox 146 1672 223 1726; x_wconf 82' lang='lat' dir='ltr'><strong>lunas</strong></span> <span class='ocrx_word' id='word_1_192' title='bbox 245 1669 313 1726; x_wconf 90' lang='lat' dir='ltr'><strong>libro</strong></span> <span class='ocrx_word' id='word_1_193' title='bbox 335 1668 457 1726; x_wconf 91' lang='lat' dir='ltr'><strong>secundo</strong></span> <span class='ocrx_word' id='word_1_194' title='bbox 478 1667 513 1724; x_wconf 91' lang='lat' dir='ltr'><strong>de</strong></span> <span class='ocrx_word' id='word_1_195' title='bbox 531 1667 670 1724; x_wconf 89' lang='lat' dir='ltr'><strong>adulteris.</strong></span> <span class='ocrx_word' id='word_1_196' title='bbox 707 1667 765 1723; x_wconf 87' lang='lat' dir='ltr'><strong>Nisi</strong></span> <span class='ocrx_word' id='word_1_197' title='bbox 783 1666 867 1737; x_wconf 76' lang='lat' dir='ltr'><strong>igitur</strong></span> <span class='ocrx_word' id='word_1_198' title='bbox 885 1667 895 1738; x_wconf 85' lang='grc' dir='ltr'><strong>ΙΙ</strong></span> <span class='ocrx_word' id='word_1_199' title='bbox 914 1673 994 1737; x_wconf 91' lang='lat' dir='ltr'><strong>pater</strong></span> <span class='ocrx_word' id='word_1_200' title='bbox 1011 1669 1139 1724; x_wconf 91' lang='lat' dir='ltr'><strong>maritum</strong></span> <span class='ocrx_word' id='word_1_201' title='bbox 1157 1668 1284 1726; x_wconf 79' lang='lat' dir='ltr'><strong>infamem</strong></span> <span class='ocrx_word' id='word_1_202' title='bbox 1302 1677 1350 1728; x_wconf 91' lang='lat' dir='ltr'><strong>aut</strong></span> <span class='ocrx_word' id='word_1_203' title='bbox 1368 1667 1523 1755; x_wconf 54' lang='lat' dir='ltr'><strong>[ffi&#39;sffi</strong></span> <span class='ocrx_word' id='word_1_204' title='bbox 1542 1681 1577 1736; x_wconf 75' lang='lat' dir='ltr'><strong>S*</strong></span> <span class='ocrx_word' id='word_1_205' title='bbox 1611 1637 1625 1674; x_wconf 66' lang='lat'><em>⁰</em></span> 
     </span>
     <span class='ocr_line' id='line_1_18' title="bbox 91 1750 1700 1832; baseline 0.002 -15"><span class='ocrx_word' id='word_1_206' title='bbox 91 1763 208 1832; x_wconf 68' lang='lat' dir='ltr'><strong>argutat⁴</strong></span> <span class='ocrx_word' id='word_1_207' title='bbox 232 1763 281 1816; x_wconf 90' lang='lat' dir='ltr'><strong>aut</strong></span> <span class='ocrx_word' id='word_1_208' title='bbox 315 1758 414 1815; x_wconf 90' lang='lat' dir='ltr'><strong>doceat</strong></span> <span class='ocrx_word' id='word_1_209' title='bbox 437 1757 574 1814; x_wconf 89' lang='lat' dir='ltr'><strong>colludere</strong></span> <span class='ocrx_word' id='word_1_210' title='bbox 597 1757 686 1826; x_wconf 77' lang='lat' dir='ltr'><strong>magis</strong></span> <span class='ocrx_word' id='word_1_211' title='bbox 710 1771 772 1812; x_wconf 89' lang='lat' dir='ltr'><strong>cum</strong></span> <span class='ocrx_word' id='word_1_212' title='bbox 796 1771 881 1812; x_wconf 84' lang='lat' dir='ltr'><strong>uxore</strong></span> <span class='ocrx_word' id='word_1_213' title='bbox 902 1771 983 1826; x_wconf 91' lang='lat' dir='ltr'><strong>quam</strong></span> <span class='ocrx_word' id='word_1_214' title='bbox 1005 1759 1151 1814; x_wconf 86' lang='lat' dir='ltr'><strong>exanimo</strong></span> <span class='ocrx_word' id='word_1_215' title='bbox 1172 1773 1317 1831; x_wconf 73' lang='lat' dir='ltr'><strong>moneare,</strong></span> <span class='ocrx_word' id='word_1_216' title='bbox 1344 1750 1524 1832; x_wconf 64' lang='lat' dir='ltr'><strong>postpoTetu‘r</strong></span> <span class='ocrx_word' id='word_1_217' title='bbox 1542 1785 1565 1832; x_wconf 92' lang='lat' dir='ltr'><strong>q.</strong></span> <span class='ocrx_word' id='word_1_218' title='bbox 1575 1771 1604 1819; x_wconf 80' lang='lat' dir='ltr'><strong>at</strong></span> <span class='ocrx_word' id='word_1_219' title='bbox 1624 1772 1642 1820; x_wconf 86' lang='lat' dir='ltr'><strong>l.</strong></span> <span class='ocrx_word' id='word_1_220' title='bbox 1655 1771 1700 1820; x_wconf 78' lang='lat' dir='ltr'><strong>aaa</strong></span> 
     </span>
     <span class='ocr_line' id='line_1_19' title="bbox 91 1851 957 1906; baseline -0.001 0"><span class='ocrx_word' id='word_1_221' title='bbox 91 1851 198 1906; x_wconf 87' lang='lat' dir='ltr'><strong>marito.</strong></span> <span class='ocrx_word' id='word_1_222' title='bbox 954 1857 957 1862; x_wconf 83' lang='lat'>&#39;</span> 
     </span>
    </p>

    <p class='ocr_par' dir='ltr' id='par_1_9' title="bbox 52 1932 1572 2364">
     <span class='ocr_line' id='line_1_20' title="bbox 52 1932 1563 2022; baseline 0.001 -27"><span class='ocrx_word' id='word_1_223' title='bbox 52 1936 72 1995; x_wconf 79' lang='lat'>4</span> <span class='ocrx_word' id='word_1_224' title='bbox 145 1939 223 1996; x_wconf 83' lang='lat' dir='ltr'><strong>lusu</strong></span> <span class='ocrx_word' id='word_1_225' title='bbox 241 1935 310 1992; x_wconf 91' lang='lat' dir='ltr'><strong>libro</strong></span> <span class='ocrx_word' id='word_1_226' title='bbox 327 1941 427 1993; x_wconf 87' lang='lat' dir='ltr'><strong>octauo</strong></span> <span class='ocrx_word' id='word_1_227' title='bbox 445 1935 669 2006; x_wconf 85' lang='lat' dir='ltr'><strong>disputationum.</strong></span> <span class='ocrx_word' id='word_1_228' title='bbox 700 1932 730 1989; x_wconf 89' lang='lat' dir='ltr'><strong>Si</strong></span> <span class='ocrx_word' id='word_1_229' title='bbox 749 1933 862 1988; x_wconf 87' lang='lat' dir='ltr'><strong>maritus</strong></span> <span class='ocrx_word' id='word_1_230' title='bbox 879 1934 1055 2003; x_wconf 91' lang='lat' dir='ltr'><strong>praeuenerit</strong></span> <span class='ocrx_word' id='word_1_231' title='bbox 1071 1949 1256 2012; x_wconf 78' lang='lat' dir='ltr'><strong>accusansque</strong></span> <span class='ocrx_word' id='word_1_232' title='bbox 1272 1937 1348 1994; x_wconf 88' lang='lat' dir='ltr'><strong>insti·</strong></span> <span class='ocrx_word' id='word_1_233' title='bbox 1367 1933 1563 2022; x_wconf 56' lang='lat' dir='ltr'><strong>[issa—effes</strong></span> 
     </span>
     <span class='ocr_line' id='line_1_21' title="bbox 90 2015 1523 2098; baseline 0 -14"><span class='ocrx_word' id='word_1_234' title='bbox 90 2029 186 2098; x_wconf 87' lang='lat' dir='ltr'><strong>tuerit,</strong></span> <span class='ocrx_word' id='word_1_235' title='bbox 205 2033 329 2096; x_wconf 88' lang='lat' dir='ltr'><strong>tempora</strong></span> <span class='ocrx_word' id='word_1_236' title='bbox 346 2039 401 2080; x_wconf 91' lang='lat' dir='ltr'><strong>nou</strong></span> <span class='ocrx_word' id='word_1_237' title='bbox 419 2024 522 2080; x_wconf 90' lang='lat' dir='ltr'><strong>cedunt</strong></span> <span class='ocrx_word' id='word_1_238' title='bbox 538 2023 623 2095; x_wconf 88' lang='lat' dir='ltr'><strong>patri,</strong></span> <span class='ocrx_word' id='word_1_239' title='bbox 641 2025 715 2094; x_wconf 88' lang='lat' dir='ltr'><strong>quod</strong></span> <span class='ocrx_word' id='word_1_240' title='bbox 732 2023 935 2078; x_wconf 86' lang='lat' dir='ltr'><strong>accusationem</strong></span> <span class='ocrx_word' id='word_1_241' title='bbox 953 2022 1096 2080; x_wconf 88' lang='lat' dir='ltr'><strong>instituere</strong></span> <span class='ocrx_word' id='word_1_242' title='bbox 1114 2039 1169 2080; x_wconf 93' lang='lat' dir='ltr'><strong>non</strong></span> <span class='ocrx_word' id='word_1_243' title='bbox 1187 2031 1288 2097; x_wconf 90' lang='lat' dir='ltr'><strong>potest,</strong></span> <span class='ocrx_word' id='word_1_244' title='bbox 1306 2028 1346 2083; x_wconf 92' lang='lat' dir='ltr'><strong>sio</strong></span> <span class='ocrx_word' id='word_1_245' title='bbox 1364 2015 1523 2098; x_wconf 52' lang='lat' dir='ltr'><strong>tamese-,ut</strong></span> 
     </span>
     <span class='ocr_line' id='line_1_22' title="bbox 90 2111 1572 2188; baseline -0.004 -16"><span class='ocrx_word' id='word_1_246' title='bbox 90 2116 181 2188; x_wconf 87' lang='lat' dir='ltr'><strong>quoad</strong></span> <span class='ocrx_word' id='word_1_247' title='bbox 199 2131 270 2172; x_wconf 92' lang='lat' dir='ltr'><strong>uuus</strong></span> <span class='ocrx_word' id='word_1_248' title='bbox 288 2120 413 2185; x_wconf 89' lang='lat' dir='ltr'><strong>occupet,</strong></span> <span class='ocrx_word' id='word_1_249' title='bbox 430 2114 539 2184; x_wconf 91' lang='lat' dir='ltr'><strong>utrique</strong></span> <span class='ocrx_word' id='word_1_250' title='bbox 556 2117 682 2183; x_wconf 87' lang='lat' dir='ltr'><strong>tempora</strong></span> <span class='ocrx_word' id='word_1_251' title='bbox 699 2111 808 2181; x_wconf 89' lang='lat' dir='ltr'><strong>cedant,</strong></span> <span class='ocrx_word' id='word_1_252' title='bbox 826 2111 873 2166; x_wconf 92' lang='lat' dir='ltr'><strong>ubi</strong></span> <span class='ocrx_word' id='word_1_253' title='bbox 891 2126 957 2166; x_wconf 88' lang='lat' dir='ltr'><strong>uero</strong></span> <span class='ocrx_word' id='word_1_254' title='bbox 976 2113 1089 2168; x_wconf 87' lang='lat' dir='ltr'><strong>maritus</strong></span> <span class='ocrx_word' id='word_1_255' title='bbox 1106 2117 1261 2186; x_wconf 89' lang='lat' dir='ltr'><strong>occupauit,</strong></span> <span class='ocrx_word' id='word_1_256' title='bbox 1279 2117 1390 2173; x_wconf 87' lang='lat' dir='ltr'><strong>residua</strong></span> <span class='ocrx_word' id='word_1_257' title='bbox 1401 2123 1525 2188; x_wconf 90' lang='lat' dir='ltr'><strong>tempora</strong></span> <span class='ocrx_word' id='word_1_258' title='bbox 1543 2126 1572 2168; x_wconf 87' lang='lat' dir='ltr'><strong>ac</strong></span> 
     </span>
     <span class='ocr_line' id='line_1_23' title="bbox 90 2200 1525 2276; baseline 0.001 -15"><span class='ocrx_word' id='word_1_259' title='bbox 90 2207 125 2275; x_wconf 90' lang='lat' dir='ltr'><strong>ei,</strong></span> <span class='ocrx_word' id='word_1_260' title='bbox 144 2205 192 2276; x_wconf 92' lang='lat' dir='ltr'><strong>qni</strong></span> <span class='ocrx_word' id='word_1_261' title='bbox 210 2207 361 2274; x_wconf 72' lang='lat' dir='ltr'><strong>occupare⁶</strong></span> <span class='ocrx_word' id='word_1_262' title='bbox 380 2219 434 2259; x_wconf 92' lang='lat' dir='ltr'><strong>ucu</strong></span> <span class='ocrx_word' id='word_1_263' title='bbox 453 2206 557 2274; x_wconf 89' lang='lat' dir='ltr'><strong>potest,</strong></span> <span class='ocrx_word' id='word_1_264' title='bbox 576 2217 630 2258; x_wconf 91' lang='lat' dir='ltr'><strong>uon</strong></span> <span class='ocrx_word' id='word_1_265' title='bbox 649 2200 757 2256; x_wconf 89' lang='lat' dir='ltr'><strong>cedant.</strong></span> <span class='ocrx_word' id='word_1_266' title='bbox 787 2200 861 2270; x_wconf 90' lang='lat' dir='ltr'><strong>quod</strong></span> <span class='ocrx_word' id='word_1_267' title='bbox 879 2201 953 2258; x_wconf 92' lang='lat' dir='ltr'><strong>etin</strong></span> <span class='ocrx_word' id='word_1_268' title='bbox 971 2216 1005 2257; x_wconf 92' lang='lat' dir='ltr'><strong>ec</strong></span> <span class='ocrx_word' id='word_1_269' title='bbox 1023 2201 1077 2257; x_wconf 91' lang='lat' dir='ltr'><strong>dici</strong></span> <span class='ocrx_word' id='word_1_270' title='bbox 1094 2209 1200 2273; x_wconf 88' lang='lat' dir='ltr'><strong>potest,</strong></span> <span class='ocrx_word' id='word_1_271' title='bbox 1218 2205 1265 2275; x_wconf 92' lang='lat' dir='ltr'><strong>qui</strong></span> <span class='ocrx_word' id='word_1_272' title='bbox 1283 2203 1319 2260; x_wconf 90' lang='lat' dir='ltr'><strong>ab</strong></span> <span class='ocrx_word' id='word_1_273' title='bbox 1337 2205 1462 2262; x_wconf 84' lang='lat' dir='ltr'><strong>adultero</strong></span> <span class='ocrx_word' id='word_1_274' title='bbox 1479 2207 1525 2262; x_wconf 89' lang='lat' dir='ltr'><strong>uel</strong></span> 
     </span>
     <span class='ocr_line' id='line_1_24' title="bbox 91 2290 1523 2364; baseline 0 -14"><span class='ocrx_word' id='word_1_275' title='bbox 91 2294 217 2350; x_wconf 86' lang='lat' dir='ltr'><strong>adultera</strong></span> <span class='ocrx_word' id='word_1_276' title='bbox 234 2293 336 2363; x_wconf 92' lang='lat' dir='ltr'><strong>coepit:</strong></span> <span class='ocrx_word' id='word_1_277' title='bbox 355 2309 419 2348; x_wconf 90' lang='lat' dir='ltr'><strong>uam</strong></span> <span class='ocrx_word' id='word_1_278' title='bbox 438 2292 571 2348; x_wconf 90' lang='lat' dir='ltr'><strong>aduersus</strong></span> <span class='ocrx_word' id='word_1_279' title='bbox 589 2307 660 2360; x_wconf 91' lang='lat' dir='ltr'><strong>eum,</strong></span> <span class='ocrx_word' id='word_1_280' title='bbox 679 2290 812 2346; x_wconf 89' lang='lat' dir='ltr'><strong>aduersus</strong></span> <span class='ocrx_word' id='word_1_281' title='bbox 824 2305 906 2359; x_wconf 92' lang='lat' dir='ltr'><strong>quem</strong></span> <span class='ocrx_word' id='word_1_282' title='bbox 918 2305 973 2345; x_wconf 93' lang='lat' dir='ltr'><strong>non</strong></span> <span class='ocrx_word' id='word_1_283' title='bbox 986 2292 1084 2362; x_wconf 88' lang='lat' dir='ltr'><strong>coepit,</strong></span> <span class='ocrx_word' id='word_1_284' title='bbox 1103 2291 1233 2348; x_wconf 87' lang='lat' dir='ltr'><strong>desinunt</strong></span> <span class='ocrx_word' id='word_1_285' title='bbox 1243 2295 1268 2349; x_wconf 90' lang='lat' dir='ltr'><strong>ei</strong></span> <span class='ocrx_word' id='word_1_286' title='bbox 1281 2299 1406 2364; x_wconf 88' lang='lat' dir='ltr'><strong>tempora</strong></span> <span class='ocrx_word' id='word_1_287' title='bbox 1417 2295 1523 2352; x_wconf 90' lang='lat' dir='ltr'><strong>cedere.</strong></span> 
     </span>
    </p>

    <p class='ocr_par' dir='ltr' id='par_1_10' title="bbox 59 2379 1585 2542">
     <span class='ocr_line' id='line_1_25' title="bbox 59 2379 1525 2454; baseline -0.003 -12"><span class='ocrx_word' id='word_1_288' title='bbox 59 2395 71 2442; x_wconf 93' lang='lat'>1</span> <span class='ocrx_word' id='word_1_289' title='bbox 90 2383 160 2440; x_wconf 87' lang='lat' dir='ltr'><strong>baec</strong></span> <span class='ocrx_word' id='word_1_290' title='bbox 172 2381 206 2438; x_wconf 84' lang='lat' dir='ltr'><strong>&#39;in</strong></span> <span class='ocrx_word' id='word_1_291' title='bbox 225 2383 329 2439; x_wconf 88' lang='lat' dir='ltr'><strong>maritis</strong></span> <span class='ocrx_word' id='word_1_292' title='bbox 348 2387 376 2438; x_wconf 91' lang='lat' dir='ltr'><strong>et</strong></span> <span class='ocrx_word' id='word_1_293' title='bbox 393 2380 518 2452; x_wconf 89' lang='lat' dir='ltr'><strong>patribus</strong></span> <span class='ocrx_word' id='word_1_294' title='bbox 535 2381 610 2436; x_wconf 89' lang='lat' dir='ltr'><strong>dicta</strong></span> <span class='ocrx_word' id='word_1_295' title='bbox 628 2387 700 2435; x_wconf 92' lang='lat' dir='ltr'><strong>sunt.</strong></span> <span class='ocrx_word' id='word_1_296' title='bbox 736 2379 881 2434; x_wconf 78' lang='lat' dir='ltr'><strong>Extraneis</strong></span> <span class='ocrx_word' id='word_1_297' title='bbox 900 2383 1000 2450; x_wconf 75' lang='lat' dir='ltr'><strong>autem</strong></span> <span class='ocrx_word' id='word_1_298' title='bbox 1020 2381 1067 2450; x_wconf 92' lang='lat' dir='ltr'><strong>qui</strong></span> <span class='ocrx_word' id='word_1_299' title='bbox 1086 2395 1216 2438; x_wconf 89' lang='lat' dir='ltr'><strong>accusare</strong></span> <span class='ocrx_word' id='word_1_300' title='bbox 1234 2386 1358 2454; x_wconf 91' lang='lat' dir='ltr'><strong>possunt,</strong></span> <span class='ocrx_word' id='word_1_301' title='bbox 1377 2383 1525 2439; x_wconf 87' lang='lat' dir='ltr'><strong>accusandi</strong></span> 
     </span>
     <span class='ocr_line' id='line_1_26' title="bbox 91 2467 1585 2542; baseline 0 -14"><span class='ocrx_word' id='word_1_302' title='bbox 91 2471 209 2528; x_wconf 80' lang='lat' dir='ltr'><strong>facultas</strong></span> <span class='ocrx_word' id='word_1_303' title='bbox 227 2477 291 2542; x_wconf 88' lang='lat' dir='ltr'><strong>post</strong></span> <span class='ocrx_word' id='word_1_304' title='bbox 309 2472 435 2528; x_wconf 90' lang='lat' dir='ltr'><strong>maritum</strong></span> <span class='ocrx_word' id='word_1_305' title='bbox 454 2477 483 2526; x_wconf 91' lang='lat' dir='ltr'><strong>et</strong></span> <span class='ocrx_word' id='word_1_306' title='bbox 499 2475 605 2540; x_wconf 87' lang='lat' dir='ltr'><strong>putrem</strong></span> <span class='ocrx_word' id='word_1_307' title='bbox 623 2467 793 2524; x_wconf 88' lang='lat' dir='ltr'><strong>conceditur:</strong></span> <span class='ocrx_word' id='word_1_308' title='bbox 812 2485 875 2524; x_wconf 89' lang='lat' dir='ltr'><strong>nam</strong></span> <span class='ocrx_word' id='word_1_309' title='bbox 894 2475 957 2538; x_wconf 93' lang='lat' dir='ltr'><strong>post</strong></span> <span class='ocrx_word' id='word_1_310' title='bbox 975 2471 1120 2540; x_wconf 82' lang='lat' dir='ltr'><strong>sexaginta</strong></span> <span class='ocrx_word' id='word_1_311' title='bbox 1137 2471 1196 2526; x_wconf 90' lang='lat' dir='ltr'><strong>dies</strong></span> <span class='ocrx_word' id='word_1_312' title='bbox 1214 2476 1343 2542; x_wconf 89' lang='lat' dir='ltr'><strong>quattuor</strong></span> <span class='ocrx_word' id='word_1_313' title='bbox 1356 2487 1466 2528; x_wconf 89' lang='lat' dir='ltr'><strong>menses</strong></span> <span class='ocrx_word' id='word_1_314' title='bbox 1478 2488 1524 2528; x_wconf 83' lang='lat' dir='ltr'><strong>er·</strong></span> <span class='ocrx_word' id='word_1_315' title='bbox 1581 2485 1585 2496; x_wconf 94' lang='grc'><em>·</em></span> 
     </span>
    </p>

    <p class='ocr_par' dir='ltr' id='par_1_11' title="bbox 59 2557 1572 2990">
     <span class='ocr_line' id='line_1_27' title="bbox 59 2557 1572 2632; baseline -0.004 -12"><span class='ocrx_word' id='word_1_316' title='bbox 59 2573 73 2620; x_wconf 80' lang='lat' dir='ltr'><strong>a</strong></span> <span class='ocrx_word' id='word_1_317' title='bbox 91 2562 195 2618; x_wconf 77' lang='lat' dir='ltr'><strong>baucis</strong></span> <span class='ocrx_word' id='word_1_318' title='bbox 213 2561 313 2618; x_wconf 90' lang='lat' dir='ltr'><strong>dautur</strong></span> <span class='ocrx_word' id='word_1_319' title='bbox 330 2565 360 2618; x_wconf 90' lang='lat' dir='ltr'><strong>et</strong></span> <span class='ocrx_word' id='word_1_320' title='bbox 376 2561 429 2631; x_wconf 86' lang='lat' dir='ltr'><strong>ipsi</strong></span> <span class='ocrx_word' id='word_1_321' title='bbox 446 2560 537 2616; x_wconf 89' lang='lat' dir='ltr'><strong>utiles.</strong></span> <span class='ocrx_word' id='word_1_322' title='bbox 572 2557 602 2614; x_wconf 86' lang='lat' dir='ltr'><strong>Si</strong></span> <span class='ocrx_word' id='word_1_323' title='bbox 620 2565 684 2614; x_wconf 89' lang='lat' dir='ltr'><strong>aute</strong></span> <span class='ocrx_word' id='word_1_324' title='bbox 702 2563 848 2614; x_wconf 82' lang='lat' dir='ltr'><strong>extraneus</strong></span> <span class='ocrx_word' id='word_1_325' title='bbox 867 2557 1015 2612; x_wconf 89' lang='lat' dir='ltr'><strong>instituerit</strong></span> <span class='ocrx_word' id='word_1_326' title='bbox 1033 2561 1245 2631; x_wconf 86' lang='lat' dir='ltr'><strong>accusationem,</strong></span> <span class='ocrx_word' id='word_1_327' title='bbox 1267 2576 1302 2616; x_wconf 93' lang='lat' dir='ltr'><strong>an</strong></span> <span class='ocrx_word' id='word_1_328' title='bbox 1320 2561 1525 2632; x_wconf 68' lang='lat' dir='ltr'><strong>superueniente</strong></span> <span class='ocrx_word' id='word_1_329' title='bbox 1543 2571 1572 2614; x_wconf 86' lang='lat' dir='ltr'><strong>aa</strong></span> 
     </span>
     <span class='ocr_line' id='line_1_28' title="bbox 91 2646 1523 2721; baseline -0.001 -13"><span class='ocrx_word' id='word_1_330' title='bbox 91 2653 191 2708; x_wconf 91' lang='lat' dir='ltr'><strong>marito</strong></span> <span class='ocrx_word' id='word_1_331' title='bbox 208 2651 383 2721; x_wconf 88' lang='lat' dir='ltr'><strong>permittatur</strong></span> <span class='ocrx_word' id='word_1_332' title='bbox 401 2649 548 2719; x_wconf 86' lang='lat' dir='ltr'><strong>accusatio,</strong></span> <span class='ocrx_word' id='word_1_333' title='bbox 566 2648 713 2718; x_wconf 88' lang='lat' dir='ltr'><strong>quaeritur.</strong></span> <span class='ocrx_word' id='word_1_334' title='bbox 741 2654 770 2704; x_wconf 92' lang='lat' dir='ltr'><strong>et</strong></span> <span class='ocrx_word' id='word_1_335' title='bbox 781 2648 870 2718; x_wconf 80' lang='lat' dir='ltr'><strong>magia</strong></span> <span class='ocrx_word' id='word_1_336' title='bbox 882 2646 998 2704; x_wconf 88' lang='lat' dir='ltr'><strong>arbitror</strong></span> <span class='ocrx_word' id='word_1_337' title='bbox 1010 2647 1062 2704; x_wconf 89' lang='lat' dir='ltr'><strong>hoc</strong></span> <span class='ocrx_word' id='word_1_338' title='bbox 1073 2663 1183 2719; x_wconf 89' lang='lat' dir='ltr'><strong>quoque</strong></span> <span class='ocrx_word' id='word_1_339' title='bbox 1195 2665 1261 2706; x_wconf 90' lang='lat' dir='ltr'><strong>cusu</strong></span> <span class='ocrx_word' id='word_1_340' title='bbox 1273 2651 1400 2706; x_wconf 92' lang='lat' dir='ltr'><strong>maritum</strong></span> <span class='ocrx_word' id='word_1_341' title='bbox 1412 2649 1523 2706; x_wconf 88' lang='lat' dir='ltr'><strong>audicu-</strong></span> 
     </span>
     <span class='ocr_line' id='line_1_29' title="bbox 91 2736 1525 2812; baseline -0.001 -15"><span class='ocrx_word' id='word_1_342' title='bbox 91 2741 172 2812; x_wconf 90' lang='lat' dir='ltr'><strong>dum,</strong></span> <span class='ocrx_word' id='word_1_343' title='bbox 195 2742 219 2796; x_wconf 89' lang='lat' dir='ltr'><strong>si</strong></span> <span class='ocrx_word' id='word_1_344' title='bbox 244 2757 298 2797; x_wconf 93' lang='lat' dir='ltr'><strong>non</strong></span> <span class='ocrx_word' id='word_1_345' title='bbox 321 2739 495 2810; x_wconf 75' lang='lat' dir='ltr'><strong>neglegentia</strong></span> <span class='ocrx_word' id='word_1_346' title='bbox 518 2742 684 2808; x_wconf 89' lang='lat' dir='ltr'><strong>praeuentus</strong></span> <span class='ocrx_word' id='word_1_347' title='bbox 707 2741 758 2792; x_wconf 86' lang='lat' dir='ltr'><strong>est.</strong></span> <span class='ocrx_word' id='word_1_348' title='bbox 791 2743 820 2792; x_wconf 92' lang='lat' dir='ltr'><strong>et</strong></span> <span class='ocrx_word' id='word_1_349' title='bbox 838 2736 901 2792; x_wconf 91' lang='lat' dir='ltr'><strong>ideo</strong></span> <span class='ocrx_word' id='word_1_350' title='bbox 919 2740 948 2792; x_wconf 90' lang='lat' dir='ltr'><strong>at</strong></span> <span class='ocrx_word' id='word_1_351' title='bbox 966 2737 989 2792; x_wconf 91' lang='lat' dir='ltr'><strong>ai</strong></span> <span class='ocrx_word' id='word_1_352' title='bbox 1008 2737 1182 2794; x_wconf 84' lang='lat' dir='ltr'><strong>accusatione</strong></span> <span class='ocrx_word' id='word_1_353' title='bbox 1201 2739 1327 2796; x_wconf 90' lang='lat' dir='ltr'><strong>instituta</strong></span> <span class='ocrx_word' id='word_1_354' title='bbox 1344 2739 1471 2798; x_wconf 87' lang='lat' dir='ltr'><strong>absoluta</strong></span> <span class='ocrx_word' id='word_1_355' title='bbox 1489 2741 1525 2796; x_wconf 91' lang='lat' dir='ltr'><strong>sit</strong></span> 
     </span>
     <span class='ocr_line' id='line_1_30' title="bbox 91 2825 1524 2901; baseline 0.001 -15"><span class='ocrx_word' id='word_1_356' title='bbox 91 2831 189 2886; x_wconf 88' lang='lat' dir='ltr'><strong>mulier</strong></span> <span class='ocrx_word' id='word_1_357' title='bbox 206 2834 337 2886; x_wconf 83' lang='lat' dir='ltr'><strong>extraneo</strong></span> <span class='ocrx_word' id='word_1_358' title='bbox 355 2831 512 2896; x_wconf 86' lang='lat' dir='ltr'><strong>accusante,</strong></span> <span class='ocrx_word' id='word_1_359' title='bbox 530 2831 622 2882; x_wconf 82' lang='lat' dir='ltr'><strong>tamen</strong></span> <span class='ocrx_word' id='word_1_360' title='bbox 642 2827 739 2882; x_wconf 90' lang='lat' dir='ltr'><strong>marito</strong></span> <span class='ocrx_word' id='word_1_361' title='bbox 754 2825 836 2882; x_wconf 92' lang='lat' dir='ltr'><strong>debet</strong></span> <span class='ocrx_word' id='word_1_362' title='bbox 847 2827 968 2898; x_wconf 89' lang='lat' dir='ltr'><strong>permitti</strong></span> <span class='ocrx_word' id='word_1_363' title='bbox 980 2831 1133 2884; x_wconf 88' lang='lat' dir='ltr'><strong>restaurare</strong></span> <span class='ocrx_word' id='word_1_364' title='bbox 1146 2829 1356 2901; x_wconf 87' lang='lat' dir='ltr'><strong>accusationem,</strong></span> <span class='ocrx_word' id='word_1_365' title='bbox 1375 2830 1524 2886; x_wconf 88' lang='lat' dir='ltr'><strong>eiidoneaa</strong></span> 
     </span>
     <span class='ocr_line' id='line_1_31' title="bbox 90 2915 1571 2990; baseline -0.005 -12"><span class='ocrx_word' id='word_1_366' title='bbox 90 2935 191 2978; x_wconf 73' lang='lat' dir='ltr'><strong>cauam</strong></span> <span class='ocrx_word' id='word_1_367' title='bbox 210 2921 329 2990; x_wconf 80' lang='lat' dir='ltr'><strong>allegare</strong></span> <span class='ocrx_word' id='word_1_368' title='bbox 346 2918 442 2990; x_wconf 90' lang='lat' dir='ltr'><strong>possit,</strong></span> <span class='ocrx_word' id='word_1_369' title='bbox 460 2915 560 2987; x_wconf 90' lang='lat' dir='ltr'><strong>quibua</strong></span> <span class='ocrx_word' id='word_1_370' title='bbox 577 2915 725 2986; x_wconf 87' lang='lat' dir='ltr'><strong>impeditus</strong></span> <span class='ocrx_word' id='word_1_371' title='bbox 743 2931 798 2972; x_wconf 93' lang='lat' dir='ltr'><strong>non</strong></span> <span class='ocrx_word' id='word_1_372' title='bbox 816 2916 934 2972; x_wconf 89' lang='lat' dir='ltr'><strong>instituit</strong></span> <span class='ocrx_word' id='word_1_373' title='bbox 951 2917 1163 2972; x_wconf 87' lang='lat' dir='ltr'><strong>accusationem.</strong></span> <span class='ocrx_word' id='word_1_374' title='bbox 1542 2928 1571 2970; x_wconf 82' lang='lat' dir='ltr'><strong>aa</strong></span> 
     </span>
    </p>

    <p class='ocr_par' dir='ltr' id='par_1_12' title="bbox 56 3003 1570 3436">
     <span class='ocr_line' id='line_1_32' title="bbox 56 3003 1562 3090; baseline -0.001 -20"><span class='ocrx_word' id='word_1_375' title='bbox 56 3012 73 3070; x_wconf 84' lang='lat'><strong>5</strong></span> <span class='ocrx_word' id='word_1_376' title='bbox 145 3009 286 3066; x_wconf 82' lang='lat' dir='ltr'><strong>luurauus</strong></span> <span class='ocrx_word' id='word_1_377' title='bbox 304 3007 372 3064; x_wconf 88' lang='lat' dir='ltr'><strong>libro</strong></span> <span class='ocrx_word' id='word_1_378' title='bbox 390 3006 578 3076; x_wconf 79' lang='lat' dir='ltr'><strong>octogensimo</strong></span> <span class='ocrx_word' id='word_1_379' title='bbox 596 3011 675 3060; x_wconf 82' lang='lat' dir='ltr'><strong>sexto</strong></span> <span class='ocrx_word' id='word_1_380' title='bbox 693 3005 871 3075; x_wconf 84' lang='lat' dir='ltr'><strong>digestorum.</strong></span> <span class='ocrx_word' id='word_1_381' title='bbox 907 3005 1026 3077; x_wconf 83' lang='lat' dir='ltr'><strong>Nuptan</strong></span> <span class='ocrx_word' id='word_1_382' title='bbox 1046 3006 1112 3062; x_wconf 90' lang='lat' dir='ltr'><strong>mibi</strong></span> <span class='ocrx_word' id='word_1_383' title='bbox 1130 3007 1255 3063; x_wconf 87' lang='lat' dir='ltr'><strong>adulterii</strong></span> <span class='ocrx_word' id='word_1_384' title='bbox 1273 3022 1347 3066; x_wconf 88' lang='lat' dir='ltr'><strong>ream</strong></span> <span class='ocrx_word' id='word_1_385' title='bbox 1367 3003 1562 3090; x_wconf 49' lang='lat' dir='ltr'><strong>[mabsam</strong></span> 
     </span>
     <span class='ocr_line' id='line_1_33' title="bbox 90 3084 1523 3170; baseline 0.001 -18"><span class='ocrx_word' id='word_1_386' title='bbox 90 3099 224 3170; x_wconf 85' lang='lat' dir='ltr'><strong>postulari</strong></span> <span class='ocrx_word' id='word_1_387' title='bbox 245 3112 328 3168; x_wconf 90' lang='lat' dir='ltr'><strong>posse</strong></span> <span class='ocrx_word' id='word_1_388' title='bbox 346 3097 373 3152; x_wconf 90' lang='lat' dir='ltr'><strong>in</strong></span> <span class='ocrx_word' id='word_1_389' title='bbox 392 3097 480 3166; x_wconf 90' lang='lat' dir='ltr'><strong>priore</strong></span> <span class='ocrx_word' id='word_1_390' title='bbox 499 3094 671 3150; x_wconf 91' lang='lat' dir='ltr'><strong>matrimonio</strong></span> <span class='ocrx_word' id='word_1_391' title='bbox 689 3093 828 3150; x_wconf 87' lang='lat' dir='ltr'><strong>commissi</strong></span> <span class='ocrx_word' id='word_1_392' title='bbox 845 3093 958 3152; x_wconf 89' lang='lat' dir='ltr'><strong>dubium</strong></span> <span class='ocrx_word' id='word_1_393' title='bbox 977 3111 1032 3152; x_wconf 92' lang='lat' dir='ltr'><strong>non</strong></span> <span class='ocrx_word' id='word_1_394' title='bbox 1050 3100 1105 3165; x_wconf 89' lang='lat' dir='ltr'><strong>est,</strong></span> <span class='ocrx_word' id='word_1_395' title='bbox 1129 3111 1192 3152; x_wconf 90' lang='lat' dir='ltr'><strong>cum</strong></span> <span class='ocrx_word' id='word_1_396' title='bbox 1211 3101 1305 3167; x_wconf 90' lang='lat' dir='ltr'><strong>aperte</strong></span> <span class='ocrx_word' id='word_1_397' title='bbox 1322 3084 1523 3167; x_wconf 68' lang='lat' dir='ltr'><strong>lsgc&#39;iu&#39;lia‘de</strong></span> 
     </span>
     <span class='ocr_line' id='line_1_34' title="bbox 90 3183 1523 3256; baseline -0.001 -13"><span class='ocrx_word' id='word_1_398' title='bbox 90 3187 232 3243; x_wconf 86' lang='lat' dir='ltr'><strong>adulteriis</strong></span> <span class='ocrx_word' id='word_1_399' title='bbox 250 3186 408 3242; x_wconf 89' lang='lat' dir='ltr'><strong>coercendis</strong></span> <span class='ocrx_word' id='word_1_400' title='bbox 426 3188 565 3253; x_wconf 88' lang='lat' dir='ltr'><strong>caueatur,</strong></span> <span class='ocrx_word' id='word_1_401' title='bbox 584 3183 607 3238; x_wconf 94' lang='lat' dir='ltr'><strong>si</strong></span> <span class='ocrx_word' id='word_1_402' title='bbox 625 3183 735 3254; x_wconf 91' lang='lat' dir='ltr'><strong>quidem</strong></span> <span class='ocrx_word' id='word_1_403' title='bbox 754 3183 839 3238; x_wconf 92' lang='lat' dir='ltr'><strong>uidua</strong></span> <span class='ocrx_word' id='word_1_404' title='bbox 857 3184 902 3254; x_wconf 91' lang='lat' dir='ltr'><strong>sit,</strong></span> <span class='ocrx_word' id='word_1_405' title='bbox 920 3184 955 3239; x_wconf 90' lang='lat' dir='ltr'><strong>de</strong></span> <span class='ocrx_word' id='word_1_406' title='bbox 973 3185 1051 3242; x_wconf 90' lang='lat' dir='ltr'><strong>cuius</strong></span> <span class='ocrx_word' id='word_1_407' title='bbox 1069 3184 1202 3242; x_wconf 88' lang='lat' dir='ltr'><strong>adulterio</strong></span> <span class='ocrx_word' id='word_1_408' title='bbox 1214 3191 1319 3256; x_wconf 77' lang='lat' dir='ltr'><strong>agetur,</strong></span> <span class='ocrx_word' id='word_1_409' title='bbox 1337 3191 1369 3242; x_wconf 91' lang='lat' dir='ltr'><strong>ut</strong></span> <span class='ocrx_word' id='word_1_410' title='bbox 1380 3191 1523 3242; x_wconf 87' lang='lat' dir='ltr'><strong>aecusator</strong></span> 
     </span>
     <span class='ocr_line' id='line_1_35' title="bbox 90 3272 1522 3346; baseline -0.001 -14"><span class='ocrx_word' id='word_1_411' title='bbox 90 3275 204 3332; x_wconf 84' lang='lat' dir='ltr'><strong>liberum</strong></span> <span class='ocrx_word' id='word_1_412' title='bbox 225 3275 365 3334; x_wconf 87' lang='lat' dir='ltr'><strong>arbitrium</strong></span> <span class='ocrx_word' id='word_1_413' title='bbox 384 3273 493 3342; x_wconf 89' lang='lat' dir='ltr'><strong>habeat,</strong></span> <span class='ocrx_word' id='word_1_414' title='bbox 512 3272 665 3328; x_wconf 85' lang='lat' dir='ltr'><strong>adulterum</strong></span> <span class='ocrx_word' id='word_1_415' title='bbox 683 3289 719 3328; x_wconf 90' lang='lat' dir='ltr'><strong>an</strong></span> <span class='ocrx_word' id='word_1_416' title='bbox 737 3273 888 3328; x_wconf 88' lang='lat' dir='ltr'><strong>adulteram</strong></span> <span class='ocrx_word' id='word_1_417' title='bbox 906 3273 981 3344; x_wconf 90' lang='lat' dir='ltr'><strong>prius</strong></span> <span class='ocrx_word' id='word_1_418' title='bbox 999 3289 1129 3330; x_wconf 75' lang='lat' dir='ltr'><strong>mcusare</strong></span> <span class='ocrx_word' id='word_1_419' title='bbox 1147 3275 1236 3330; x_wconf 90' lang='lat' dir='ltr'><strong>malit:</strong></span> <span class='ocrx_word' id='word_1_420' title='bbox 1255 3275 1279 3330; x_wconf 92' lang='lat' dir='ltr'><strong>si</strong></span> <span class='ocrx_word' id='word_1_421' title='bbox 1296 3289 1363 3332; x_wconf 89' lang='lat' dir='ltr'><strong>uero</strong></span> <span class='ocrx_word' id='word_1_422' title='bbox 1380 3281 1467 3346; x_wconf 86' lang='lat' dir='ltr'><strong>nupta</strong></span> <span class='ocrx_word' id='word_1_423' title='bbox 1477 3275 1522 3346; x_wconf 90' lang='lat' dir='ltr'><strong>ait,</strong></span> 
     </span>
     <span class='ocr_line' id='line_1_36' title="bbox 91 3361 1570 3436; baseline -0.007 -14"><span class='ocrx_word' id='word_1_424' title='bbox 91 3371 122 3422; x_wconf 92' lang='lat' dir='ltr'><strong>ut</strong></span> <span class='ocrx_word' id='word_1_425' title='bbox 139 3365 215 3436; x_wconf 89' lang='lat' dir='ltr'><strong>prius</strong></span> <span class='ocrx_word' id='word_1_426' title='bbox 233 3364 386 3421; x_wconf 88' lang='lat' dir='ltr'><strong>adulterum</strong></span> <span class='ocrx_word' id='word_1_427' title='bbox 404 3367 528 3434; x_wconf 82' lang='lat' dir='ltr'><strong>peragat,</strong></span> <span class='ocrx_word' id='word_1_428' title='bbox 546 3367 612 3418; x_wconf 92' lang='lat' dir='ltr'><strong>tuuc</strong></span> <span class='ocrx_word' id='word_1_429' title='bbox 630 3361 778 3418; x_wconf 85' lang='lat' dir='ltr'><strong>mulierem.</strong></span> <span class='ocrx_word' id='word_1_430' title='bbox 1540 3377 1570 3418; x_wconf 70' lang='lat' dir='ltr'><strong>aa</strong></span> 
     </span>
    </p>

    <p class='ocr_par' dir='ltr' id='par_1_13' title="bbox 56 3447 1561 3795">
     <span class='ocr_line' id='line_1_37' title="bbox 56 3447 1561 3538; baseline -0.001 -28"><span class='ocrx_word' id='word_1_431' title='bbox 56 3457 73 3516; x_wconf 86' lang='grc'><strong>6</strong></span> <span class='ocrx_word' id='word_1_432' title='bbox 145 3455 325 3510; x_wconf 76' lang='lat' dir='ltr'><strong>Parmrauus</strong></span> <span class='ocrx_word' id='word_1_433' title='bbox 344 3451 412 3508; x_wconf 89' lang='lat' dir='ltr'><strong>libro</strong></span> <span class='ocrx_word' id='word_1_434' title='bbox 429 3452 517 3521; x_wconf 88' lang='lat' dir='ltr'><strong>primo</strong></span> <span class='ocrx_word' id='word_1_435' title='bbox 535 3449 570 3506; x_wconf 91' lang='lat' dir='ltr'><strong>de</strong></span> <span class='ocrx_word' id='word_1_436' title='bbox 588 3450 727 3506; x_wconf 88' lang='lat' dir='ltr'><strong>adulteris.</strong></span> <span class='ocrx_word' id='word_1_437' title='bbox 757 3452 834 3506; x_wconf 91' lang='lat' dir='ltr'><strong>Inter</strong></span> <span class='ocrx_word' id='word_1_438' title='bbox 850 3451 950 3508; x_wconf 88' lang='lat' dir='ltr'><strong>liberas</strong></span> <span class='ocrx_word' id='word_1_439' title='bbox 967 3456 1074 3508; x_wconf 89' lang='lat' dir='ltr'><strong>tautum</strong></span> <span class='ocrx_word' id='word_1_440' title='bbox 1092 3466 1224 3522; x_wconf 87' lang='lat' dir='ltr'><strong>personas</strong></span> <span class='ocrx_word' id='word_1_441' title='bbox 1242 3451 1347 3508; x_wconf 88' lang='lat' dir='ltr'><strong>adulte·</strong></span> <span class='ocrx_word' id='word_1_442' title='bbox 1366 3447 1521 3538; x_wconf 55' lang='lat' dir='ltr'><strong>iffi</strong></span> <span class='ocrx_word' id='word_1_443' title='bbox 1539 3460 1561 3516; x_wconf 78' lang='lat' dir='ltr'><strong>s</strong></span> 
     </span>
     <span class='ocr_line' id='line_1_38' title="bbox 90 3539 1521 3614; baseline -0.001 -13"><span class='ocrx_word' id='word_1_444' title='bbox 90 3545 161 3602; x_wconf 88' lang='lat' dir='ltr'><strong>rium</strong></span> <span class='ocrx_word' id='word_1_445' title='bbox 185 3549 346 3614; x_wconf 89' lang='lat' dir='ltr'><strong>stuprumue</strong></span> <span class='ocrx_word' id='word_1_446' title='bbox 369 3556 466 3612; x_wconf 87' lang='lat' dir='ltr'><strong>passae</strong></span> <span class='ocrx_word' id='word_1_447' title='bbox 489 3541 534 3596; x_wconf 89' lang='lat' dir='ltr'><strong>lex</strong></span> <span class='ocrx_word' id='word_1_448' title='bbox 557 3540 626 3596; x_wconf 90' lang='lat' dir='ltr'><strong>iulia</strong></span> <span class='ocrx_word' id='word_1_449' title='bbox 650 3541 739 3596; x_wconf 92' lang='lat' dir='ltr'><strong>lcoum</strong></span> <span class='ocrx_word' id='word_1_450' title='bbox 758 3539 849 3596; x_wconf 90' lang='lat' dir='ltr'><strong>babet.</strong></span> <span class='ocrx_word' id='word_1_451' title='bbox 882 3540 955 3611; x_wconf 90' lang='lat' dir='ltr'><strong>quud</strong></span> <span class='ocrx_word' id='word_1_452' title='bbox 974 3546 1064 3598; x_wconf 91' lang='lat' dir='ltr'><strong>autem</strong></span> <span class='ocrx_word' id='word_1_453' title='bbox 1084 3541 1120 3598; x_wconf 85' lang='lat' dir='ltr'><strong>od</strong></span> <span class='ocrx_word' id='word_1_454' title='bbox 1138 3556 1234 3598; x_wconf 90' lang='lat' dir='ltr'><strong>seruas</strong></span> <span class='ocrx_word' id='word_1_455' title='bbox 1252 3542 1383 3612; x_wconf 89' lang='lat' dir='ltr'><strong>pertinet,</strong></span> <span class='ocrx_word' id='word_1_456' title='bbox 1406 3549 1435 3598; x_wconf 91' lang='lat' dir='ltr'><strong>et</strong></span> <span class='ocrx_word' id='word_1_457' title='bbox 1452 3543 1521 3612; x_wconf 78' lang='lat' dir='ltr'><strong>legis</strong></span> 
     </span>
     <span class='ocr_line' id='line_1_39' title="bbox 91 3627 1522 3704; baseline -0.001 -14"><span class='ocrx_word' id='word_1_458' title='bbox 91 3634 220 3704; x_wconf 79' lang='lat' dir='ltr'><strong>Aquiliae</strong></span> <span class='ocrx_word' id='word_1_459' title='bbox 242 3633 315 3688; x_wconf 92' lang='lat' dir='ltr'><strong>actio</strong></span> <span class='ocrx_word' id='word_1_460' title='bbox 337 3628 417 3686; x_wconf 81' lang='lat' dir='ltr'><strong>facile</strong></span> <span class='ocrx_word' id='word_1_461' title='bbox 439 3627 545 3684; x_wconf 90' lang='lat' dir='ltr'><strong>tenebit</strong></span> <span class='ocrx_word' id='word_1_462' title='bbox 567 3634 596 3684; x_wconf 92' lang='lat' dir='ltr'><strong>et</strong></span> <span class='ocrx_word' id='word_1_463' title='bbox 616 3629 773 3686; x_wconf 87' lang='lat' dir='ltr'><strong>iniuriarum</strong></span> <span class='ocrx_word' id='word_1_464' title='bbox 792 3645 901 3700; x_wconf 90' lang='lat' dir='ltr'><strong>qnoque</strong></span> <span class='ocrx_word' id='word_1_465' title='bbox 919 3630 1050 3700; x_wconf 90' lang='lat' dir='ltr'><strong>competit</strong></span> <span class='ocrx_word' id='word_1_466' title='bbox 1067 3645 1119 3686; x_wconf 90' lang='lat' dir='ltr'><strong>nec</strong></span> <span class='ocrx_word' id='word_1_467' title='bbox 1136 3629 1188 3686; x_wconf 91' lang='lat' dir='ltr'><strong>erit</strong></span> <span class='ocrx_word' id='word_1_468' title='bbox 1206 3630 1368 3702; x_wconf 79' lang='lat' dir='ltr'><strong>deneganda</strong></span> <span class='ocrx_word' id='word_1_469' title='bbox 1385 3633 1522 3703; x_wconf 88' lang='lat' dir='ltr'><strong>praetoria</strong></span> 
     </span>
     <span class='ocr_line' id='line_1_40' title="bbox 91 3719 1523 3795; baseline -0.001 -16"><span class='ocrx_word' id='word_1_470' title='bbox 91 3737 202 3795; x_wconf 89' lang='lat' dir='ltr'><strong>qnoque</strong></span> <span class='ocrx_word' id='word_1_471' title='bbox 220 3722 292 3778; x_wconf 88' lang='lat' dir='ltr'><strong>actio</strong></span> <span class='ocrx_word' id='word_1_472' title='bbox 310 3720 345 3776; x_wconf 90' lang='lat' dir='ltr'><strong>de</strong></span> <span class='ocrx_word' id='word_1_473' title='bbox 364 3735 445 3776; x_wconf 89' lang='lat' dir='ltr'><strong>seruo</strong></span> <span class='ocrx_word' id='word_1_474' title='bbox 463 3723 603 3788; x_wconf 89' lang='lat' dir='ltr'><strong>corrupto:</strong></span> <span class='ocrx_word' id='word_1_475' title='bbox 622 3733 673 3774; x_wconf 92' lang='lat' dir='ltr'><strong>uec</strong></span> <span class='ocrx_word' id='word_1_476' title='bbox 690 3722 803 3790; x_wconf 90' lang='lat' dir='ltr'><strong>pmpter</strong></span> <span class='ocrx_word' id='word_1_477' title='bbox 819 3719 910 3789; x_wconf 91' lang='lat' dir='ltr'><strong>plures</strong></span> <span class='ocrx_word' id='word_1_478' title='bbox 929 3719 1050 3794; x_wconf 87' lang='lat' dir='ltr'><strong>actiones</strong></span> <span class='ocrx_word' id='word_1_479' title='bbox 1067 3719 1232 3790; x_wconf 89' lang='lat' dir='ltr'><strong>parcendum</strong></span> <span class='ocrx_word' id='word_1_480' title='bbox 1251 3721 1304 3776; x_wconf 89' lang='lat' dir='ltr'><strong>crit</strong></span> <span class='ocrx_word' id='word_1_481' title='bbox 1320 3721 1348 3776; x_wconf 92' lang='lat' dir='ltr'><strong>in</strong></span> <span class='ocrx_word' id='word_1_482' title='bbox 1366 3721 1523 3778; x_wconf 90' lang='lat' dir='ltr'><strong>huiusmodi</strong></span> 
     </span>
    </p>

    <p class='ocr_par' dir='ltr' id='par_1_14' title="bbox 62 3807 1569 4060">
     <span class='ocr_line' id='line_1_41' title="bbox 62 3807 1522 3881; baseline -0.001 -13"><span class='ocrx_word' id='word_1_483' title='bbox 62 3813 206 3870; x_wconf 74' lang='lat' dir='ltr'><strong>acumine</strong></span> <span class='ocrx_word' id='word_1_484' title='bbox 232 3825 288 3866; x_wconf 89' lang='lat' dir='ltr'><strong>reo.</strong></span> <span class='ocrx_word' id='word_1_485' title='bbox 323 3810 383 3865; x_wconf 85' lang='lat' dir='ltr'><strong>Lea</strong></span> <span class='ocrx_word' id='word_1_486' title='bbox 405 3814 528 3878; x_wconf 91' lang='lat' dir='ltr'><strong>stuprum</strong></span> <span class='ocrx_word' id='word_1_487' title='bbox 552 3813 580 3862; x_wconf 92' lang='lat' dir='ltr'><strong>et</strong></span> <span class='ocrx_word' id='word_1_488' title='bbox 603 3807 766 3863; x_wconf 87' lang='lat' dir='ltr'><strong>adulterium</strong></span> <span class='ocrx_word' id='word_1_489' title='bbox 788 3809 941 3877; x_wconf 91' lang='lat' dir='ltr'><strong>promiscue</strong></span> <span class='ocrx_word' id='word_1_490' title='bbox 964 3815 993 3864; x_wconf 90' lang='lat' dir='ltr'><strong>et</strong></span> <span class='ocrx_word' id='word_1_491' title='bbox 1016 3809 1285 3881; x_wconf 76' lang='grc' dir='ltr'>κιτιχριιτικὼτεροι</span> <span class='ocrx_word' id='word_1_492' title='bbox 1309 3811 1436 3881; x_wconf 90' lang='lat' dir='ltr'><strong>appellat.</strong></span> <span class='ocrx_word' id='word_1_493' title='bbox 1472 3811 1522 3866; x_wconf 92' lang='lat' dir='ltr'><strong>sed</strong></span> 
     </span>
     <span class='ocr_line' id='line_1_42' title="bbox 91 3897 1569 3974; baseline -0.003 -16"><span class='ocrx_word' id='word_1_494' title='bbox 91 3901 201 3974; x_wconf 92' lang='lat' dir='ltr'><strong>proprie</strong></span> <span class='ocrx_word' id='word_1_495' title='bbox 223 3899 386 3956; x_wconf 88' lang='lat' dir='ltr'><strong>adulterium</strong></span> <span class='ocrx_word' id='word_1_496' title='bbox 411 3898 439 3954; x_wconf 92' lang='lat' dir='ltr'><strong>in</strong></span> <span class='ocrx_word' id='word_1_497' title='bbox 461 3902 547 3966; x_wconf 88' lang='lat' dir='ltr'><strong>nupta</strong></span> <span class='ocrx_word' id='word_1_498' title='bbox 564 3897 755 3968; x_wconf 90' lang='lat' dir='ltr'><strong>committitur,</strong></span> <span class='ocrx_word' id='word_1_499' title='bbox 778 3903 889 3969; x_wconf 89' lang='lat' dir='ltr'><strong>propter</strong></span> <span class='ocrx_word' id='word_1_500' title='bbox 906 3902 1015 3970; x_wconf 87' lang='lat' dir='ltr'><strong>partum</strong></span> <span class='ocrx_word' id='word_1_501' title='bbox 1032 3913 1067 3954; x_wconf 87' lang='lat' dir='ltr'><strong>ex</strong></span> <span class='ocrx_word' id='word_1_502' title='bbox 1085 3898 1171 3954; x_wconf 91' lang='lat' dir='ltr'><strong>altero</strong></span> <span class='ocrx_word' id='word_1_503' title='bbox 1189 3904 1352 3970; x_wconf 89' lang='lat' dir='ltr'><strong>conceptum</strong></span> <span class='ocrx_word' id='word_1_504' title='bbox 1369 3901 1522 3971; x_wconf 90' lang='lat' dir='ltr'><strong>composito</strong></span> <span class='ocrx_word' id='word_1_505' title='bbox 1541 3915 1569 3955; x_wconf 85' lang='lat' dir='ltr'><strong>ac</strong></span> 
     </span>
     <span class='ocr_line' id='line_1_43' title="bbox 91 3985 1521 4060; baseline -0.003 -12"><span class='ocrx_word' id='word_1_506' title='bbox 91 3991 214 4048; x_wconf 88' lang='lat' dir='ltr'><strong>nomine:</strong></span> <span class='ocrx_word' id='word_1_507' title='bbox 238 3989 361 4059; x_wconf 90' lang='lat' dir='ltr'><strong>stuprum</strong></span> <span class='ocrx_word' id='word_1_508' title='bbox 383 4002 448 4042; x_wconf 88' lang='lat' dir='ltr'><strong>uero</strong></span> <span class='ocrx_word' id='word_1_509' title='bbox 467 3987 495 4042; x_wconf 92' lang='lat' dir='ltr'><strong>in</strong></span> <span class='ocrx_word' id='word_1_510' title='bbox 513 3986 646 4055; x_wconf 79' lang='lat' dir='ltr'><strong>uirginem</strong></span> <span class='ocrx_word' id='word_1_511' title='bbox 665 3985 812 4042; x_wconf 89' lang='lat' dir='ltr'><strong>uiduamuc</strong></span> <span class='ocrx_word' id='word_1_512' title='bbox 830 3988 1022 4058; x_wconf 89' lang='lat' dir='ltr'><strong>committitur,</strong></span> <span class='ocrx_word' id='word_1_513' title='bbox 1045 3987 1119 4058; x_wconf 89' lang='lat' dir='ltr'><strong>qnod</strong></span> <span class='ocrx_word' id='word_1_514' title='bbox 1137 3986 1235 4044; x_wconf 87' lang='lat' dir='ltr'><strong>Graeci</strong></span> <span class='ocrx_word' id='word_1_515' title='bbox 1253 3989 1356 4060; x_wconf 81' lang='lat' dir='ltr'><strong>cespis</strong></span> <span class='ocrx_word' id='word_1_516' title='bbox 1375 3990 1521 4060; x_wconf 88' lang='lat' dir='ltr'><strong>appellant.</strong></span> 
     </span>
    </p>

    <p class='ocr_par' dir='ltr' id='par_1_15' title="bbox 60 4073 1522 4148">
     <span class='ocr_line' id='line_1_44' title="bbox 60 4073 1522 4148; baseline -0.002 -11"><span class='ocrx_word' id='word_1_517' title='bbox 60 4081 178 4136; x_wconf 79' lang='lat' dir='ltr'><strong>albitus</strong></span> <span class='ocrx_word' id='word_1_518' title='bbox 202 4077 320 4134; x_wconf 89' lang='lat' dir='ltr'><strong>iamilisc</strong></span> <span class='ocrx_word' id='word_1_519' title='bbox 338 4077 453 4132; x_wconf 90' lang='lat' dir='ltr'><strong>maritus</strong></span> <span class='ocrx_word' id='word_1_520' title='bbox 471 4073 507 4130; x_wconf 90' lang='lat' dir='ltr'><strong>ab</strong></span> <span class='ocrx_word' id='word_1_521' title='bbox 525 4089 572 4145; x_wconf 91' lang='lat' dir='ltr'><strong>eo,</strong></span> <span class='ocrx_word' id='word_1_522' title='bbox 597 4075 643 4144; x_wconf 93' lang='lat' dir='ltr'><strong>qui</strong></span> <span class='ocrx_word' id='word_1_523' title='bbox 662 4076 704 4130; x_wconf 89' lang='lat' dir='ltr'><strong>aui</strong></span> <span class='ocrx_word' id='word_1_524' title='bbox 722 4075 788 4131; x_wconf 93' lang='lat' dir='ltr'><strong>iuria</strong></span> <span class='ocrx_word' id='word_1_525' title='bbox 806 4080 862 4146; x_wconf 91' lang='lat' dir='ltr'><strong>est,</strong></span> <span class='ocrx_word' id='word_1_526' title='bbox 885 4077 913 4131; x_wconf 93' lang='lat' dir='ltr'><strong>in</strong></span> <span class='ocrx_word' id='word_1_527' title='bbox 931 4092 965 4132; x_wconf 93' lang='lat' dir='ltr'><strong>ea</strong></span> <span class='ocrx_word' id='word_1_528' title='bbox 981 4078 1043 4147; x_wconf 80' lang='lat' dir='ltr'><strong>lege</strong></span> <span class='ocrx_word' id='word_1_529' title='bbox 1061 4093 1115 4132; x_wconf 93' lang='lat' dir='ltr'><strong>non</strong></span> <span class='ocrx_word' id='word_1_530' title='bbox 1133 4082 1284 4148; x_wconf 89' lang='lat' dir='ltr'><strong>separatur.</strong></span> <span class='ocrx_word' id='word_1_531' title='bbox 1314 4077 1395 4134; x_wconf 89' lang='lat' dir='ltr'><strong>diuus</strong></span> <span class='ocrx_word' id='word_1_532' title='bbox 1413 4093 1522 4148; x_wconf 90' lang='lat' dir='ltr'><strong>quoque</strong></span> 
     </span>
    </p>

    <p class='ocr_par' dir='ltr' id='par_1_16' title="bbox 61 4163 1522 4237">
     <span class='ocr_line' id='line_1_45' title="bbox 61 4163 1522 4237; baseline -0.001 -12"><span class='ocrx_word' id='word_1_533' title='bbox 61 4179 75 4225; x_wconf 85' lang='lat' dir='ltr'><strong>a</strong></span> <span class='ocrx_word' id='word_1_534' title='bbox 92 4169 249 4226; x_wconf 84' lang='lat' dir='ltr'><strong>Hadrianus</strong></span> <span class='ocrx_word' id='word_1_535' title='bbox 267 4167 386 4224; x_wconf 85' lang='lat' dir='ltr'><strong>Rosiurm</strong></span> <span class='ocrx_word' id='word_1_536' title='bbox 405 4164 520 4222; x_wconf 85' lang='lat' dir='ltr'><strong>Gemino</strong></span> <span class='ocrx_word' id='word_1_537' title='bbox 538 4164 677 4235; x_wconf 90' lang='lat' dir='ltr'><strong>rescripsit</strong></span> <span class='ocrx_word' id='word_1_538' title='bbox 694 4168 722 4220; x_wconf 92' lang='lat' dir='ltr'><strong>ct</strong></span> <span class='ocrx_word' id='word_1_539' title='bbox 739 4164 826 4222; x_wconf 89' lang='lat' dir='ltr'><strong>inuito</strong></span> <span class='ocrx_word' id='word_1_540' title='bbox 843 4170 922 4233; x_wconf 90' lang='lat' dir='ltr'><strong>patre</strong></span> <span class='ocrx_word' id='word_1_541' title='bbox 939 4163 1023 4221; x_wconf 91' lang='lat' dir='ltr'><strong>lilium</strong></span> <span class='ocrx_word' id='word_1_542' title='bbox 1042 4165 1094 4222; x_wconf 90' lang='lat' dir='ltr'><strong>bac</strong></span> <span class='ocrx_word' id='word_1_543' title='bbox 1111 4167 1173 4237; x_wconf 84' lang='lat' dir='ltr'><strong>lege</strong></span> <span class='ocrx_word' id='word_1_544' title='bbox 1190 4181 1267 4222; x_wconf 90' lang='lat' dir='ltr'><strong>rcum</strong></span> <span class='ocrx_word' id='word_1_545' title='bbox 1283 4165 1382 4224; x_wconf 83' lang='lat' dir='ltr'><strong>iacere.</strong></span> <span class='ocrx_word' id='word_1_546' title='bbox 1409 4168 1522 4224; x_wconf 88' lang='lat' dir='ltr'><strong>llaritus</strong></span> 
     </span>
    </p>
   </div>
   <div class='ocr_carea' id='block_1_4' title="bbox 91 4282 285 4354">
    <p class='ocr_par' dir='ltr' id='par_1_17' title="bbox 91 4282 285 4354">
     <span class='ocr_line' id='line_1_46' title="bbox 91 4282 285 4354; baseline -0.01 -13"><span class='ocrx_word' id='word_1_547' title='bbox 91 4282 285 4354; x_wconf 69' lang='lat' dir='ltr'><strong>rrxrnroo)</strong></span> 
     </span>
    </p>
   </div>
   <div class='ocr_carea' id='block_1_5' title="bbox 92 4459 1520 4606">
    <p class='ocr_par' dir='ltr' id='par_1_18' title="bbox 92 4459 1520 4606">
     <span class='ocr_line' id='line_1_47' title="bbox 92 4459 1520 4533; baseline -0.001 -13"><span class='ocrx_word' id='word_1_548' title='bbox 92 4463 249 4520; x_wconf 71' lang='lat' dir='ltr'><strong>¹lenocinii</strong></span> <span class='ocrx_word' id='word_1_549' title='bbox 268 4461 368 4529; x_wconf 69' lang='lat' dir='ltr'><strong>(edulii</strong></span> <span class='ocrx_word' id='word_1_550' title='bbox 432 4459 760 4529; x_wconf 73' lang='lat' dir='ltr'><strong>’imoriptionisfflctl‘t</strong></span> <span class='ocrx_word' id='word_1_551' title='bbox 820 4459 1001 4516; x_wconf 76' lang='lat' dir='ltr'><strong>⁸instruente</strong></span> <span class='ocrx_word' id='word_1_552' title='bbox 1015 4459 1117 4528; x_wconf 63' lang='lat' dir='ltr'><strong>(Holi‘t</strong></span> <span class='ocrx_word' id='word_1_553' title='bbox 1181 4463 1260 4518; x_wconf 80' lang='lat' dir='ltr'><strong>‘aut</strong></span> <span class='ocrx_word' id='word_1_554' title='bbox 1277 4467 1375 4533; x_wconf 75' lang='lat' dir='ltr'><strong>arguat</strong></span> <span class='ocrx_word' id='word_1_555' title='bbox 1391 4461 1520 4520; x_wconf 84' lang='lat' dir='ltr'><strong>infamem</strong></span> 
     </span>
     <span class='ocr_line' id='line_1_48' title="bbox 92 4531 581 4606; baseline -0.012 -14"><span class='ocrx_word' id='word_1_556' title='bbox 92 4539 222 4606; x_wconf 74' lang='lat' dir='ltr'><strong>(similiter</strong></span> <span class='ocrx_word' id='word_1_557' title='bbox 238 4533 332 4600; x_wconf 73' lang='lat' dir='ltr'><strong>Hali?</strong></span> <span class='ocrx_word' id='word_1_558' title='bbox 402 4535 413 4569; x_wconf 77' lang='lat'>⁵</span> <span class='ocrx_word' id='word_1_559' title='bbox 431 4531 581 4588; x_wconf 80' lang='lat' dir='ltr'><strong>accusare?</strong></span> 
     </span>
    </p>
   </div>
   <div class='ocr_carea' id='block_1_6' title="bbox 91 4700 1521 5135">
    <p class='ocr_par' dir='ltr' id='par_1_19' title="bbox 91 4700 1521 5135">
     <span class='ocr_line' id='line_1_49' title="bbox 93 4700 1521 4776; baseline -0.001 -14"><span class='ocrx_word' id='word_1_560' title='bbox 93 4704 246 4776; x_wconf 87' lang='lat' dir='ltr'><strong>1repellat]</strong></span> <span class='ocrx_word' id='word_1_561' title='bbox 255 4703 361 4774; x_wconf 89' lang='lat' dir='ltr'><strong>repellit</strong></span> <span class='ocrx_word' id='word_1_562' title='bbox 372 4703 407 4756; x_wconf 83' lang='lat' dir='ltr'><strong>F²</strong></span> <span class='ocrx_word' id='word_1_563' title='bbox 446 4700 780 4773; x_wconf 75' lang='lat' dir='ltr'><strong>3idparocltualmccBS</strong></span> <span class='ocrx_word' id='word_1_564' title='bbox 834 4701 1111 4771; x_wconf 73' lang='lat' dir='ltr'><strong>adl&#39;ltamporaF‘¹</strong></span> <span class='ocrx_word' id='word_1_565' title='bbox 1126 4701 1131 4770; x_wconf 88' lang='grc' dir='ltr'>Ι</span> <span class='ocrx_word' id='word_1_566' title='bbox 1146 4703 1261 4758; x_wconf 83' lang='lat' dir='ltr'><strong>ueruF¹</strong></span> <span class='ocrx_word' id='word_1_567' title='bbox 1315 4703 1521 4774; x_wconf 70' lang='lat' dir='ltr'><strong>storquice</strong></span> 
     </span>
     <span class='ocr_line' id='line_1_50' title="bbox 91 4773 1521 4844; baseline -0.002 -10"><span class='ocrx_word' id='word_1_568' title='bbox 91 4781 261 4834; x_wconf 72' lang='lat' dir='ltr'><strong>tacousant</strong></span> <span class='ocrx_word' id='word_1_569' title='bbox 282 4777 315 4828; x_wconf 68' lang='grc' dir='ltr'><strong><em>Ρ</em></strong></span> <span class='ocrx_word' id='word_1_570' title='bbox 337 4777 342 4841; x_wconf 93' lang='grc' dir='ltr'>Ι</span> <span class='ocrx_word' id='word_1_571' title='bbox 362 4774 414 4844; x_wconf 82' lang='grc' dir='ltr'>ιιι]</span> <span class='ocrx_word' id='word_1_572' title='bbox 437 4780 512 4829; x_wconf 89' lang='lat' dir='ltr'><strong>esset</strong></span> <span class='ocrx_word' id='word_1_573' title='bbox 531 4775 566 4828; x_wconf 68' lang='grc' dir='ltr'><strong>Ρ</strong></span> <span class='ocrx_word' id='word_1_574' title='bbox 625 4775 642 4828; x_wconf 90' lang='grc'>8</span> <span class='ocrx_word' id='word_1_575' title='bbox 665 4787 780 4844; x_wconf 90' lang='lat' dir='ltr'><strong>propen·</strong></span> <span class='ocrx_word' id='word_1_576' title='bbox 834 4789 934 4844; x_wconf 89' lang='lat' dir='ltr'><strong>cupare</strong></span> <span class='ocrx_word' id='word_1_577' title='bbox 957 4789 1012 4828; x_wconf 89' lang='lat' dir='ltr'><strong>uon</strong></span> <span class='ocrx_word' id='word_1_578' title='bbox 1039 4773 1139 4842; x_wconf 89' lang='lat' dir='ltr'><strong>potest]</strong></span> <span class='ocrx_word' id='word_1_579' title='bbox 1167 4774 1206 4842; x_wconf 85' lang='grc' dir='ltr'><strong>τῷ</strong></span> <span class='ocrx_word' id='word_1_580' title='bbox 1231 4773 1265 4828; x_wconf 79' lang='lat' dir='ltr'><strong>ai</strong></span> <span class='ocrx_word' id='word_1_581' title='bbox 1288 4775 1428 4843; x_wconf 75' lang='grc' dir='ltr'>ιγιιιὲιῳ</span> <span class='ocrx_word' id='word_1_582' title='bbox 1452 4777 1521 4832; x_wconf 76' lang='lat' dir='ltr'><strong>rime</strong></span> 
     </span>
     <span class='ocr_line' id='line_1_51' title="bbox 92 4845 1521 4917; baseline -0.001 -11"><span class='ocrx_word' id='word_1_583' title='bbox 92 4850 183 4906; x_wconf 72' lang='lat' dir='ltr'><strong>ai‘ore</strong></span> <span class='ocrx_word' id='word_1_584' title='bbox 196 4848 234 4902; x_wconf 71' lang='grc' dir='ltr'><strong>Ρ</strong></span> <span class='ocrx_word' id='word_1_585' title='bbox 249 4851 254 4911; x_wconf 83' lang='lat' dir='ltr'><strong>l</strong></span> <span class='ocrx_word' id='word_1_586' title='bbox 270 4846 318 4916; x_wconf 92' lang='lat' dir='ltr'><strong>ira]</strong></span> <span class='ocrx_word' id='word_1_587' title='bbox 335 4847 376 4911; x_wconf 73' lang='lat' dir='ltr'><strong>F1,</strong></span> <span class='ocrx_word' id='word_1_588' title='bbox 395 4846 453 4900; x_wconf 90' lang='lat' dir='ltr'><strong>iure</strong></span> <span class='ocrx_word' id='word_1_589' title='bbox 466 4845 644 4902; x_wconf 70' lang='lat' dir='ltr'><em>F’XYMOO</em></span> <span class='ocrx_word' id='word_1_590' title='bbox 691 4847 724 4900; x_wconf 93' lang='grc'><strong>11</strong></span> <span class='ocrx_word' id='word_1_591' title='bbox 741 4845 780 4900; x_wconf 92' lang='lat' dir='ltr'><strong>iu·</strong></span> <span class='ocrx_word' id='word_1_592' title='bbox 835 4845 1041 4915; x_wconf 75' lang='lat' dir='ltr'><strong>sarssopeiuBS</strong></span> <span class='ocrx_word' id='word_1_593' title='bbox 1072 4845 1357 4916; x_wconf 71' lang='lat' dir='ltr'><strong>tbeuperuenientcl&#39;</strong></span> <span class='ocrx_word' id='word_1_594' title='bbox 1381 4849 1521 4917; x_wconf 59' lang='lat' dir='ltr'><strong>tlpram·</strong></span> 
     </span>
     <span class='ocr_line' id='line_1_52' title="bbox 92 4915 1520 4988; baseline -0.001 -12"><span class='ocrx_word' id='word_1_595' title='bbox 92 4919 293 4976; x_wconf 79' lang='lat' dir='ltr'><strong>dieantibnal&#39;</strong></span> <span class='ocrx_word' id='word_1_596' title='bbox 347 4919 381 4972; x_wconf 88' lang='lat'><strong>13</strong></span> <span class='ocrx_word' id='word_1_597' title='bbox 399 4922 461 4972; x_wconf 77' lang='lat' dir='ltr'><strong>est</strong></span> <span class='ocrx_word' id='word_1_598' title='bbox 477 4922 509 4972; x_wconf 90' lang='lat' dir='ltr'><strong>ut</strong></span> <span class='ocrx_word' id='word_1_599' title='bbox 527 4915 564 4969; x_wconf 67' lang='lat' dir='ltr'><strong>F*</strong></span> <span class='ocrx_word' id='word_1_600' title='bbox 619 4917 652 4972; x_wconf 83' lang='lat'><strong>14</strong></span> <span class='ocrx_word' id='word_1_601' title='bbox 670 4931 781 4972; x_wconf 87' lang='lat' dir='ltr'><strong>accusa·</strong></span> <span class='ocrx_word' id='word_1_602' title='bbox 834 4922 933 4972; x_wconf 88' lang='lat' dir='ltr'><strong>uentus</strong></span> <span class='ocrx_word' id='word_1_603' title='bbox 946 4917 983 4970; x_wconf 77' lang='lat' dir='ltr'><strong>F’</strong></span> <span class='ocrx_word' id='word_1_604' title='bbox 1021 4917 1056 4972; x_wconf 85' lang='grc'><strong>36</strong></span> <span class='ocrx_word' id='word_1_605' title='bbox 1068 4922 1191 4988; x_wconf 87' lang='lat' dir='ltr'><strong>stuprum</strong></span> <span class='ocrx_word' id='word_1_606' title='bbox 1204 4917 1338 4988; x_wconf 90' lang='lat' dir='ltr'><strong>depassus</strong></span> <span class='ocrx_word' id='word_1_607' title='bbox 1351 4917 1388 4971; x_wconf 79' lang='lat' dir='ltr'><strong>F¹</strong></span> <span class='ocrx_word' id='word_1_608' title='bbox 1428 4921 1463 4974; x_wconf 90' lang='lat'><strong>39</strong></span> <span class='ocrx_word' id='word_1_609' title='bbox 1476 4939 1520 4974; x_wconf 82' lang='lat' dir='ltr'><strong>aa·</strong></span> 
     </span>
     <span class='ocr_line' id='line_1_53' title="bbox 92 4985 1520 5059; baseline -0.001 -11"><span class='ocrx_word' id='word_1_610' title='bbox 92 4999 170 5048; x_wconf 68' lang='lat' dir='ltr'><strong>tono*</strong></span> <span class='ocrx_word' id='word_1_611' title='bbox 195 4991 232 5044; x_wconf 73' lang='grc' dir='ltr'><strong>Ρ</strong></span> <span class='ocrx_word' id='word_1_612' title='bbox 251 4993 256 5056; x_wconf 85' lang='grc' dir='ltr'>Ι</span> <span class='ocrx_word' id='word_1_613' title='bbox 277 4989 426 5045; x_wconf 89' lang='lat' dir='ltr'><strong>constituet</strong></span> <span class='ocrx_word' id='word_1_614' title='bbox 451 4990 476 5044; x_wconf 85' lang='lat' dir='ltr'><em>F</em></span> <span class='ocrx_word' id='word_1_615' title='bbox 554 4989 589 5044; x_wconf 80' lang='lat'><strong>15</strong></span> <span class='ocrx_word' id='word_1_616' title='bbox 615 4985 735 5043; x_wconf 83' lang='lat' dir='ltr'><strong>tutamen</strong></span> <span class='ocrx_word' id='word_1_617' title='bbox 762 4989 788 5041; x_wconf 77' lang='lat' dir='ltr'><em>F</em></span> <span class='ocrx_word' id='word_1_618' title='bbox 833 4989 1098 5058; x_wconf 75' lang='lat' dir='ltr'><strong>raxpscusorepcul’</strong></span> <span class='ocrx_word' id='word_1_619' title='bbox 1124 4986 1520 5059; x_wconf 77' lang='lat' dir='ltr'><strong>43tacemltscarspomeF’:</strong></span> 
     </span>
     <span class='ocr_line' id='line_1_54' title="bbox 94 5057 1521 5135; baseline -0.001 -15"><span class='ocrx_word' id='word_1_620' title='bbox 94 5061 221 5135; x_wconf 80' lang='lat' dir='ltr'><strong>laqueo]</strong></span> <span class='ocrx_word' id='word_1_621' title='bbox 232 5077 287 5132; x_wconf 86' lang='lat' dir='ltr'><strong>quo</strong></span> <span class='ocrx_word' id='word_1_622' title='bbox 297 5063 341 5127; x_wconf 66' lang='grc' dir='ltr'>ι’,</span> <span class='ocrx_word' id='word_1_623' title='bbox 353 5061 400 5132; x_wconf 90' lang='lat' dir='ltr'><strong>qui</strong></span> <span class='ocrx_word' id='word_1_624' title='bbox 410 5061 458 5115; x_wconf 73' lang='lat' dir='ltr'><strong>F&#39;:</strong></span> <span class='ocrx_word' id='word_1_625' title='bbox 470 5057 558 5115; x_wconf 72' lang='lat' dir='ltr'><strong>insulsi</strong></span> <span class='ocrx_word' id='word_1_626' title='bbox 571 5059 617 5114; x_wconf 61' lang='grc' dir='ltr'><strong>ΒΕ</strong></span> <span class='ocrx_word' id='word_1_627' title='bbox 653 5061 687 5114; x_wconf 78' lang='grc'><strong>20</strong></span> <span class='ocrx_word' id='word_1_628' title='bbox 696 5059 782 5129; x_wconf 89' lang='lat' dir='ltr'><strong>quod·</strong></span> <span class='ocrx_word' id='word_1_629' title='bbox 834 5059 956 5123; x_wconf 70' lang='lat' dir='ltr'><strong>uiuaciter</strong></span> <span class='ocrx_word' id='word_1_630' title='bbox 1029 5061 1179 5132; x_wconf 78' lang='lat' dir='ltr'><strong>aararopeia</strong></span> <span class='ocrx_word' id='word_1_631' title='bbox 1199 5061 1261 5116; x_wconf 79' lang='lat' dir='ltr'><strong>Be.-</strong></span> <span class='ocrx_word' id='word_1_632' title='bbox 1285 5063 1318 5135; x_wconf 56' lang='grc' dir='ltr'>ιβ</span> <span class='ocrx_word' id='word_1_633' title='bbox 1331 5062 1401 5133; x_wconf 86' lang='lat' dir='ltr'><strong>adp.</strong></span> <span class='ocrx_word' id='word_1_634' title='bbox 1412 5061 1473 5127; x_wconf 69' lang='grc'><strong>814,</strong></span> <span class='ocrx_word' id='word_1_635' title='bbox 1486 5063 1521 5118; x_wconf 92' lang='grc'><strong>13</strong></span> 
     </span>
    </p>
   </div>
   <div class='ocr_carea' id='block_1_7' title="bbox 0 0 1812 5460">
    <p class='ocr_par' dir='ltr' id='par_1_20' title="bbox 0 0 1812 5460">
     <span class='ocr_line' id='line_1_55' title="bbox 0 0 1812 5460; baseline 0 0"><span class='ocrx_word' id='word_1_636' title='bbox 0 0 1812 5460; x_wconf 95' lang='lat' dir='ltr'><strong> </strong></span> 
     </span>
    </p>
   </div>
  </div>
 </body>
</html>
