3608 5460
285 275 462 344 XXXXllll
484 277 501 340 'l
524 283 640 338 tit-30
951 271 1039 352 644
1068 279 1082 294 “
1357 295 1402 341 us
1427 291 1710 364 osurourrorusus
1773 367 1775 372 Ι

285 407 475 503 interpellatus
492 449 545 489 non
564 439 645 503 esset,
663 448 778 503 poenam
798 433 853 503 poti
871 447 965 504 posse:
984 434 1100 503 amplius
1119 433 1225 490 etiamsi
1239 431 1350 488 omuino
1363 432 1554 502 interpellatus
1565 447 1621 488 nou
1631 437 1712 487 esset:

285 537 336 577 neo
355 524 434 578 aliter
451 539 505 578 non
523 523 657 578 oommitti
676 522 887 592 stipulationem,
906 523 1030 591 quamsi
1048 537 1097 592 per
1114 520 1265 578 debitorem
1278 536 1332 576 non
1346 521 1478 590 stetisset,
1497 536 1553 591 quo
1565 521 1655 577 minus
1665 521 1715 576 sol·

286 615 374 666 neret:
400 613 519 682 alioquin
542 611 687 666 dioeudum
711 616 740 666 et
761 611 784 666 si
802 611 839 680 is,
865 611 911 680 qui
929 611 1102 682 interpellare
1120 611 1269 680 eoepisset,
1295 609 1452 665 ualetudine
1470 609 1622 680 impeditus
1638 607 1715 665 inter·

286 701 387 770 pellare
406 700 537 768 desisset,
556 715 672 770 poenam
691 715 744 755 non
764 700 905 756 committi.
932 699 966 754 de
984 701 1031 754 illo
1048 715 1115 756 sane
1133 705 1226 770 potest
1242 698 1374 768 dubitari,
1393 700 1418 755 si
1435 699 1626 769 interpellatus
1643 699 1715 769 ipss¹

286 805 389 844 moram
407 788 517 859 feeerit,
537 807 587 858 an,
606 789 731 860 quamuis
749 789 893 859 pecuniam
912 794 1009 858 postes
1027 790 1136 858 offerat,
1154 788 1239 844 nihilo
1257 789 1346 843 minus
1364 803 1454 874 poena
1471 787 1673 848 committatur:
1691 792 1746 841 eti

286 877 338 933 hou
361 879 461 934 reetius
486 878 593 933 dieitur.
625 879 705 933 ²nam
731 884 760 934 et
782 879 805 934 si
824 876 925 933 arbiter
942 893 977 932 ex
994 878 1190 948 eompromisso
1208 877 1351 947 peouniam
1369 882 1444 934 eerto
1462 876 1507 932 die
1525 877 1594 932 dare
1611 876 1718 932 iusserit

286 982 375 1038 neque
392 982 442 1038 per
459 983 536 1035 euru,
555 968 602 1036 qui
620 967 686 1022 dare
704 969 795 1023 iussus
814 968 864 1036 sit,
883 968 1003 1036 steterit,
1021 983 1075 1022 non
1094 967 1226 1022 committi
1244 981 1360 1036 poenam
1377 966 1531 1036 respondit:
1554 965 1625 1022 adeo
1643 971 1675 1021 ut
1691 969 1719 1020 et

286 1055 352 1112 illud
371 1055 482 1112 Seruius
501 1040 650 1112 rectissime
669 1057 874 1125 existimauerit,
893 1057 917 1112 sl
935 1055 1045 1127 quando
1057 1054 1126 1124 dies,
1144 1069 1199 1124 qna
1210 1056 1327 1124 poeonia
1338 1054 1456 1125 daretur,
1476 1055 1615 1110 sententia
1627 1053 1718 1108 arbitri

287 1145 473 1215 conprehensa
490 1159 545 1201 noo
564 1152 649 1214 esset,
669 1145 804 1202 modicum
824 1145 941 1214 spatium
961 1144 1056 1200 datum
1075 1144 1170 1199 uideri.
1201 1143 1253 1199 boo
1271 1143 1342 1200 idem
1361 1143 1506 1199 dieendnm
1526 1149 1556 1200 et
1573 1159 1636 1200 oum
1655 1142 1719 1212 quid

286 1249 320 1290 ea
337 1235 398 1303 lege
416 1235 539 1304 uenierit,
558 1240 597 1302 ut,
617 1235 669 1290 nisi
687 1233 722 1290 ad
740 1234 813 1289 diem
831 1233 948 1304 pretium
967 1234 1087 1290 solutum
1104 1229 1195 1301 inerit,
1213 1233 1335 1302 inempta
1352 1248 1396 1287 res
1414 1231 1471 1287 fiat.
1735 1240 1761 1281 ro

230 1326 268 1382 24
340 1323 511 1380 Postrourus
533 1323 602 1378 libro
625 1323 754 1393 singulari
773 1323 936 1391 mgularum
973 1321 1001 1378 Si
1020 1337 1037 1376 a
1055 1320 1172 1389 furioso,
1197 1336 1260 1376 eum
1278 1317 1513 1404 Μ]
1522 1317 1753 1399 iaspidas-‘as

287 1427 348 1466 eum
375 1417 526 1482 eompotsm
551 1411 650 1466 mentis
675 1426 736 1466 esse
761 1412 1067 1481 putarem‚.peeuniam
1090 1411 1170 1480 quasi
1194 1416 1317 1466 mutuom
1338 1409 1488 1479 aoeeperim
1508 1423 1597 1478 esque
1614 1409 1643 1464 in
1662 1423 1716 1463 rem

287 1517 375 1556 meam
394 1515 475 1556 uersa
492 1499 586 1570 fuerit,
605 1499 740 1555 condictio
759 1498 861 1556 furiose
879 1501 1045 1570 adquiritur:
1069 1515 1132 1556 nam
1151 1515 1186 1555 ex
1204 1498 1304 1570 quibus
1322 1499 1413 1554 eaesis
1430 1496 1623 1567 ignorantibus
1640 1495 1718 1552 nobis

287 1591 409 1645 actiones
428 1589 620 1658 adquiruntur,
642 1604 676 1644 ex
694 1589 779 1644 isdem
800 1590 882 1644 etiarn
899 1587 995 1644 furiosi
1013 1590 1123 1646 nomine
1139 1589 1236 1659 ineipit
1254 1589 1299 1658 agi
1316 1603 1411 1658 posse:
1437 1586 1523 1642 ueluti
1542 1601 1604 1642 eum
1623 1600 1719 1640 seruus

287 1679 346 1734 sius
365 1677 522 1748 stipulatur,
548 1693 609 1733 eum
628 1675 730 1733 turtum
749 1677 774 1732 ei
791 1675 834 1746 lit,
854 1683 902 1732 aut
920 1678 1049 1736 damnum
1068 1678 1093 1732 ei
1111 1677 1203 1734 dando
1222 1678 1250 1732 in
1268 1678 1357 1746 legem
1375 1676 1512 1745 Aquiliam
1532 1675 1718 1742 committitur,
1736 1683 1761 1725 re

288 1773 336 1822 aut
354 1767 376 1822 si
389 1765 467 1836 sorte,
487 1783 547 1822 oum
562 1766 680 1822 ereditur
697 1764 794 1836 iuerat,
813 1765 958 1822 fraudandi
976 1767 1035 1822 eius
1053 1783 1137 1822 eausa
1155 1765 1262 1822 debitur
1280 1765 1360 1821 alieui
1377 1780 1434 1820 reru
1452 1763 1605 1820 tradiderit
1635 1763 1718 1818 idem·

242 1870 266 1923 ,1
287 1871 341 1925 que
359 1856 418 1924 erit,
437 1855 461 1910 si
479 1856 585 1925 legetur
603 1856 628 1911 ei
646 1856 690 1912 uel
709 1853 949 1911 fideioommissunr
968 1857 993 1910 ei
1012 1856 1187 1925 relinquatur.
1215 1856 1283 1910 Item
1303 1855 1327 1910 si
1344 1855 1376 1924 is,
1394 1855 1441 1924 qui
1459 1869 1542 1909 seruo
1561 1854 1651 1909 alieno
1663 1867 1718 1907 ere

288 1944 403 2014 diderat,
420 1943 509 2000 furere
528 1945 656 2015 eoeperit,
677 1944 776 2000 deinde
794 1959 890 2000 seruus
908 1945 936 1998 in
955 1959 1010 2000 rem
1031 1943 1133 2000 domini
1151 1944 1179 1998 id
1198 1944 1272 2013 quod
1291 1949 1415 1998 mutuum
1433 1949 1579 2012 aooeperat
1596 1941 1718 2009 uerterit,

255 2031 389 2088 aiurioso
408 2033 543 2088 eondietio
562 2033 721 2103 adquiritur.
750 2033 817 2088 Item
837 2033 860 2088 si
878 2033 993 2088 alienam
1012 2033 1155 2102 pecuniam
1175 2032 1304 2088 eredendi
1316 2047 1401 2087 eausa
1411 2032 1473 2102 quis
1487 2031 1602 2100 dederit,
1621 2029 1719 2086 deindo

255 2131 269 2176 a
288 2137 400 2192 oompos
419 2121 517 2177 mentis
537 2135 597 2178 esse
615 2121 734 2190 desierit,
753 2126 850 2192 postea
867 2125 1030 2191 oonsumpta
1048 2137 1082 2176 ea
1099 2120 1202 2178 furioso
1221 2121 1356 2178 eondietto
1374 2121 1536 2190 adquiritur.
1563 2120 1599 2174 Et
1615 2119 1663 2190 qni
1675 2133 1718 2174 ne
1734 2131 1759 2172 re

287 2211 364 2280 gotia
382 2209 477 2266 furiosi
495 2212 619 2282 gesserit,
638 2211 808 2281 negotiorum
827 2215 966 2280 gestorum
985 2209 1011 2264 ei
1029 2209 1175 2280 obligatur.

231 2297 269 2355 25
340 2299 490 2356 Uarrsuus
514 2299 583 2356 libro
606 2300 736 2370 singulari
760 2299 923 2372 regularum.
960 2297 1106 2354 Aelianum
1129 2313 1232 2370 genera
1253 2303 1318 2354 sunt
1335 2297 1405 2368 duo,
1428 2298 1456 2353 in
1474 2313 1542 2368 mm,
1561 2291 1751 2381 [ἦρε

287 2403 359 2458 quse
377 2389 475 2444 dieitur
493 2389 655 2458 uindioatio,
675 2394 703 2444 et
721 2389 748 2443 in
767 2403 925 2458 personam,
944 2403 1015 2458 quae
1033 2387 1169 2444 condietio
1188 2388 1348 2458 appellatur.
1382 2387 1409 2442 in
1428 2402 1485 2442 rem
1504 2387 1579 2442 aetio
1595 2391 1654 2454 est,
1671 2400 1736 2456 per.

287 2493 368 2546 quam
388 2493 444 2532 rem
464 2483 599 2547 nostram,
624 2493 694 2547 quae
713 2476 748 2532 ab
766 2477 819 2533 alio
837 2477 1003 2546 possidetur,
1028 2477 1161 2546 petimus:
1184 2482 1213 2532 et
1230 2492 1339 2548 semper
1358 2476 1494 2532 aduersas
1516 2491 1582 2532 eurn
1605 2479 1651 2530 est
1672 2473 1715 2544 qui

287 2581 345 2620 rern
363 2565 493 2636 possidet.
524 2567 552 2622 in
570 2581 714 2636 personam
734 2566 806 2622 sotio
824 2571 881 2635 est,
900 2581 1034 2636 quaeum
1052 2582 1086 2622 eo
1104 2567 1225 2636 agimus,
1244 2566 1291 2635 qui
1308 2564 1446 2635 obligatus
1464 2569 1509 2620 est
1526 2563 1608 2620 nobis
1625 2562 1660 2618 sd
1678 2559 1715 2617 ia·
1730 2573 1754 2614 re

257 2665 267 2708 1
288 2654 413 2710 oiendum
432 2655 534 2724 aliquid
551 2655 595 2710 uel
614 2655 748 2714 dandum:
768 2659 797 2710 et
814 2669 921 2724 semper
939 2654 1072 2710 aduersus
1090 2655 1207 2710 eundem
1224 2655 1315 2712 losum
1332 2653 1424 2710 haba.
1459 2653 1609 2710 Aetiouurn
1627 2655 1713 2708 autem

288 2743 421 2813 quaedam
441 2759 475 2800 ex
494 2747 644 2812 oonmaotu,
662 2743 797 2812 quaedam
816 2758 851 2798 ex
869 2742 950 2812 iaetu,
969 2744 1103 2814 quaedam
1122 2745 1150 2799 in
1164 2741 1267 2800 laetum
1279 2749 1352 2799 snut.
1379 2758 1414 2798 ex
1426 2747 1571 2800 commeatu
1583 2742 1656 2796 aetio
1667 2745 1712 2807 est

288 2833 414 2902 quotiens
432 2833 493 2902 quis
511 2833 554 2888 sui
572 2832 639 2888 lauri
657 2847 741 2888 eausa
759 2849 821 2888 euru
839 2832 930 2902 aliquo
948 2833 1096 2904 tenuabit,
1120 2833 1205 2888 ueluti
1223 2832 1338 2888 emendo
1356 2831 1502 2889 uendendo
1520 2830 1638 2888 leuando
1655 2845 1711 2885 eon·

288 2921 413 2978 ducendo
432 2927 460 2976 et
478 2922 575 2976 asteris
593 2919 734 2976 similibus.
767 2936 802 2976 ex
820 2919 892 2976 laeto
911 2922 983 2978 aetio
1001 2927 1058 2991 est,
1081 2921 1208 2992 quotiens
1226 2937 1261 2977 ex
1279 2937 1311 2978 eo
1329 2923 1416 2978 teneri
1433 2921 1496 2991 quis
1514 2921 1624 2991 inoipit,
1645 2915 1710 2989 quod

288 3011 346 3080 ipse
365 3010 487 3080 admisit,
510 3011 594 3065 ueluti
612 3008 713 3064 fumum
733 3010 777 3064 uel
795 3009 921 3066 iniuriam
939 3011 1075 3068 commisit
1093 3011 1137 3066 uel
1156 3010 1285 3066 murnum
1303 3009 1387 3066 dedit
1420 3012 1448 3065 in
1466 3009 1571 3066 laetum
1590 3011 1660 3065 aetio
1676 3007 1709 3061 di·
1723 3017 1744 3058 ro

288 3100 366 3167 eitun,
385 3101 395 3172 ll
415 3099 503 3168 qualis
521 3105 565 3154 est
582 3099 699 3168 exempli
716 3098 903 3169 gratissemo,
922 3113 993 3169 quae
1008 3099 1089 3156 datur
1101 3103 1216 3169 patrono
1228 3099 1361 3156 addemus
1373 3098 1510 3168 liberaum,
1529 3113 1614 3169 aquo
1625 3101 1708 3154 eentm
1720 3091 1774 3150 ttlt'

253 3197 269 3240 a
288 3187 407 3244 edietum
432 3188 565 3258 praeteris
583 3188 610 3242 in
628 3188 671 3242 ius
689 3193 804 3242 uooatus
823 3191 875 3243 est.
913 3187 1012 3244 Omnes
1030 3193 1122 3244 autem
1141 3189 1263 3244 sationes
1281 3193 1330 3244 aut
1347 3189 1441 3244 oiuiles
1460 3187 1590 3244 dieuntru
1607 3192 1653 3244 ant
1668 3186 1707 3242 bo·

288 3292 420 3333 aoranae.

231 3363 269 3422 26
343 3366 418 3420 lnam
436 3364 504 3440 libro
522 3365 617 3435 quinto
636 3365 670 3422 de
689 3364 825 3421 eeusibus.
854 3365 954 3422 Omnes
971 3366 1101 3434 poenales
1119 3367 1242 3424 audones
1258 3372 1322 3438 post
1339 3367 1414 3424 litem
1433 3365 1544 3423 inchoa·
1564 3357 1707 3451 [effitt
1720 3367 1747 3440 is

287 3459 344 3510 tam
362 3459 391 3510 et
409 3454 444 3509 ad
462 3453 577 3510 heredes
595 3457 745 3510 transeunt.
1720 3461 1740 3503 a

231 3541 269 3598 27
339 3545 518 3599 Parmrsuus
536 3543 605 3598 libro
624 3543 772 3598 uicensimo
789 3542 906 3612 septimo
923 3543 1123 3612 quaestionum.
1152 3543 1260 3614 Obliga·
1279 3541 1318 3627 [Β.
1328 3557 1366 3610 ea,
1378 3558 1400 3610 1,
1412 3557 1450 3603 te.
1467 3555 1559 3626 {aas
1571 3535 1738 3626 affl?

287 3632 389 3701 tiones,
412 3647 483 3700 quae
500 3647 555 3688 non
572 3633 688 3702 propriis
705 3631 810 3687 uiribus
829 3632 994 3700 oonsistout,
1014 3647 1102 3701 neque
1120 3631 1212 3690 oilieio
1230 3633 1327 3689 iudieis
1346 3648 1434 3704 neque
1452 3635 1590 3702 praeturis
1607 3631 1708 3703 imperio

287 3735 376 3790 neque
393 3721 462 3790 legis
480 3725 617 3791 potestate
635 3718 838 3776 confirmantur.
967 3731 982 3760 ·

231 3807 270 3866 28
340 3809 416 3864 Inna
434 3809 502 3864 libro
520 3811 608 3880 primo
626 3809 822 3865 definitionum.
848 3808 937 3884 ¹ltetio
955 3809 983 3864 iu
1000 3824 1145 3878 personam
1165 3807 1290 3866 infertur:
1309 3811 1406 3880 petitio
1424 3811 1452 3866 io
1471 3825 1544 3866 rem:
1565 3803 1742 3894 ΜΡ
1802 3837 1803 3840 “

287 3899 441 3968 persecutio
460 3899 487 3954 in
506 3915 561 3954 rem
581 3899 623 3954 uel
643 3898 670 3953 in
688 3913 832 3968 personam
851 3898 890 3953 rei
908 3898 1114 3968 persequendae
1131 3901 1230 3969 gratia.
1725 3906 1746 3948 o

231 3986 269 4044 29
340 3988 458 4042 Pronus
480 3987 549 4042 libro
572 3991 669 4056 quarto
692 4003 895 4058 responsorum.
931 3987 1016 4043 Luoio
1035 3988 1108 4044 Titio
1131 4005 1194 4044 oum
1212 4004 1248 4044 ex
1265 4003 1349 4046 eausa
1366 3988 1481 4044 iudicati
1498 4005 1547 4058 pe
1566 3981 1746 4074 &guil

288 4077 369 4131 sunia
387 4074 532 4132 deberetur
550 4081 578 4131 et
596 4075 684 4130 eidem
703 4075 820 4132 debitori
838 4077 918 4131 aliam
936 4076 1080 4145 peonniam
1099 4077 1236 4148 erederet,
1255 4079 1283 4133 in
1302 4078 1429 4134 santione
1447 4078 1584 4148 peuunim
1602 4076 1716 4134 medae

289 4180 342 4220 nou
361 4164 462 4219 adierit
479 4164 531 4220 sibi
548 4169 657 4234 praeter
674 4166 752 4220 eam³
769 4167 913 4235 peonniam
932 4163 1051 4220 debitam
1064 4165 1117 4221 sibi
1129 4181 1164 4222 ex
1177 4181 1262 4222 eausa
1273 4166 1400 4222 iudicati:
1419 4181 1532 4238 quaero,
1550 4183 1588 4224 an
1599 4167 1717 4236 integrae

288 4254 343 4309 sint
360 4259 491 4323 utraeque
509 4255 595 4310 Lusio
612 4254 686 4308 Titio
703 4255 858 4324 petitiones.
884 4254 985 4308 Pardus
1003 4255 1144 4324 respondit
1161 4254 1228 4312 nihil
1244 4256 1368 4326 proponi,
1388 4269 1437 4312 our
1453 4270 1509 4312 non
1521 4255 1717 4326 sintintegree.
1733 4265 1758 4307 u

232 4341 273 4400 30
341 4341 499 4398 Sosnuonn
513 4342 582 4399 libro
594 4344 682 4414 primo
695 4359 895 4414 responsorum.
922 4341 1024 4398 sunus
1036 4344 1152 4400 etieotus
1165 4359 1220 4401 non
1231 4337 1341 4415 ideireo,
1359 4343 1434 4414 quod
1446 4349 1548 4414 postea
1580 4339 1720 4416 ’[ῐῐῖιῖθ
1736 4350 1757 4406 Ρ

288 4431 458 4501 indulgentia
474 4431 616 4502 principali
633 4431 786 4488 libertatern
805 4437 969 4490 oonseeutue
987 4437 1038 4504 est,
1056 4433 1161 4490 redisse
1179 4433 1278 4490 dieitur
1294 4435 1323 4490 in
1336 4431 1535 4504 obligationem
1547 4421 1720 4494 meditem]

288 4535 481 4606 rrxrrnoo)

288 4640 482 4648 ——bae
489 4643 500 4646 -.
508 4641 567 4647 4...-
578 4641 673 4648 ...ω-.-

290 4691 298 4724 ¹
318 4688 504 4756 interpellatus
523 4689 581 4758 ipse
600 4691 645 4744 det.
716 4691 728 4724 ²
747 4693 892 4746 exciderant
908 4693 987 4744 tatto:
1006 4696 1126 4746 osterum
1144 4706 1235 4762 poena
1253 4705 1307 4748 nen
1326 4693 1519 4765 committitur,
1539 4696 1563 4752 si
1581 4711 1630 4768 per
1647 4695 1723 4752 debi-

288 4763 375 4814 torem
394 4775 448 4815 non
466 4762 580 4830 steterit,
599 4777 653 4830 qno
671 4761 761 4816 minus
779 4775 812 4817 ea
830 4761 875 4816 die
893 4763 1013 4818 solueret
1081 4763 1093 4798 ⁸
1112 4777 1167 4818 non
1185 4761 1286 4819 odieait
1302 4765 1468 4834 praeterea?

287 4909 478 4979 aet10str¹
541 4911 703 4966 tdedissst
722 4913 757 4964 F·
818 4912 917 4968 lidori
936 4913 975 4965 Ρ
1026 4913 1097 4968 lator
1115 4915 1150 4966 Ρ
1199 4915 1234 4970 24
1252 4914 1306 4970 alia
1320 4916 1376 4969 ΡΙ
1404 4918 1440 4972 26
1452 4917 1491 4988 et]
1505 4924 1550 4974 est
1563 4919 1599 4972 Ρ
1645 4919 1723 4976 dist

289 4982 323 5036 13
341 4981 518 5037 eondioti'oi'o
531 4981 569 5034 Ρ
617 4985 652 5038 14
663 4981 784 5038 lr'isdem
797 4985 835 5036 Ρ
883 4985 916 5038 17
929 4983 973 5038 uel
1028 4985 1167 5042 eiusdem
1188 4987 1224 5039 Ρ
1277 4985 1313 5041 45
1331 4985 1507 5044 seeebolad'

288 5051 329 5109 *si
342 5051 429 5110 iideie.
450 5055 486 5107 Ρ
531 5054 566 5108 20
583 5053 745 5110 eondietiuio
763 5055 789 5107 F
830 5055 865 5109 23
883 5055 973 5126 appel·
