3518 5452
65 319 105 368 cs
125 313 341 365 cannomsno
364 315 491 364 snrcro
717 289 803 373 305
1165 299 1313 368 mvn
1336 302 1475 367 101-s

73 455 176 512 iohanne
194 453 300 523 scripsit
323 453 413 508 udhsm
431 451 602 510 Carboniano
626 454 716 510 locum
740 469 816 510 esse:
839 453 913 524 quod
937 459 965 510 et
986 455 1068 512 diuus
1085 456 1150 512 Pius
1173 458 1325 528 rescripsit:
1349 473 1412 514 nam
1430 457 1476 513 uei

78 545 149 612 msgis
169 541 357 598 consulendum
379 547 423 598 est
444 541 487 598 his
507 541 607 612 quibus
625 543 713 598 maius
731 543 881 614 pericnlum
899 543 1056 600 intenditur.
1088 561 1151 601 nem
1170 547 1193 601 ri
1211 547 1289 602 slitcr
1307 546 1475 617 obseruetur,

81 632 169 687 inuenta
182 632 228 686 erit
244 632 329 702 ratio,
348 631 577 702 quemadmodum
597 631 795 687 audacissimus
813 633 928 702 quisque
946 634 1048 688 msiore
1065 635 1163 690 iniuria
1179 634 1338 706 inpuberem
1357 634 1475 706 adficiat,

64 720 140 788 tqucd
153 727 176 774 et
189 721 263 791 ptura
280 725 310 776 et
326 723 455 792 grauiora
472 721 507 778 de
525 736 558 778 eo
577 721 731 776 mentiatur.
766 719 868 776 Sedet
886 723 909 776 si
927 722 986 792 ipse
1005 722 1149 780 defunctus
1167 739 1264 780 seruus
1282 739 1343 780 esse
1361 725 1475 795 dicatur,

66 806 139 864 tidem
153 810 193 864 erit
207 809 360 865 dicendum.
397 809 453 867 Sed
471 815 499 866 ct
517 811 540 866 si
557 808 640 866 fiscus
659 809 725 865 iacit
742 809 876 882 impuberi
893 813 1120 882 controuersiam,
1139 813 1338 869 Carbonianum
1356 813 1476 870 edietum
1495 823 1510 866 s

68 901 155 966 spotest
167 899 245 954 iocum
262 897 373 954 hebere.
399 899 566 971 Pomponius
583 899 652 956 libro
669 897 891 970 septuagensimis
909 915 981 958 nono
1000 901 1035 956 ad
1053 901 1172 958 edictum
1191 903 1308 973 scripsit,
1326 917 1388 959 cum
1406 902 1476 959 tilius

89 983 193 1042 herenei
209 987 322 1044 exheres
340 989 458 1058 scriptus
477 993 526 1058 cst,
547 988 747 1045 Carbonianum
765 989 884 1044 edictum
902 1006 1020 1061 cessare,
1040 991 1167 1060 quamuis
1184 989 1254 1048 filius
1273 1007 1334 1048 esse
1352 998 1476 1063 negetur,

90 1075 135 1144 quir
147 1078 181 1132 uei
195 1077 270 1146 qussi
289 1077 408 1148 scriptus
426 1076 510 1132 hshet
526 1077 659 1134 bonorum
677 1080 894 1149 possessionem,
918 1079 1025 1136 etiamsi
1043 1079 1113 1136 filius
1131 1095 1186 1136 non
1204 1085 1259 1148 est,
1277 1081 1322 1136 uel
1340 1081 1477 1151 repellitur

89 1165 145 1233 qnasi
157 1165 334 1237 exheredatus,
354 1167 406 1222 etsi
422 1165 495 1222 filius
513 1181 574 1222 csse
592 1167 731 1224 uideatur:
749 1168 801 1224 nisi
820 1166 890 1224 sorte
908 1171 1060 1238 postumus,
1078 1169 1173 1239 inquit,
1192 1173 1235 1224 cst
1246 1167 1325 1225 heres
1336 1170 1477 1225 institutus

89 1257 181 1310 sutus
195 1261 308 1326 negetur
325 1270 387 1311 esse
405 1253 485 1326 iilius,
504 1256 553 1312 red
572 1255 712 1312 subiectus
730 1272 792 1313 esse
810 1257 924 1328 dicetur,
944 1273 998 1328 quo
1016 1273 1083 1312 casn
1101 1259 1159 1313 eius
1171 1258 1256 1328 partis
1268 1263 1373 1314 tantum
1386 1258 1478 1314 denda
1497 1269 1526 1310 tc

70 1345 118 1396 test
130 1342 275 1400 eihonorum
287 1344 436 1415 possessio,
454 1360 489 1400 er
501 1359 556 1414 qua
567 1346 709 1401 institutus
721 1351 772 1402 est.
799 1346 876 1402 Idem
888 1347 934 1418 ait,
953 1363 1015 1402 cum
1028 1346 1138 1416 quidam
1150 1345 1311 1402 exheredem
1324 1349 1478 1418 scripsisset

89 1427 154 1502 dium,
167 1433 233 1502 quod
250 1433 354 1489 diceret
372 1449 434 1489 cum
453 1449 488 1489 ex
506 1433 640 1490 adulterio
658 1440 829 1506 conceptum,
847 1437 912 1506 quia
929 1434 1007 1492 fleret
1024 1437 1050 1492 si
1067 1435 1136 1491 haec
1147 1437 1341 1506 controuersia,
1360 1438 1477 1492 aninter

89 1517 158 1576 iberos
176 1522 220 1592 sit,
243 1537 277 1577 ex
299 1522 351 1578 hac
368 1527 447 1593 perte
464 1523 547 1578 edicti
564 1525 590 1579 ei
607 1523 740 1581 bonorum
759 1525 960 1596 possessionem
979 1531 1133 1596 competere
1139 1567 1147 1596 ,
1170 1541 1247 1596 cum,
1270 1526 1295 1580 si
1312 1527 1371 1582 sine
1388 1527 1477 1596 elogio

89 1606 169 1665 othere
183 1611 296 1682 scriptus
315 1617 397 1682 essct,
416 1627 471 1668 non
489 1611 602 1668 haberet
618 1613 751 1670 honorum
769 1615 979 1684 possessionem.
1006 1613 1133 1685 idemque
1151 1619 1180 1670 et
1196 1615 1220 1670 si
1232 1615 1272 1670 ita
1284 1615 1320 1670 sit
1332 1615 1476 1685 scriptum:

89 1693 183 1768 'quisquis
199 1706 247 1772 est,
266 1701 313 1771 qni
331 1699 416 1755 filium
435 1716 525 1756 meum
544 1717 574 1757 se
592 1718 653 1758 csse
672 1703 746 1774 dicit,
765 1702 879 1758 exheres
896 1701 972 1774 csto',
991 1703 1055 1773 quis
1067 1719 1122 1759 non
1134 1707 1190 1758 est¹
1203 1702 1274 1759 tilius
1286 1704 1475 1762 exheredatus.
1497 1715 1525 1758 rt

64 1790 79 1836 lt
89 1781 108 1838 Si
120 1788 164 1856 quis
178 1787 259 1845 hlium
276 1805 356 1846 sunm
374 1789 503 1846 heredem
522 1791 670 1848 instituerit
686 1807 721 1848 ex
740 1793 852 1848 minima
868 1797 946 1862 parte
964 1792 1004 1846 sic
1021 1790 1073 1847 ‘illc
1087 1793 1135 1862 qui
1146 1807 1181 1848 er
1194 1793 1239 1847 ills
1251 1797 1332 1850 natus
1344 1800 1386 1850 est
1398 1794 1477 1850 heres

89 1869 146 1946 'eb',
162 1893 209 1934 uon
225 1879 305 1950 qussi
322 1877 407 1934 filium
426 1895 515 1950 suum,
533 1879 632 1936 deinde
651 1881 695 1936 hic
713 1881 861 1938 contendet
877 1885 984 1953 patrem
1002 1881 1161 1936 intestatum
1179 1881 1332 1938 decessisse
1350 1897 1433 1952 seque
1451 1884 1477 1939 ei

89 1975 143 2019 nun
156 1965 274 2024 heredem
293 1984 363 2040 esse,
381 1970 503 2039 interest,
522 1968 670 2026 coheredes
688 1971 747 2026 eius
766 1976 857 2026 nuum
874 1974 977 2041 negent
994 1985 1057 2026 eum
1075 1968 1160 2026 filium
1179 1987 1214 2026 an
1232 1985 1297 2026 uero
1310 1971 1478 2028 contendunt

89 2052 242 2113 musetum
260 2057 361 2113 ualere.
389 2058 413 2113 si
429 2061 624 2114 testamentum
642 2059 734 2115 ualere
752 2059 928 2129 contendunt,
947 2060 1134 2116 controuersia
1151 2075 1204 2115 non
1222 2064 1265 2116 cst
1283 2059 1434 2116 differenda
1449 2065 1478 2116 et

90 2135 249 2202 dubommum
268 2152 371 2202 cessat:
390 2146 464 2218 quod
483 2147 507 2202 si
524 2145 609 2203 hlium
627 2163 690 2204 eum
708 2149 811 2218 negent
828 2155 857 2203 et
875 2148 910 2203 ad
928 2148 1003 2219 ipsos
1018 2149 1109 2220 potios
1121 2148 1200 2218 qussi
1212 2148 1247 2203 sd
1260 2150 1477 2218 consanguineos
1496 2161 1525 2202 sc

88 2223 225 2291 bttedihtarn
248 2235 384 2306 pertinere
407 2235 515 2307 dieunt,
540 2236 606 2292 data
627 2235 760 2294 honorum
778 2237 951 2308 possessione
968 2236 1101 2308 impuberi
1120 2238 1351 2293 controuersirin
1367 2241 1477 2309 tempus

62 2321 78 2365 ¹¹
88 2315 201 2382 rubenitis
217 2324 350 2381 differtur.
387 2324 417 2382 Si
435 2329 523 2380 mater
540 2324 655 2381 subiecti
673 2331 769 2396 partus
787 2331 930 2398 arguatur,
951 2341 987 2382 sn
1004 2325 1154 2382 differenda
1172 2327 1208 2382 sit
1225 2328 1349 2397 quaestio
1366 2333 1478 2398 propter

89 2407 158 2466 dshn
171 2415 253 2484 pueri,
272 2415 420 2484 quaeritur.
439 2419 468 2470 et
486 2414 510 2470 si
528 2414 638 2485 quidem
655 2416 751 2486 pupilli
769 2419 857 2472 status
874 2415 903 2470 in
921 2413 1034 2470 dubium
1046 2413 1220 2486 denocstnr2,
1238 2416 1340 2472 differri
1352 2417 1477 2486 quaestio

89 2489 203 2571 ittenpus
218 2501 372 2573 pubertatis
390 2502 483 2573 debet,
501 2519 563 2559 cnm
581 2507 671 2560 metus
688 2509 779 2576 potest
796 2519 867 2576 esse,
886 2519 920 2560 ne
932 2503 1022 2559 minus
1034 2503 1131 2560 idonee
1143 2502 1318 2560 defendatur:
1336 2521 1398 2562 cnm
1411 2521 1477 2562 uero

89 2589 205 2646 deterres
226 2594 382 2662 postulatur
403 2593 498 2663 ntique
521 2593 628 2663 integre
652 2592 718 2666 fide,
744 2599 772 2649 et
790 2593 892 2649 maiore
910 2593 1064 2649 constantia
1082 2609 1194 2650 causam
1212 2592 1358 2650 defensura
1375 2595 1478 2651 recenti
1497 2606 1526 2649 ss
1592 2607 1593 2610 ’

89 2671 185 2750 itmpore,
202 2681 314 2738 dubium
333 2695 387 2736 non
405 2687 449 2737 est
466 2681 649 2752 cognitionem
667 2681 726 2738 fieri
743 2688 883 2754 oportere,
902 2685 1011 2752 etpost
1028 2687 1156 2738 euentum
1175 2683 1353 2753 cognitionis,
1371 2685 1395 2739 si
1413 2699 1476 2755 snp-

89 2763 171 2826 itdhn
188 2771 351 2842 apperuerit,
369 2771 491 2826 acdones
508 2770 687 2828 hereditariae
699 2787 784 2841 puero
796 2770 975 2842 denegandus
986 2777 1051 2827 sunt
1062 2773 1205 2844 omniaque
1217 2773 1330 2843 perinde
1342 2771 1477 2844 habenda,

89 2853 145 2920 dtus
158 2859 177 2913 si
192 2858 269 2915 heres
287 2859 406 2930 scriptus
424 2875 479 2917 non
497 2859 604 2916 fuisset.

14 2949 15 2980 ³
67 2931 79 2988 ²
123 2941 274 3004 Humerus
298 2947 367 3004 libro
390 2953 488 3019 quarto
511 2950 617 3006 decimo
641 2949 850 3006 institutionum.
885 2951 964 3006 Licet
987 2950 1095 3022 mulier,
1119 2966 1189 3021 qnae
1212 2953 1321 3022 partum
1339 2945 1478 3034 [Q
1496 2955 1532 3012 S*

89 3025 198 3094 ¹ibiscisse
213 3037 326 3108 dicitur,
348 3037 510 3110 decesserit,
528 3041 630 3109 mmen,
649 3039 673 3094 si
691 3038 702 3110 i
721 3040 867 3110 participes
886 3037 1011 3096 maleficii
1029 3039 1091 3110 sint,
1110 3040 1294 3111 inpraesenti
1312 3055 1477 3110 cognoscen·
1494 3045 1512 3094 t.
1523 3045 1577 3094 151¹

89 3109 132 3174 did
147 3129 189 3182 st
217 3127 242 3182 si
264 3132 358 3182 antem
381 3143 461 3183 nemo
485 3129 522 3183 sit
543 3129 591 3198 qui
608 3127 697 3198 puniri
715 3128 816 3199 possit,
839 3129 904 3199 quis
921 3143 1015 3185 omncs
1032 3129 1179 3200 participes
1197 3127 1324 3184 facinoris
1342 3127 1412 3184 forte
1430 3128 1477 3185 de·
1496 3137 1524 3179 er

89 3212 190 3286 ⁶territet,
207 3215 358 3272 secundum
376 3215 578 3272 Carbonianum
597 3217 715 3272 edictum
733 3217 761 3272 in
779 3221 888 3288 tempus
905 3215 1058 3288 pubertatis
1075 3215 1225 3273 differenda
1242 3217 1361 3286 cognitio
1380 3221 1431 3273 est.

17 3325 18 3328 ¹
67 3286 78 3345 ³
122 3296 250 3361 Umnus
267 3304 337 3362 libro
354 3305 582 3377 quadragensimo
594 3306 683 3376 primo
694 3305 730 3361 ad
742 3306 871 3364 edictum.
899 3306 1100 3363 Carbonianum
1112 3305 1232 3362 edictum
1244 3309 1320 3375 apta·
1352 3319 1477 3374 meost
1495 3309 1517 3364 S

13 3411 15 3416 ’
87 3379 126 3439 iim
138 3397 171 3447 su
186 3393 219 3450 ad
236 3399 334 3451 comba
350 3393 460 3450 tabidas
476 3394 610 3451 bonorum
628 3395 828 3465 possessionem
848 3399 877 3452 et
894 3395 1025 3467 intestati,
1044 3411 1106 3451 cum
1124 3401 1153 3450 et
1168 3395 1197 3451 in
1208 3394 1358 3451 secundum
1369 3395 1478 3451 tabulas

4 3485 5 3490 ’
86 3465 257 3544 boninum
275 3484 386 3540 casibus
403 3485 492 3556 possit
509 3484 597 3540 uideri
614 3485 799 3540 necessarium
818 3484 952 3556 edictum,
970 3485 1056 3540 ueluti
1075 3485 1098 3540 si
1115 3489 1194 3554 pater
1211 3482 1328 3540 familias
1346 3485 1385 3540 ita
1402 3484 1477 3540 insti·
1496 3491 1525 3535 ³⁵

4 3575 6 3582 '
85 3559 151 3622 ¹¹¹0iii:
165 3571 312 3642 'portum
328 3572 408 3629 heres
426 3573 495 3629 erte'
513 3573 557 3629 uei
575 3573 711 3644 'postuma
728 3573 807 3630 heres
825 3573 892 3630 esto'
905 3580 933 3630 et
945 3578 1061 3644 negetur
1072 3587 1134 3628 esse
1146 3587 1250 3644 nerum,
1269 3571 1343 3643 quod
1354 3573 1382 3629 in
1394 3577 1477 3628 teste·

4 3663 5 3670 ’
67 3647 294 3733 ¹ttnoser1ptnm
317 3667 369 3718 cst.
404 3663 527 3718 Etcum
551 3661 586 3717 de
608 3661 826 3718 fideicommissis
851 3662 894 3718 uel
917 3662 952 3718 de
974 3663 1074 3732 legatis
1092 3661 1243 3733 quaeritur,
1267 3661 1368 3717 differri
1385 3667 1478 3732 potest

65 3734 183 3804 'mittin
203 3755 313 3822 tempus
335 3750 501 3822 pubertatis:
525 3751 554 3806 id
577 3751 649 3806 enim
673 3750 753 3806 diuus
777 3751 842 3807 Pius
865 3750 979 3807 Claudio
1003 3751 1142 3807 Hadriano
1164 3750 1310 3821 rescripsit
1347 3749 1478 3818 Quamuis

82 3827 155 3900 ”ficto
169 3837 258 3896 heredi
277 3855 333 3896 non
351 3841 473 3912 promitti
489 3839 623 3897 bonorum
640 3840 842 3910 possessionem
861 3855 894 3896 er
914 3840 1004 3896 edicto
1017 3839 1188 3898 Carboniano
1206 3844 1310 3895 certum
1323 3839 1367 3910 sit,
1385 3844 1478 3894 temen

80 3919 233 3985 mensem
254 3933 345 3985 status
363 3929 391 3984 in
409 3933 517 4001 tempus
535 3929 688 4002 pubertatis
706 3929 808 3986 differri
825 3929 919 4000 procul
936 3929 1021 3985 dubio
1038 3935 1090 3986 est.
1122 3943 1189 3998 crgo
1207 3928 1231 3983 si
1248 3928 1358 3998 quidem
1376 3927 1411 3982 dc
1429 3943 1477 3999 pa·
1495 3936 1524 3978 to

78 4007 143 4065 ΜΕ
156 4013 227 4074 bonis
244 4019 327 4074 simul
344 4023 373 4074 et
390 4019 425 4075 de
443 4025 518 4075 statu
536 4019 722 4075 controuersia
739 4017 795 4088 dat,
814 4017 867 4074 hoc
884 4017 1004 4074 edictum
1021 4020 1111 4075 locum
1129 4015 1254 4072 habebit:
1273 4017 1315 4073 sin
1334 4031 1400 4073 uero
1417 4021 1477 4072 tan·

77 4083 225 4190 tustinus,
243 4107 385 4164 differetur
402 4107 527 4179 quaestio
545 4109 573 4164 in
591 4113 700 4180 tenpus
717 4107 883 4179 pubertatis,
902 4107 952 4164 sed
970 4123 1025 4164 non
1042 4123 1077 4164 ex
1095 4105 1274 4176 Carboniano,
1293 4105 1342 4161 sed
1361 4119 1396 4161 ex
1413 4121 1477 4162 con·

57 4171 241 4252 ‘ffitcnhus
268 4195 369 4252 Pubcri
386 4197 511 4268 quemuis
530 4197 627 4253 minori
645 4195 744 4267 uiginti
757 4197 877 4267 quinque
890 4197 968 4253 annis
979 4195 1179 4254 Carbonianum
1191 4211 1247 4251 non
1258 4195 1400 4250 succurrit.
1427 4195 1478 4250 sed

75 4267 135 4340 det,
146 4297 200 4340 cnm
216 4291 292 4343 esset
308 4285 406 4358 pubes,
424 4287 503 4358 qussi
520 4285 646 4358 impubes
664 4285 817 4358 obrepserit
833 4285 1022 4358 honorumque
1038 4285 1241 4358 possessionem
1253 4284 1367 4356 accepit,
1386 4283 1477 4340 dicen·

74 4351 248 4452 *tenerem

75 4493 83 4528 Ι
153 4521 184 4544 ,·
292 4527 305 4562 ¹
501 4526 508 4540 ,
768 4535 773 4548 .

97 4519 160 4580 (itm
175 4545 219 4582 m.
322 4526 482 4597 deuocctur]
500 4525 564 4582 mdc
581 4531 697 4598 uocmur
714 4528 749 4596 (u.
764 4525 811 4596 s.)'i

76 4627 151 4712 1bid!
164 4659 258 4713 emin
304 4657 531 4716 hohserue‘r’tur
548 4659 584 4712 F*
628 4658 733 4715 aretio
786 4659 869 4714 situm
886 4663 994 4746 partum
1008 4657 1058 4712 F’:
1076 4655 1123 4713 his
1136 4651 1274 4728 insessori
1289 4655 1475 4718 monstrosius

91 4717 424 4800 Q'nfidttem'ndmodum
447 4729 485 4784 F*
505 4733 509 4800 Ι
529 4728 675 4786 maiore‘m'
697 4728 733 4783 Γ*
787 4731 850 4784 eiust
870 4749 902 4785 το
920 4731 1021 4785 ncrhiors
1039 4729 1066 4784 Β
1078 4729 1186 4795 (Aeon.)
1234 4729 1270 4784 34
1287 4727 1477 4783 intestines

28 4846 29 4849 ,
78 4795 268 4918 ww
313 4801 484 4860 cucurum
528 4800 734 4903 'suslexhercs
786 4801 821 4856 35
839 4801 987 4856 itaem.F¹
1027 4799 1064 4886 ‚3⁸
1079 4798 1337 4904 claudiohaddsno]
1350 4797 1475 4923 1143241

36 4871 736 5014 w1⁵simhi⁰id¹²¹³⁰1⁵9{lierii‘iihqiih'.
787 4873 939 4998 iistis
952 4871 1197 5012 torsisti
1211 4871 1269 4996 Fu
1284 4867 1475 5025 dirisi}

80 4989 154 5070 fh?
160 5009 167 5084 Ι
177 5009 299 5086 dubium
308 5013 419 5072 echium
428 5015 661 5089 F²tsoriosccssa
671 5013 735 5070 inde
789 5013 863 5081 ios,
872 5034 920 5070 om.
929 5013 988 5080 iti:
1003 5013 1025 5068 εἰ
1033 5013 1063 5067 h's
1071 5013 1173 5078 destos
1185 5013 1225 5066 ὡκ
1235 5012 1274 5067 ὡς
1286 5011 1388 5096 insece
1394 5027 1475 5073 erres

82 5073 204 5144 Uibium
220 5093 337 5146 uocatur
382 5089 418 5144 26
436 5087 619 5159 suppositum]
636 5099 735 5158 suppo·
789 5084 854 5157 step
874 5087 1020 5156 limnas.)
1037 5085 1042 5156 Ι
1057 5089 1149 5141 esset*
1158 5085 1197 5140 F*
1212 5085 1217 5154 1
1233 5082 1450 5156 obrepsenw

202 5177 231 5226 ii.
1233 5176 1271 5236 hb
