3614 5460
1607 4 1615 39 l
1675 1 1701 22 ’⁵
1719 0 1747 32 ι’
1762 0 1798 40 ,a''

298 233 492 302 xxxxviii
513 234 534 300 5
553 241 590 296 45
608 271 641 283 -
662 238 718 302 66
800 189 833 214 ’Υ
969 217 1056 308 816
1144 253 1191 300 au
1205 251 1322 322 suoru
1336 253 1461 301 murana
1475 254 1523 300 oa
1539 253 1576 301 ur
1591 253 1715 302 ruamus

162 391 203 450 45
217 388 282 470 (44)
352 393 533 447 Premrnnns
555 390 624 448 libro
647 399 744 464 quarto
766 406 969 463 responsorum.
1004 389 1143 446 Defuncta
1166 405 1275 462 quoque
1298 407 1379 448 soem
1397 407 1484 462 gener
1500 393 1540 448 in·
1561 386 1762 477 Q?

300 479 369 536 costi
386 479 576 552 postulabitur,
594 487 626 538 ut
643 481 750 540 adultm
766 487 831 554 post
848 484 963 538 mortem
983 479 1112 536 mulieris.

524 773 561 850 lt
600 773 666 850 ab
693 771 855 850 LEGEM
882 635 1047 848 mugi·
1071 767 1135 846 DE
1162 767 1211 846 Ul
1237 769 1439 847 PUBLICA
1477 771 1515 848 it
1666 787 1668 790 ·
1741 784 1787 842 ιιι

265 926 280 984 1
353 925 528 983 Mroomaus
549 927 618 984 libro
642 933 740 999 quarto
764 929 871 986 docimo
894 927 1105 984 institutionum.
1141 927 1217 996 Iege
1239 926 1309 982 lulla
1331 925 1366 983 de
1389 927 1419 982 ui
1441 925 1555 996 publica
1578 919 1720 1008 Q
1743 929 1757 984 5

299 1017 417 1086 tenetur,
435 1016 483 1086 qui
501 1031 577 1072 arma
593 1018 650 1073 tels
667 1019 741 1074 domi
760 1033 827 1074 auae
845 1031 948 1089 agrem
966 1017 1026 1072 inus
1044 1016 1108 1071 uilla
1124 1018 1234 1085 praeter
1251 1031 1331 1071 usum
1349 1017 1505 1072 uenationis
1518 1015 1563 1071 ool
1574 1015 1677 1070 itineris
1686 1014 1744 1069 uolt

300 1104 484 1174 nauigationis
502 1106 631 1176 coegerit.

264 1191 283 1250 2
354 1192 513 1250 Sonuuous
530 1193 599 1250 libro
617 1199 716 1265 quarto
734 1195 897 1266 regularum.
924 1194 1106 1264 Excipiuntur
1122 1199 1215 1250 sutem
1234 1209 1319 1264 arma,
1337 1209 1408 1264 quae
1422 1193 1485 1264 quis
1496 1209 1562 1264 pro·
1580 1185 1722 1278 Q
1742 1195 1764 1249 l·

300 1282 394 1338 mercii
411 1297 497 1338 causa
514 1283 640 1340 babuerit
656 1284 843 1342 hereditateue
861 1283 887 1340 ei
904 1281 1072 1338 obuenerint.

264 1369 283 1428 3
353 1371 528 1428 blsaorsrsus
550 1373 620 1430 libro
644 1379 741 1443 quano
765 1371 871 1428 decimo
893 1373 1104 1428 institutionum.
1140 1373 1171 1428 In
1192 1371 1289 1428 eadem
1307 1386 1393 1427 causa
1409 1373 1489 1440 suut,
1513 1371 1561 1441 qui
1580 1365 1722 1456 Q
1744 1374 1757 1429 l

300 1459 398 1516 turbae
422 1461 600 1518 seditionisue
617 1460 760 1518 iaciendas
778 1461 920 1518 consillum
938 1461 1048 1516 inierint
1065 1475 1196 1517 seruosne
1214 1466 1263 1515 aut
1279 1459 1380 1516 liberos
1397 1459 1523 1516 homines
1541 1460 1570 1515 in
1588 1461 1671 1515 mmis
1685 1460 1721 1515 bs·
1735 1471 1752 1510 ιι

238 1554 250 1600 1
269 1553 283 1600 2
300 1549 418 1606 buerint.
433 1551 549 1622 ,orden
567 1551 629 1622 lege
646 1555 763 1622 tenetur,
782 1551 828 1622 qui
846 1549 934 1622 pubes
952 1565 1014 1606 cum
1033 1551 1088 1607 telo
1105 1551 1134 1606 in
1151 1549 1261 1620 publico
1278 1548 1369 1605 suerit.
1397 1549 1429 1604 lu
1447 1549 1547 1605 emens
1565 1565 1651 1605 causa
1663 1552 1721 1617 sont,

300 1639 348 1708 qui
365 1639 486 1710 pessimo
506 1641 631 1711 exemplo
650 1645 803 1697 conuocatu
821 1639 956 1696 seditione
973 1639 1053 1695 uillas
1071 1638 1290 1710 expoposcerint
1307 1644 1415 1694 etcum
1435 1639 1498 1694 telis
1516 1643 1547 1694 et
1564 1639 1647 1694 armis
1662 1637 1721 1694 bona

238 1728 449 1798 asrspnsrinc
484 1729 553 1784 ltem
576 1733 698 1800 tenetur,
719 1731 767 1801 qui
790 1745 825 1785 or
848 1729 974 1784 incendio
998 1730 1119 1799 rapuerit
1143 1728 1245 1798 aliquid
1268 1733 1378 1799 praeter
1399 1729 1554 1784 materiam.
1591 1729 1721 1784 Praeterea

299 1817 412 1886 punitur
433 1817 514 1874 buius
536 1819 606 1890 legis
629 1819 733 1890 poena,
756 1819 803 1890 qui
826 1833 940 1889 puerum
959 1819 1005 1873 uel
1022 1817 1151 1873 feminam
1171 1819 1215 1872 uel
1233 1831 1398 1887 quemquam
1417 1833 1467 1888 per
1483 1819 1542 1874 uim
1561 1817 1719 1888 stuprausrit
1733 1823 1750 1864 ¹⁵

268 1909 283 1956 t
301 1903 355 1962 Sed
380 1909 409 1962 et
430 1906 477 1976 qui
498 1907 527 1962 iu
548 1907 676 1964 incendio
698 1923 761 1964 oum
785 1906 877 1978 gladio
898 1911 947 1962 aut
964 1908 1018 1962 tolo
1036 1907 1160 1978 rapiendi
1178 1921 1263 1962 causa
1279 1904 1332 1962 snit
1349 1907 1393 1962 uel
1410 1907 1576 1978 prohibendi
1594 1907 1717 1963 domiuum

268 1999 345 2050 ores
363 2009 428 2050 suas
445 2009 570 2066 seruere,
589 1997 686 2053 sedem
705 2011 795 2068 poena
811 2001 928 2052 tenetur.
964 1995 1069 2052 Eadem
1088 1997 1150 2066 lege
1168 2002 1284 2066 tenetur,
1302 1997 1348 2068 qui
1367 1995 1524 2053 hominibus
1543 1997 1654 2052 armaris
1669 2009 1716 2066 por

300 2097 434 2140 sessorem
453 2084 535 2142 demo
553 2101 656 2156 agrorm
674 2101 725 2142 suo
744 2091 792 2141 aut
809 2085 873 2141 naui
892 2101 943 2140 sua
960 2085 1090 2140 deiecerit
1107 2086 1308 2156 expugnauerit

263 2165 283 2223 4
353 2173 505 2231 Uarianos
522 2173 591 2232 libro
609 2175 854 2246 quinquagensimo
872 2189 945 2230 nouo
963 2174 999 2229 ad
1017 2174 1146 2230 edictum.
1173 2175 1250 2231 utiuo
1262 2175 1291 2230 id
1302 2179 1389 2231 staret
1396 2177 1414 2245 ²,
1433 2174 1560 2231 homiues
1577 2167 1715 2260 Q
1728 2171 1753 2228 'l

300 2263 530 2320 commodaasrit:
1725 2268 1743 2310 ¹⁰

264 2343 284 2402 5
354 2353 529 2410 Msaoraaoa
552 2351 622 2410 libro
645 2357 743 2424 quana
767 2351 873 2408 decimo
895 2353 1105 2408 institutionum.
1136 2353 1183 2423 qui
1207 2355 1288 2408 coetu
1307 2354 1461 2409 conuersu¹
1477 2353 1561 2409 turbs
1578 2346 1711 2438 Q
1731 2350 1745 2404 5

301 2441 436 2497 seditione
453 2441 608 2498 incendium
626 2440 735 2498 iecerit:
753 2443 872 2512 quique·
889 2441 1026 2498 hominem
1045 2442 1107 2498 dolo
1126 2443 1198 2498 mulo
1210 2443 1351 2498 incluserit
1362 2442 1517 2498 obsederit:
1535 2443 1617 2513 quius
1629 2441 1709 2508 iecerit

301 2545 356 2600 quc
375 2532 464 2587 minus
482 2532 644 2602 sepeliatur,
662 2545 717 2601 quo
735 2531 824 2600 magis
842 2529 924 2586 lanus
942 2531 1085 2602 diripiatur
1102 2531 1280 2588 distrahetur:
1303 2533 1386 2602 quiue
1403 2547 1453 2602 per
1470 2533 1527 2588 uim
1546 2532 1598 2588 sibi
1615 2533 1706 2602 aliquem

269 2625 282 2670 1
301 2619 477 2692 obligauerit,
502 2636 565 2676 nam
584 2635 645 2676 eam
663 2619 856 2690 obligationem
875 2621 920 2674 ler
937 2620 1075 2676 rescindit.
1112 2619 1142 2676 Si
1159 2621 1194 2689 de
1213 2622 1241 2676 ui
1259 2626 1288 2676 et
1305 2623 1480 2691 possessione
1497 2623 1542 2678 uel
1561 2613 1706 2706 βιῶ]

301 2709 422 2765 dominio
440 2714 594 2780 quaeratur,
614 2713 677 2766 cate
695 2708 916 2781 cognoscendum
935 2708 970 2764 de
988 2709 1016 2763 ul
1034 2723 1116 2778 quam
1134 2709 1170 2764 de
1182 2711 1349 2780 proprietate
1361 2711 1400 2765 rei
1413 2711 1495 2766 diuus
1506 2711 1587 2767 Ρίιιιι
1598 2712 1635 2780 τῷ
1646 2707 1703 2774 acad
1714 2711 1732 2752 ¹⁵

301 2799 357 2853 τῶι
377 2798 387 2868 l
406 2799 548 2854 Berosaba
567 2799 672 2855 Graece
690 2799 842 2869 rescripsit:
861 2797 911 2854 sed
929 2803 958 2854 et
974 2798 1105 2870 decreuit,
1124 2805 1155 2854 ut
1172 2800 1248 2870 prius
1265 2799 1301 2856 de
1319 2801 1346 2854 ui
1365 2807 1514 2871 quaeratur
1531 2817 1610 2871 quarn
1624 2791 1753 2855 deiurelili

269 2887 415 2944 adominii
438 2889 498 2944 siue
519 2888 726 2959 possessionisl.
762 2887 815 2954 Qui
837 2891 981 2943 uocantem
1004 2887 1144 2943 mulierem
1163 2889 1254 2958 rapuit
1270 2889 1316 2944 uel
1333 2895 1462 2960 nuptam,
1486 2891 1581 2946 ultimo
1598 2883 1699 2959 supplicio

301 2978 412 3048 punitur
430 2984 465 3048 et,
485 2979 507 3033 si
526 2982 604 3048 pater
621 2977 747 3034 iniuriam
765 2993 843 3032 suam
861 2976 988 3048 precibus
1006 2983 1136 3034 exoratus
1153 2977 1296 3048 remiserit,
1315 2983 1407 3034 musea
1425 2985 1572 3036 extraneus
1583 2973 1697 3046 sinepuiu·

301 3066 412 3138 queuuii
429 3067 644 3138 praescriptione
661 3081 738 3124 reum
756 3067 893 3138 postulare
911 3065 1025 3138 poterit,
1046 3082 1109 3122 oum
1127 3072 1223 3138 raptus
1241 3068 1344 3123 crimen
1360 3066 1431 3138 legia
1449 3069 1533 3124 lullae
1549 3069 1583 3124 de
1599 3058 1695 3124 mritis

301 3160 466 3226 potestatem
485 3155 602 3212 excedit
1704 3151 1722 3192 ³⁸

265 3241 283 3301 6
355 3243 505 3301 Uurrauus
527 3245 597 3301 libro
619 3245 736 3316 septimo
754 3244 789 3299 de
807 3243 898 3301 officio
915 3246 1093 3316 proconsulis.
1130 3246 1260 3316 Etcum,
1284 3245 1331 3316 qui
1349 3257 1466 3316 puerum
1483 3246 1558 3316 inge·
1587 3245 1692 3326 ltetjtj
1711 3231 1725 3286 5

302 3347 386 3390 uuum
404 3335 510 3404 rapuit,
530 3334 697 3404 puniendum
716 3333 798 3390 diuus
816 3333 881 3390 Pius
898 3335 1037 3405 rescripsit
1053 3335 1082 3389 in
1100 3333 1167 3390 haec
1185 3333 1283 3390 uerba:
1301 3333 1473 3404 ‘Exemplum
1491 3333 1572 3390 libelli
1588 3321 1636 3388 dati
1649 3321 1690 3383 uiti
1797 3359 1798 3402 3

302 3421 326 3478 'a
344 3423 465 3479 Domitio
482 3421 594 3480 Siluano
618 3423 728 3479 nomine
746 3423 860 3479 Domitii
878 3423 982 3479 Siluani
1004 3424 1094 3494 patrui
1118 3423 1205 3478 subici
1228 3424 1307 3495 iussi,
1333 3431 1425 3480 motus
1444 3426 1564 3496 querella
1579 3424 1638 3490 eius,
1654 3424 1690 3484 ll⁸
1721 3443 1724 3450 ’
1795 3429 1798 3468 ¹

301 3509 474 3582 'significauit
495 3509 580 3568 filium
604 3529 683 3568 suum
706 3513 873 3583 ingenuum,
896 3511 1023 3568 iuuenem
1047 3511 1209 3583 admodum,
1233 3519 1340 3584 raptum
1364 3521 1448 3586 capue
1473 3515 1631 3578 conclusum,
1648 3513 1688 3559 m⁰¹
1797 3527 1798 3534 ¹

300 3609 493 3680 ΗΧΥΜΟΟ)

1469 3693 1688 3724 ...Ψ-..κ’

302 3755 311 3790 ¹
324 3753 419 3822 staret]
438 3751 517 3810 tieret
534 3757 569 3818 (a
582 3762 600 3808 ι’.
612 3761 636 3809 et
648 3754 755 3808 Paulum
767 3756 793 3820 5,
805 3755 847 3819 26,
860 3754 908 3821 3)?
973 3753 985 3788 ²
1003 3768 1137 3809 concursu
1148 3755 1230 3818 (educ
1243 3775 1267 3808 a.
1278 3763 1294 3807 ι’.
1306 3756 1343 3808 od
1354 3775 1379 3809 a
1390 3755 1424 3809 18
1441 3763 1466 3809 st
1477 3755 1582 3812 Possm
1591 3754 1613 3816 5,
1620 3747 1649 3808 tt.
1657 3733 1688 3820 32?

300 3825 312 3860 ⁸
324 3825 427 3895 quiue?
492 3827 577 3879 ‘dtur
589 3825 727 3880 Hadriano
739 3826 863 3880 amores
877 3826 1038 3881 Cadisto-otus
1050 3825 1088 3880 D.
1099 3826 1125 3890 5,
1139 3825 1162 3890 1,
1174 3825 1209 3879 37
1279 3827 1290 3862 ⁵
1304 3825 1353 3880 sed
1369 3825 1452 3882 diuus
1464 3825 1581 3884 Seuerus
1596 3809 1687 3876 doadi

300 3902 332 3952 ut
349 3897 424 3966 priua
441 3911 523 3966 quam
543 3896 578 3952 de
595 3897 624 3950 ui
642 3901 789 3965 quaeratur
806 3895 841 3950 de
859 3897 917 3951 iure
935 3895 1116 3966 possessionis
1135 3899 1179 3973 (cs.
1193 3895 1257 3952 Ood.
1268 3897 1293 3962 7,
1306 3897 1348 3962 62,
1362 3897 1408 3962 Ili

302 4029 446 4084 llacaste
471 4024 517 4082 prr
588 4028 990 4098 oagronoinnsuills1mr
1042 4043 1145 4098 agroue
1162 4028 1293 4085 deiecerit
1306 4031 1508 4100 expugnauerit
1520 4023 1640 4086 obsederit
1651 4011 1687 4090 [ΙΨ

300 4108 395 4172 ιοιιριι·
411 4103 548 4156 accardum
565 4100 627 4154 RS:
647 4099 661 4154 ir
680 4100 709 4156 ὲκ
729 4101 768 4169 τῷ
785 4099 856 4170 ὶιρῴ
876 4100 891 4154 is
908 4097 938 4154 ὲκ
957 4100 988 4170 rr]
1042 4101 1109 4156 serit
1131 4101 1195 4156 idue
1219 4106 1250 4156 ut
1272 4099 1351 4156 fieret
1372 4101 1498 4159 homines
1518 4080 1687 4158 commodandi

302 4170 375 4242 adop
395 4179 419 4226 et
431 4172 539 4226 Paulum
554 4173 579 4236 5,
592 4171 634 4236 26,
647 4173 678 4226 3:
696 4171 777 4228 domo
795 4173 861 4226 uilla
878 4187 989 4242 afflone,
1042 4171 1174 4227 locauerit
1192 4173 1353 4229 conduxerit
1409 4176 1443 4229 19
1462 4175 1538 4230 nune
1555 4173 1580 4230 id
1590 4147 1688 4238 proeli

301 4241 626 4312 agrous‘n'ir'nuillsF‘
661 4243 866 4299 9obueneritF
892 4245 924 4298 11
934 4258 989 4298 ser·
1043 4245 1120 4299 utiue
1142 4243 1169 4298 id
1195 4250 1298 4300 astaret
1321 4243 1371 4310 X‘,
1393 4247 1471 4301 utine
1494 4246 1581 4313 (cuiue
1600 4233 1687 4322 Elim

300 4313 466 4369 uosu'a'eF‘
510 4315 543 4369 12
553 4311 689 4370 fueritin*
698 4315 794 4370 eadem
808 4315 842 4367 F2.
882 4315 916 4369 13
925 4329 988 4370 con-
1043 4318 1074 4368 ut
1087 4315 1122 4382 0)
1140 4315 1168 4370 id
1180 4313 1259 4371 fieret
1270 4315 1436 4372 moe:
1454 4317 1494 4373 ὲιιὶ
1507 4320 1546 4387 τῷ
1558 4313 1687 4378 rainaudi.

300 4391 401 4440 uocatu
433 4385 566 4440 seditione
598 4387 677 4441 uillas
704 4385 931 4456 expuguaueriut]
964 4387 988 4440 oi
1042 4386 1149 4441 raedam
1163 4387 1220 4452 Rs,
1238 4386 1277 4442 ὲιιὶ
1292 4388 1331 4455 τῷ
1343 4388 1460 4451 reseces·
1473 4389 1587 4452 τοῩτοΒ
1626 4377 1688 4438 illm

301 4455 489 4522 εγῐιιλιιθὲιιτεο
507 4456 522 4510 r's
541 4457 755 4521 errassecdaoaor
770 4458 879 4528 ἑτέρογο
890 4456 929 4512 tri
948 4459 987 4525 τῷ
1041 4463 1122 4514 coetu
1140 4475 1275 4515 conuerso
1287 4459 1368 4515 turba
1380 4459 1517 4517 seditione
1527 4435 1688 4516 mandros*

300 4528 401 4591 ἓφολοιι
419 4524 519 4582 ιιοιΐιειιι
540 4528 578 4582 asi
597 4530 801 4585 saranoioaicar
822 4529 876 4583 siros
889 4529 988 4600 nopea-
1042 4529 1118 4598 terit]
1144 4539 1220 4602 quasa·
1242 4539 1306 4586 esset
1328 4531 1376 4601 qui
1398 4540 1481 4588 coetu
1505 4537 1594 4588 coacto
1613 4517 1687 4598 turm

302 4618 340 4653 car
360 4599 450 4652 abaco
476 4599 521 4654 BS
540 4599 630 4667 (Dor.)
694 4603 726 4656 1⁷
749 4599 934 4656 homini's'bus
954 4597 989 4654 Ρ
1042 4600 1203 4656 seditionem
1218 4601 1374 4658 incendium
1388 4601 1590 4660 ieceritsetsrt
1601 4597 1688 4670 ΒΜ·

302 4671 336 4724 18
354 4669 484 4725 deiecerit
500 4673 708 4743 expuguauerit]
728 4672 841 4737 F‘X00,
860 4669 990 4727 deiecerit
1042 4689 1082 4727 τιι
1100 4672 1178 4744 ὄχλοι
1203 4673 1354 4740 εγκιιιιώιι
1379 4675 1467 4731 eriora
1492 4673 1618 4731 atrata
1638 4665 1688 4722 iii·

300 4740 501 4811 expugnauerit
512 4756 646 4797 concursu
658 4745 699 4808 F‘,
711 4743 841 4798 deiecerit
849 4758 989 4814 expugna·
1042 4744 1160 4815 apsentis
1179 4746 1271 4818 rortcp
1326 4748 1362 4802 26
1379 4747 1449 4817 iure]
1469 4763 1536 4803 aure
1553 4747 1585 4801 Ρ
1622 4739 1689 4822 Μ’

300 4813 371 4867 uerit
393 4813 563 4868 concusserit
582 4813 721 4870 X‘I'MO:
743 4813 935 4878 inueoiaeaoc
1042 4817 1159 4886 cantem]
1180 4817 1367 4888 excussorum,
1392 4817 1464 4882 roir'
1482 4819 1534 4874 ἔστι
1552 4817 1623 4890 >piperi
1637 4811 1689 4868 tiit*

301 4885 340 4938 ssi
354 4885 541 4939 astronomos
553 4883 600 4938 Rs
609 4885 707 4952 (Dea).
720 4889 753 4960 cf.
766 4886 863 4942 Paulus
871 4887 897 4951 5,
905 4887 948 4949 26,
957 4885 988 4939 3.·
1041 4887 1091 4942 Bo
1126 4887 1270 4944 aututino
1294 4884 1586 4947 32ha*e⁴oue1³⁸b⁴al¹'’
1609 4872 1691 4942 ΜΨ

300 4955 361 5026 lege
379 4955 449 5011 iulia
466 4955 501 5010 de
520 4955 547 5010 ui
566 4955 674 5026 priuata
697 4962 818 5024 tenetur,
841 4957 987 5026 quiquam
1040 4959 1077 5012 pr
1099 4959 1104 5026 Ι
1125 4960 1294 5030 conclusum]
1317 4961 1461 5018 consulum
1481 4963 1531 5020 με
1554 4959 1590 5018 ssi
1607 4955 1691 5012 ΜΨ

300 5029 412 5084 armatis
434 5025 589 5084 bominibus
615 5029 789 5099 possessione
815 5028 896 5085 domo
924 5029 989 5085 uilla
1041 5030 1131 5085 colas·
1150 5031 1200 5086 RS
