3464 5460
289 277 453 347 Xlllllllll
475 280 516 345 16
534 283 616 341 ‹il-4
958 271 1045 354 586
1546 297 1586 345 ue
1601 301 1627 348 nr
1640 305 1670 355 ιι

252 439 271 498 3
343 435 492 493 normico
514 435 583 493 libro
606 435 796 506 sexagensimo
820 449 892 491 nono
915 434 951 492 ud
974 433 1104 493 edictum.
1140 433 1219 502 Quod
1237 439 1281 491 est
1297 438 1327 491 et
1343 433 1368 490 si
1384 433 1446 504 quis
1464 434 1544 490 ermis
1572 447 1706 511 ueniter

289 526 412 582 deiectus
430 531 481 596 est,
499 525 565 596 quis
582 541 617 581 ex
628 523 795 581 facinoribus
806 522 995 580 defunctorum
1009 523 1044 580 de
1056 539 1098 596 eo,
1117 524 1191 596 quod
1202 523 1239 580 ud
1250 523 1378 580 heredem
1390 524 1524 595 peruenit,
1540 526 1675 589 seboim:

258 621 271 666 1
290 613 392 671 suffieit
414 616 485 670 enim
506 629 560 671 non
578 615 606 669 in
624 615 699 670 lucro
717 613 821 669 nerssri
839 627 901 670 enm
920 613 1063 684 heredem,
1086 629 1141 670 non
1159 614 1243 670 etium
1261 613 1389 668 domnum
1409 611 1510 668 subire.
1544 615 1609 670 lisso
1621 623 1677 693 scic,

289 719 360 774 quse
378 703 511 776 eduersm
528 703 656 759 heredem
675 707 835 772 ceterosque
853 717 1027 786 successores
1045 703 1176 774 pertinet,
1195 705 1327 772 perpetuu
1345 702 1485 772 competit,
1503 703 1565 773 quis
1580 703 1639 761 ines
1651 711 1679 766 rei

256 793 442 864 uperseoutio
466 793 628 849 continetur.
664 791 757 846 Armis
779 791 915 847 deiectum
939 791 1076 862 quomodo
1100 791 1269 862 accipimus?
1294 805 1371 847 srms
1388 796 1454 846 sunt
1471 791 1560 846 omnis
1575 793 1626 864 tels,
1643 795 1699 854 loss

256 889 271 932 8
289 888 333 938 est
350 887 378 938 et
394 880 481 938 fustes
499 887 528 937 et
544 881 659 952 lepidos,
677 895 732 937 non
750 880 838 936 solum
856 879 941 950 gladii
958 879 1054 936 hostes
1072 879 1202 950 frumese,
1220 879 1248 934 id
1266 884 1310 935 est
1324 878 1533 950 rhomphseso1.
1558 881 1681 943 ilenoetsi

256 977 360 1027 sunus
383 972 427 1026 nel
444 971 512 1026 ulter
528 967 629 1026 instem
648 970 692 1024 uel
710 969 832 1039 gladium
850 969 951 1038 tenuit,
975 970 1057 1025 ermis
1075 969 1198 1026 deiectus
1216 983 1359 1040 possessor
1375 967 1494 1024 uidetur.
1529 969 1590 1024 Plus
1603 969 1682 1046 dicitu,

289 1067 318 1116 ot
335 1061 359 1116 si
375 1060 493 1116 inermes
512 1062 657 1128 uenerunt,
681 1059 705 1113 sl
723 1057 751 1114 in
769 1059 830 1128 ipsu
847 1057 1050 1115 concertatione
1068 1059 1115 1128 qui
1132 1059 1249 1114 inermes
1267 1062 1451 1113 uenerantes
1468 1065 1683 1130 processerimus

256 1155 271 1201 o
289 1146 376 1206 fustes
400 1151 450 1204 sut
473 1149 578 1219 lapides
601 1151 752 1217 sumerent,
776 1147 820 1202 uis
841 1147 893 1202 erit
910 1151 1023 1203 armatu.
1061 1147 1112 1215 Qui
1130 1147 1227 1203 srmuti
1244 1151 1380 1203 uenerunt
1397 1150 1426 1202 et
1443 1146 1467 1201 si
1484 1147 1566 1201 ermis
1581 1163 1625 1203 non
1638 1159 1684 1209 suot

289 1239 332 1294 nsi
349 1237 385 1294 sd
403 1237 589 1307 deiciendum,
608 1236 657 1292 scd
675 1235 846 1306 deiecerunt,
865 1241 971 1292 armeta
988 1237 1031 1291 nis
1049 1233 1123 1292 iscts
1140 1251 1202 1292 esse
1220 1235 1342 1292 uidetur:
1362 1233 1467 1291 sufficit
1484 1235 1556 1290 enim
1571 1241 1641 1292 terrm
1655 1255 1684 1296 ιι-
1697 1259 1712 1298 ιι

255 1332 408 1398 umorum,
431 1332 462 1383 ut
486 1327 630 1382 uideantur
652 1326 734 1382 ermis
758 1325 899 1380 deiecisse.
936 1321 965 1380 Si
989 1325 1051 1396 quis
1067 1331 1160 1382 sutem
1178 1325 1246 1381 uisis
1264 1325 1390 1395 umetis,
1414 1324 1461 1394 qui
1479 1323 1543 1380 elrlri
1560 1325 1684 1402 tendebant

289 1421 364 1472 metu
381 1415 435 1472 boc
452 1415 597 1472 deterritus
615 1413 779 1486 profugerit,
798 1429 853 1470 non
871 1413 979 1470 uidetur
997 1414 1134 1485 deiectus,
1152 1413 1217 1485 quis
1234 1429 1289 1469 non
1306 1413 1359 1469 hoc
1378 1413 1470 1470 snimo
1486 1412 1590 1469 fuerunt
1604 1416 1642 1484 qni
1655 1433 1685 1474 u.

256 1511 270 1557 1
289 1505 356 1561 meti
374 1510 465 1576 erent,
483 1504 532 1561 sed
551 1503 604 1560 ulio
622 1503 780 1560 tendebant
816 1503 934 1559 Proinde
952 1507 981 1558 et
999 1503 1036 1574 si,
1055 1518 1118 1558 cum
1136 1509 1256 1559 srmstos
1274 1503 1397 1558 audisset
1414 1503 1517 1572 uenire,
1534 1503 1684 1564 metodorus

288 1595 356 1650 serit
373 1593 408 1650 de
425 1593 612 1665 possessione,
634 1593 694 1648 sine
711 1607 807 1648 uerum
826 1593 885 1648 siue
903 1591 1001 1648 fulsum
1020 1591 1155 1662 sedisset,
1180 1591 1325 1648 dicendum
1343 1596 1388 1647 est
1404 1606 1460 1648 non
1476 1605 1539 1648 esse
1556 1607 1609 1648 eum
1624 1597 1684 1653 urnis

256 1689 270 1736 s
289 1683 439 1754 deiectum,
462 1683 514 1740 nisi
535 1682 673 1753 possessio
692 1681 727 1736 sb
745 1681 787 1737 bis
804 1679 887 1737 fuerit
904 1687 1047 1752 occupate„
1083 1679 1114 1737 Si
1132 1685 1237 1751 sutem,
1261 1695 1324 1736 cum
1342 1679 1470 1736 dominus
1488 1681 1589 1738 ueniret
1602 1682 1625 1738 in
1638 1700 1683 1754 pos
1696 1698 1711 1739 u

288 1772 454 1842 sessiormm,
477 1771 575 1827 srmsti
596 1785 658 1827 eum
682 1769 880 1841 prohibuerunt
902 1771 949 1842 qui
971 1772 1128 1826 inusserunt
1145 1769 1361 1840 possessionem,
1386 1769 1475 1826 uideri
1492 1785 1554 1826 cum
1570 1771 1637 1830 urnis
1649 1773 1682 1829 dc

256 1869 271 1916 e
288 1861 398 1917 lectum.
434 1861 505 1917 Eum
522 1861 619 1931 igitur,
643 1860 691 1930 qui
708 1874 769 1916 cum
789 1861 872 1916 ermis
889 1861 979 1930 uenit,
1002 1875 1149 1931 possumus
1167 1859 1249 1914 ermis
1267 1859 1411 1930 repellero,
1429 1858 1480 1915 sed
1497 1859 1549 1914 hoo
1564 1857 1680 1932 mulcetis

289 1966 344 2007 non
362 1965 397 2006 ex
414 1949 570 2020 intoruullo,
588 1949 737 2005 dummodo
755 1949 874 2004 sciemus
892 1965 948 2006 non
966 1949 1053 2005 solum
1071 1948 1199 2004 resistere
1216 1949 1393 2018 permissum,
1411 1963 1447 2004 ne
1465 1947 1599 2018 deiciatur,
1612 1948 1681 2006 sedet

243 2047 272 2094 te
289 2039 314 2096 si
331 2039 454 2096 deiectus
472 2039 533 2110 quis
551 2037 640 2108 fuerit,
662 2038 779 2094 eundem
797 2037 905 2094 deicere
923 2053 978 2094 non
995 2053 1030 2094 ex
1048 2037 1200 2109 interuallo,
1218 2037 1268 2092 sed
1286 2053 1321 2094 ex
1339 2037 1500 2094 continenti
1536 2037 1596 2093 Cum
1612 2053 1679 2108 procu·

289 2131 364 2184 rotor
381 2131 502 2184 srmetus
520 2128 610 2198 uenit,
633 2131 662 2184 et
678 2127 738 2198 ipse
756 2125 883 2184 dominus
902 2127 984 2182 ermis
1002 2127 1135 2183 deiecisse
1153 2125 1275 2196 uidetur,
1299 2126 1359 2183 sine
1377 2127 1520 2182 mundunit
1536 2127 1601 2196 siue,
1615 2132 1638 2182 ut
1649 2127 1705 2183 lure

242 2227 270 2274 11
289 2217 377 2274 lienus
396 2217 442 2287 sit,
461 2222 550 2272 rutum
568 2216 672 2272 hebuit
699 2215 759 2272 Hoc
777 2221 806 2271 et
823 2216 851 2271 in
868 2213 972 2272 semilis
985 2207 1134 2272 'dicendum
1148 2220 1202 2272 est:
1221 2230 1283 2270 num
1297 2230 1359 2271 cnm
1372 2214 1476 2272 semilis
1487 2217 1545 2272 slne
1556 2230 1595 2271 me
1605 2221 1678 2271 unsis

243 2315 272 2362 11
289 2307 378 2377 uenit,
403 2321 455 2377 ego
475 2321 530 2363 non
547 2306 643 2363 uideor
660 2306 783 2374 uenisse,
806 2305 856 2360 sed
875 2303 989 2376 ismiiis,
1015 2305 1067 2360 nisi
1084 2305 1151 2360 iussi
1168 2304 1214 2360 nel
1231 2307 1321 2360 retum
1339 2303 1432 2361 hebui.
1467 2305 1528 2361 Hoc
1544 2305 1676 2360 interdictum

289 2397 372 2453 etism
389 2396 524 2452 aduersus
542 2410 604 2452 eum
621 2393 809 2466 prolponitur,
833 2393 880 2464 qui
898 2393 961 2450 dolo
980 2393 1051 2450 mulo
1069 2391 1148 2464 iecit,
1171 2407 1226 2464 quo
1244 2393 1306 2466 quis
1323 2394 1407 2450 srnds
1425 2393 1585 2450 deiceretur:
1601 2397 1724 2464 etpostttt

242 2493 271 2540 te
289 2501 390 2542 sunum
408 2484 538 2541 reddetur
554 2485 582 2540 ic
599 2484 641 2554 id,
659 2483 733 2556 quod
750 2483 876 2554 peruenit
894 2481 929 2538 sd
947 2497 1010 2538 eum
1028 2483 1075 2554 qui
1092 2481 1232 2553 prohibuit
1249 2481 1322 2538 unde
1339 2481 1393 2538 ni¹.
1430 2483 1600 2539 Interdictum
1613 2497 1675 2539 recu
1723 2527 1724 2556 ,

242 2581 272 2630 14
289 2576 390 2632 serinm
410 2573 495 2630 luisse
513 2571 661 2628 fructuario
681 2577 796 2644 sppsret
812 2571 844 2628 ‘si
860 2570 1037 2644 probibentur
1054 2572 1094 2628 uti
1112 2568 1165 2627 irni
1182 2587 1235 2628 usu
1253 2569 1344 2628 duom
1360 2569 1456 2628 fundi'.
1492 2571 1538 2628 Uti
1553 2570 1601 2628 lrni
1613 2577 1701 2626 rounu
1721 2601 1724 2686 Ι

289 2661 460 2736 prohibuisse
478 2663 502 2718 is
520 2661 638 2732 uidetur,
656 2663 703 2732 qul
720 2663 749 2717 ui
767 2661 868 2718 deiecit
884 2665 1007 2718 utentem
1025 2665 1054 2717 et
1070 2657 1206 2716 fruentem
1224 2665 1273 2716 sut
1290 2675 1344 2716 non
1362 2659 1484 2731 sdmisit,
1502 2676 1561 2717 cum
1577 2677 1606 2717 ex
1618 2659 1675 2716 tundo

290 2754 392 2810 exisset
414 2767 469 2808 non
487 2749 675 2808 ususfructus
693 2749 837 2808 deserendi
854 2765 947 2807 ceusu
977 2755 1099 2806 ceterum
1117 2749 1141 2805 si
1158 2750 1219 2820 quis
1238 2749 1274 2806 ab
1291 2749 1369 2806 initio
1386 2749 1525 2806 nolentem
1541 2749 1637 2820 incipere
1648 2747 1675 2804 ui

289 2841 343 2900 bul
360 2840 510 2913 prohibuit,
535 2838 587 2896 hoc
604 2839 777 2896 interdictum
795 2839 884 2896 locum
903 2855 958 2896 non
975 2838 1066 2896 hubet.
1096 2839 1162 2910 quid
1180 2853 1246 2912 ergo
1264 2839 1327 2895 esti
1356 2837 1441 2895 debet
1457 2837 1609 2896 sructumius
1622 2853 1673 2894 uem
1720 2908 1721 2911 Ἴ

243 2940 272 2988 lo
290 2929 408 2988 fructum
428 2929 574 2986 uindicure.
610 2930 732 2986 Pertinet
749 2933 841 2985 sutem
860 2927 912 2984 huc
929 2927 1103 2984 interdictum
1122 2928 1158 2984 sd
1176 2943 1254 2999 eum,
1271 2928 1318 2999 qui
1335 2926 1421 2984 fundo
1438 2928 1480 2984 nti
1497 2926 1548 2984 irni
1563 2927 1674 3000 prohibitu

289 3025 347 3078 est:
371 3019 421 3076 sed
444 3018 592 3091 pertinebit
613 3020 695 3075 etism
714 3017 750 3074 sd
768 3033 846 3090 enm,
869 3019 917 3088 qul
935 3015 1065 3074 aediliciis
1083 3017 1124 3072 nti
1141 3015 1195 3074 irui
1212 3015 1378 3088 prohibetur.
1410 3023 1600 3089 consequenter
1612 3023 1672 3072 uun
1683 3023 1698 3062 lt

290 3110 413 3167 dicemus
437 3109 473 3165 sd
496 3123 541 3164 ree
563 3107 677 3165 mobiles
700 3107 752 3164 hoo
771 3107 944 3164 interdictum
963 3121 1018 3163 non
1035 3107 1184 3178 pertinere,
1209 3107 1232 3162 si
1250 3107 1312 3176 quis
1329 3107 1370 3163 uti
1387 3105 1440 3162 irnl
1458 3107 1601 3179 prohibitus
1613 3110 1672 3162 estre

290 3198 392 3271 mobili,
410 3199 462 3255 nisi
481 3197 504 3254 si
521 3198 560 3254 rei
578 3197 628 3254 soli
647 3196 815 3254 sceedsbsnt
832 3211 877 3254 res
895 3196 1023 3254 mobiles:
1042 3197 1066 3251 si
1083 3197 1167 3266 iffl'tnr
1183 3194 1220 3250 ibi
1237 3193 1356 3266 fuerunt,
1374 3195 1520 3253 dicendum
1531 3191 1671 3254 cucumer

243 3298 272 3346 lt
290 3303 338 3346 ess
356 3287 450 3346 referri
467 3287 520 3344 boc
537 3285 709 3343 interdictum
728 3285 837 3343 debere.
874 3287 943 3342 item
961 3286 1057 3342 sinon
1075 3301 1142 3341 usus
1159 3283 1277 3355 boetus,
1295 3283 1345 3341 sed
1363 3301 1431 3342 usus
1449 3287 1487 3342 sit
1503 3287 1612 3355 relicus,
1624 3297 1670 3339 con·

289 3379 360 3451 petit
381 3377 433 3434 hoc
455 3375 638 3432 interdictum.
671 3389 707 3432 ex
729 3391 901 3447 quecumque
921 3376 1010 3432 euim·
1028 3375 1114 3432 osnes
1130 3375 1295 3430 constitutus
1313 3379 1357 3430 est
1373 3390 1441 3431 usus
1458 3374 1560 3431 frustm
1576 3374 1611 3430 uel
1622 3385 1670 3440 1111,

243 3471 272 3520 11
290 3467 342 3524 hoo
358 3467 533 3523 interdictum
551 3466 640 3521 locum
658 3464 777 3522 hebebit
805 3465 857 3532 Qui
875 3481 941 3521 usus
959 3463 1064 3520 iruotus
1081 3464 1190 3520 nomine
1207 3464 1441 3534 qualiterqualiter
1458 3463 1510 3520 init
1525 3462 1695 3535 cursuros

290 3558 426 3627 sessione,
444 3558 537 3613 utetur
553 3553 606 3610 hoo
623 3553 777 3610 interdictu.
803 3553 853 3610 sed
872 3555 895 3610 sl
913 3553 982 3626 quis,
1000 3557 1180 3626 postssqm
1197 3551 1349 3624 prohibitos
1366 3557 1418 3624 est,
1437 3555 1526 3624 espite
1542 3548 1669 3610 mhnusri
1719 3544 1720 3547 ’

291 3647 335 3703 nel
353 3650 485 3714 mortuus,
502 3649 577 3700 recte
595 3642 693 3699 dicitnr
710 3641 855 3700 heredibus
874 3649 902 3699 et
919 3642 1123 3699 successoribus
1142 3648 1297 3714 competere
1314 3641 1367 3698 hoc
1378 3643 1559 3712 interdictum,
1574 3636 1668 3698 corun

289 3734 411 3792 iutunrm
429 3733 611 3790 constituetur
622 3739 694 3788 usus
710 3731 825 3804 fructus,
843 3733 893 3788 sed
910 3735 942 3789 nt
952 3731 1100 3804 prseterits
1111 3745 1196 3788 ceusu
1207 3736 1236 3788 et
1246 3731 1377 3788 damnum
1388 3733 1560 3804 praeteritum
1571 3729 1666 3787 muru·

243 3831 272 3879 1⁸
290 3825 377 3881 Heres
394 3837 504 3894 quoque
521 3822 602 3878 simili
620 3821 702 3878 modo
720 3821 833 3878 debebit
850 3823 878 3878 in
896 3819 998 3878 sectum
1017 3821 1152 3877 sotionem
1169 3821 1309 3892 suscipere
1325 3821 1354 3876 in
1366 3821 1395 3877 id
1406 3821 1482 3893 quod
1493 3822 1528 3877 sd
1538 3836 1566 3878 se
1575 3815 1664 3892 pemcd
1675 3815 1690 3856 ³¹
1717 3880 1718 3883 Ἴ

253 3911 273 3969 4
342 3913 420 3970 Innrr
437 3911 506 3969 libro
524 3911 631 3968 decimo
648 3911 684 3967 sd
702 3909 831 3968 edictum.
858 3909 888 3967 Si
905 3911 934 3967 ul
952 3925 996 3966 me
1013 3909 1144 3966 deiecerit
1154 3909 1215 3981 quis
1227 3910 1336 3966 nomine
1348 3909 1523 3983 municipum,
1539 3895 1687 3995 Q!

205 4009 217 4032 ·
290 4003 319 4059 in
335 4002 487 4074 municipes
505 4001 570 4058 mihi
587 4000 761 4058 interdictum
780 3999 949 4058 reddendum
966 3999 1132 4072 Pomponius
1149 3997 1251 4076 scribit
1269 3998 1377 4072 siquid
1395 3999 1432 4057 ud
1450 4015 1498 4058 ecs
1513 3996 1621 4072 peruenit

289 4119 480 4188 samoe)

291 4281 300 4316 ¹
320 4276 348 4332 id
371 4281 415 4332 est
436 4276 618 4348 rhompbuese
640 4279 784 4334 ιιάιιιιιιιιιι
802 4277 926 4350 Byscntii
949 4278 1130 4348 septenariis
1153 4278 1189 4346 (ι.
1202 4279 1231 4346 ι’.)
1318 4275 1395 4347 ¹qui
1415 4273 1550 4348 probibuit
1563 4263 1660 4348 (delli

290 4348 425 4404 deiecitue
444 4349 588 4418 ιι1(ιι.ι·.)1
657 4348 767 4418 ⁸enim]
787 4347 924 4418 deniquo?

268 4461 729 4609 ⁴1ulpisnusomungpuaci'1
782 4499 921 4557 3uersori
938 4499 975 4554 Ρ
1028 4491 1659 4626 ιιηᾱθιιίἰῃῖιιιηιΒΜιιοιήεἒιιὶιειιιὸιιιιλΐϋίῑ

290 4575 307 4628 6
325 4572 413 4642 grudii
431 4573 467 4626 Ρ
480 4575 537 4640 (ιιι.
548 4575 573 4627 F
599 4571 789 4643 llrompheue
808 4573 835 4637 li
853 4571 973 4644 ῥοιιιῑιι
1027 4587 1143 4643 propre
1164 4569 1232 4626 'buit
1248 4579 1346 4644 requiri
1364 4569 1465 4627 deiecit
1476 4563 1659 4625 mercensibus

291 4644 449 4730 Empori:
461 4645 719 4730 efplossffliiiosen.
749 4645 799 4700 .97
810 4641 975 4730 Stephrfrs·
1028 4649 1083 4698 eius
1101 4645 1154 4697 obs.
1164 4643 1190 4708 5,
1203 4643 1273 4698 teet
1285 4642 1338 4697 Aa.
1352 4641 1469 4699 Schmidt
1480 4642 1559 4729 Intp.
1567 4639 1660 4723 12111111

291 4715 975 4856 11111111111111111111ὲῖ111
1028 4713 1661 4854 ἕξΐιιᾜιὲξῒῖξὲῗῖΐὲᾖΐιὲιῒ“ἒὲῗῖἒῗ1
1709 4796 1710 4799 ¹

290 4855 461 4913 'h'ermesF²
497 4861 528 4914 11
541 4858 673 4914 uisis¹F³
709 4859 743 4914 14
754 4854 973 4916 esse'u'eumll‘l
1029 4855 1142 4912 ciueuoo
1155 4855 1204 4910 BS
1252 4857 1286 4912 ut
1304 4853 1552 4913 ususfructum
1588 4853 1663 4920 itui

291 4929 382 5000 ermis]
401 4929 468 4984 srtis
486 4931 523 4983 F¹
581 4931 615 4984 19
633 4928 770 4986 dei'e'cere
788 4931 826 4986 Ρ
883 4931 916 4984 21
935 4925 974 4983 is·
1027 4927 1136 4984 hibetus
1155 4927 1190 4980 Ρ
1249 4927 1285 4984 30
1302 4925 1352 4982 sod
1370 4927 1468 4981 conl*
1488 4927 1494 4992 Ι
1513 4915 1664 4998 perdocui*

290 5000 488 5057 mi*lis⁴dio.l‘
502 5002 508 5067 Ι
523 4999 767 5057 iumilis's'sincF’
810 4999 975 5058 dddsi'e’ce·
1027 5001 1061 5058 31
1080 4999 1194 5056 mobiles
1213 4999 1239 5052 F
1285 4997 1321 5054 32
1339 4998 1455 5056 mouilos
1472 4997 1507 5054 Ρ
1710 5004 1715 5008 ’

287 5077 366 5133 retus
383 5069 433 5130 Ρ*
486 5073 521 5132 24
538 5072 685 5132 reddent
702 5073 738 5126 er
753 5079 758 5138 l
773 5073 820 5144 qui
837 5070 975 5144 pmhibuir

898 5209 912 5250 ’1
