3638 5460
168 126 327 194 xxxva
348 131 464 189 oc-ee
836 115 924 196 214
1345 114 1363 120 “’
1397 130 1652 210 ἰι-ι..Ἀ

1687 220 1748 240 ''h-

168 301 219 342 uec
243 286 315 340 euim
338 281 471 340 tantidem
490 283 593 338 Rornae
616 287 645 338 et
666 281 696 336 in
713 279 846 350 Hispania
867 280 957 336 oleum
980 279 1170 336 aestimabitur
1186 293 1238 336 nee
1255 279 1392 336 continuis
1409 279 1602 337 sterilitatibus

167 374 311 444 tantidem,
336 373 430 444 quanti
448 371 575 428 secundia
593 369 740 441 fructibus,
762 370 827 426 dum
846 368 891 423 hic
908 383 1017 439 qunque
1035 385 1089 426 uon
1107 385 1142 426 ex
1160 370 1305 426 momentis
1322 374 1476 440 temporum
1495 385 1548 425 nec
1565 385 1602 426 ex

168 479 202 519 ea
222 477 292 533 quae
311 477 371 518 raro
390 461 497 517 accidat
514 461 628 516 caritate
646 461 735 530 pretia
752 458 962 514 constituantur.

112 559 149 616 64
220 553 370 608 Unrrxuue
387 551 455 606 libro
473 551 554 606 tertio
572 550 679 605 decimo
697 549 733 604 ad
751 549 840 618 legem
859 547 954 604 Inliam
973 553 1002 603 et
1018 547 1140 619 Papiam.
1168 547 1197 605 Si
1214 549 1242 604 in
1256 551 1422 604 testamento
1441 543 1602 633 Q
1619 557 1664 612 Ε,-

167 643 207 698 ita
224 642 354 712 scriptum
373 640 423 696 ait:
443 639 528 695 'heres
546 655 624 694 mena
636 639 722 694 Lucio
734 639 808 694 'litio
826 638 921 694 decem
939 637 1006 694 dare
1024 638 1138 694 damnaa
1156 645 1217 694 esto
1230 644 1259 694 et
1269 644 1373 708 quanto
1385 638 1496 708 quidem
1509 639 1602 694 minua
1620 653 1634 694 c

167 731 223 802 'per
239 733 328 800 legem
346 729 494 785 Falcidiam
513 743 611 800 capere
628 728 737 798 poterit,
756 731 834 783 tanto
853 728 969 798 amplius
987 728 1013 784 ei
1031 727 1098 783 dare
1115 727 1230 783 damnas
1248 727 1324 799 esto',
1346 729 1498 784 sententiae
1516 732 1602 783 testa

166 821 233 876 toria
251 820 378 875 eundum
397 825 447 874 eat.

110 915 148 975 65
219 910 338 965 Paucos
356 907 425 963 libro
443 911 521 962 sexto
539 905 575 960 ad
592 905 681 974 legem
700 904 796 959 Iuliam
815 909 844 959 et
861 903 983 975 Papiam.
1011 903 1040 959 Si
1057 903 1159 960 mndna
1176 905 1285 975 legatus
1296 905 1333 960 ait
1344 905 1421 976 quin·
1440 899 1602 988 [Πῇζοῑ
1620 917 1660 972 Ε

166 1000 299 1069 quaginta
316 998 415 1066 dignus
434 995 485 1051 sub
504 995 555 1050 lrao
573 993 741 1062 condicione,
760 995 783 1048 ai
801 993 1000 1065 quinquaginta
1017 994 1110 1050 hmedi
1129 993 1259 1064 dediaael,
1277 995 1399 1065 plerique
1416 982 1603 1065 puffut'ut‘lio

167 1103 228 1144 esee
246 1089 382 1156 legatum,
403 1086 469 1156 quia
486 1084 653 1141 condicionis
671 1083 825 1153 implendae
842 1097 928 1138 causa
945 1083 1039 1139 datur:
1060 1099 1124 1140 nam
1143 1089 1252 1139 oonamt
1269 1085 1350 1140 etiam
1368 1084 1518 1140 Falcidiam
1536 1099 1603 1140 curn
1622 1099 1656 1139 ro

166 1177 224 1248 pati
241 1191 332 1246 porse.
361 1174 410 1230 aed
429 1175 452 1229 ai
470 1173 669 1244 quinquaginta
686 1173 761 1228 aurei
774 1173 858 1242 legati
869 1173 932 1241 alut,
951 1173 975 1227 ai
987 1172 1185 1242 qninquaginta
1196 1172 1327 1244 dedisaet,
1345 1173 1492 1230 dicendum
1504 1173 1603 1230 inntle

166 1279 227 1322 esse
245 1267 365 1334 legatum
384 1269 413 1319 et
430 1264 518 1332 magis
536 1262 678 1318 ridiculum
697 1275 767 1317 esee.

110 1364 148 1423 66
219 1355 368 1411 Unrrarrue
389 1353 459 1408 libro
483 1357 582 1407 octauo
605 1351 712 1406 decimo
735 1350 770 1405 ad
793 1351 881 1420 legem
907 1349 1003 1405 Iuliam
1028 1352 1057 1404 et
1074 1349 1196 1420 Papiam.
1233 1350 1313 1406 Oirca
1329 1351 1419 1420 legem
1441 1346 1602 1434 [Βῖῐιῖιῖοῐ
1619 1359 1654 1414 Β

166 1443 314 1500 Falcidiam
338 1444 366 1498 in
389 1457 435 1512 co,
460 1441 534 1510 qnod
557 1439 609 1495 sub
632 1439 791 1496 condicione
809 1440 853 1495 uel
871 1438 990 1494 indiam
1009 1439 1090 1494 alicui
1107 1439 1230 1496 relictum
1249 1445 1304 1510 est,
1328 1439 1380 1496 hoo
1396 1427 1602 1496 obaarffiffi

166 1537 223 1588 eet:
247 1533 271 1587 ai
295 1532 389 1587 decem
414 1530 467 1585 snb
489 1529 649 1585 condicione
673 1527 755 1584 alicui
777 1526 878 1584 inerint
901 1529 996 1583 relicta
1016 1543 1104 1598 eaque
1127 1529 1251 1584 condicio
1268 1535 1332 1599 post
1349 1529 1512 1586 decennium
1529 1529 1602 1586 forte
1623 1542 1666 1584 ιε

166 1621 310 1690 exstiterit,
328 1635 382 1675 non
400 1619 529 1675 uidentur
546 1617 641 1673 decem
660 1617 724 1672 bnio
742 1619 842 1688 legata,
861 1617 911 1672 sed
930 1617 1020 1672 minus
1038 1615 1142 1686 decem,
1162 1618 1226 1688 qula
1244 1619 1416 1675 interuallum
1429 1621 1561 1689 temporie
1573 1626 1603 1676 et

134 1727 146 1770 1
165 1709 358 1766 interueurium
380 1708 461 1764 huius
483 1708 565 1778 spatii
589 1707 720 1762 minorem
744 1704 811 1760 iacit
828 1706 1008 1776 quantitatem
1027 1705 1132 1761 dacem.
1170 1705 1256 1762 Siculi
1273 1708 1365 1777 legata
1382 1723 1437 1764 nou
1455 1708 1601 1779 debentur,

166 1799 218 1854 uisi
241 1797 360 1853 deducto
384 1813 447 1853 aere
471 1797 561 1852 alieno
584 1795 685 1866 aliquid
707 1795 840 1866 supersit,
862 1797 927 1850 ¹uec
945 1794 1040 1850 modis
1058 1809 1142 1850 causa
1159 1795 1322 1852 donationes
1339 1795 1526 1868 debebantur,
1551 1797 1600 1853 sed

165 1887 335 1944 intirmcntur
356 1901 406 1958 per
427 1901 475 1942 aes
500 1886 627 1941 alienum.
659 1897 744 1953 quare
763 1885 787 1939 si
805 1883 980 1939 immodicum
999 1897 1047 1940 aes
1065 1884 1183 1940 alienum
1202 1886 1379 1956 interueuiat,
1402 1901 1485 1942 exre
1504 1888 1600 1943 ωοηίο

165 1975 317 2032 causasibi
336 1976 439 2034 donata
456 1973 522 2030 nihil
541 1973 639 2042 aliquia
658 1974 841 2044 consequitur.
1634 1981 1702 2026 ιο

109 2071 147 2130 67
217 2067 389 2122 Taurumue
413 2063 553 2120 Gmunua
576 2061 647 2118 libro
669 2067 766 2131 quarto
790 2061 826 2118 ad
848 2061 938 2130 legem
962 2060 1058 2118 Iuliam
1081 2065 1110 2116 et
1127 2062 1250 2133 Papiam.
1286 2063 1417 2129 Quotiens
1441 2060 1599 2147 [uer—Tea
1637 2061 1705 2122 Ε

165 2155 273 2210 cuidam
292 2154 409 2224 amplius
426 2153 547 2222 legatum
566 2151 615 2220 eit,
633 2166 715 2221 qnam
733 2151 759 2206 ei
776 2165 875 2220 capere
893 2150 1002 2219 liceret,
1020 2155 1049 2206 ot
1067 2151 1111 2206 lex
1128 2151 1251 2208 Falcidia
1268 2153 1358 2208 locum
1376 2141 1599 2225 baberetffiui

165 2244 302 2300 Falcidiae
319 2244 389 2299 ratio
407 2240 535 2297 habenda
551 2245 602 2310 eat,
621 2240 726 2294 scilicet
743 2244 774 2295 nt
791 2238 927 2296 subducto
945 2253 987 2310 eo,
1005 2240 1080 2308 quod
1097 2241 1142 2296 lex
1154 2240 1276 2296 Falcidia
1290 2243 1436 2314 exceperit,
1455 2244 1598 2316 reliquum,

165 2335 189 2390 ei
205 2349 261 2390 non
278 2333 395 2389 excedat
412 2335 543 2386 statuum
561 2329 620 2398 lege
637 2329 798 2399 portionem,
817 2327 957 2384 debeatur.
1648 2327 1723 2376 ὀ

108 2427 146 2488 68
217 2423 364 2478 Annmrne
381 2421 488 2476 uacca
504 2418 573 2474 libro
591 2417 712 2474 secundo
731 2418 767 2473 ad
785 2419 873 2487 legem
892 2417 1052 2473 uioeaimam
1070 2417 1271 2476 hereditatium.
1301 2419 1419 2492 Gompn·
1437 2417 1596 2504 [Hir-,ai
1647 2408 1736 2482 li

164 2515 261 2570 talioni
279 2513 307 2568 in
325 2511 461 2567 alimentis
477 2507 619 2564 faciendae
638 2507 708 2562 banc
726 2505 841 2562 iormam
859 2521 921 2562 esse
938 2506 1071 2577 Ulpianus
1089 2507 1191 2578 eoribit,
1210 2514 1242 2564 ut
1259 2525 1277 2564 a
1294 2511 1381 2580 prima
1398 2499 1600 2584 aetat-emaque

165 2604 201 2659 ad
224 2619 326 2659 annum
344 2600 503 2656 uicesimum
522 2598 662 2666 quantitas
680 2597 868 2652 alimentorum
887 2596 1001 2666 triginta
1018 2611 1149 2652 annorum
1168 2605 1341 2668 computetur
1358 2601 1472 2670 cinaqna
1490 2603 1601 2673 quanti·

164 2693 230 2748 tatia
248 2691 370 2746 Falcidia
393 2692 559 2760 praestetur,
584 2687 620 2742 ab
643 2687 722 2742 anuis
744 2700 811 2742 nero
834 2686 932 2754 uiginti
949 2701 1037 2755 nmque
1055 2685 1091 2742 ad
1108 2703 1210 2742 annum
1228 2688 1388 2744 uicesimum
1406 2690 1533 2760 quintum
1552 2709 1604 2748 an-

165 2798 261 2838 norum
284 2779 383 2850 uiginti
407 2782 482 2846 octo,
510 2775 545 2831 ab
568 2777 646 2831 aunis
669 2776 766 2844 uiginti
790 2775 911 2844 quinque
933 2789 1020 2844 usque
1044 2775 1080 2830 ad
1103 2791 1189 2832 annon
1210 2778 1324 2847 triginta
1345 2795 1477 2835 annornm
1499 2781 1610 2852 uiginti

165 2872 292 2943 quinque,
312 2867 348 2924 ab
365 2867 444 2923 annia
462 2865 576 2936 triginta
592 2880 680 2935 neque
699 2865 733 2919 ad
752 2878 838 2920 anuos
856 2864 969 2934 triginta
987 2865 1107 2935 quinque
1125 2881 1257 2922 ancorum
1275 2867 1374 2936 uiginti
1388 2868 1452 2938 dno,
1470 2868 1507 2924 ab
1519 2871 1610 2927 annis

164 2959 413 3030 trigintaquinque
431 2971 519 3026 unque
537 2955 572 3010 ad
591 2969 678 3010 annor
694 2953 876 3023 quadraginta
894 2967 1026 3009 annornm
1045 2954 1150 3023 uiginti.
1178 2955 1214 3012 ab
1226 2957 1305 3012 annia
1316 2957 1501 3028 qnadraginta
1511 2975 1613 3030 nsque

165 3051 200 3106 ad
219 3063 305 3104 annos
323 3045 522 3116 quinquaginta
538 3049 581 3099 tot
598 3058 730 3100 annorum
748 3043 918 3113 computatio
928 3041 968 3113 dt,
986 3048 1054 3113 quot
1066 3045 1150 3100 aetati
1162 3045 1270 3100 eiusad
1282 3061 1382 3102 annnm
1394 3050 1614 3118 sexagesimum

164 3139 268 3195 deerit¹
287 3137 400 3192 remisao
419 3149 473 3189 uno
492 3149 577 3188 anno:
597 3133 633 3188 ab
651 3148 723 3188 auno
739 3147 807 3188 uero
825 3133 1157 3203 quinquagesimumque
1175 3135 1211 3190 ad
1227 3151 1329 3192 annum
1341 3137 1615 3208 quinquagesimum

164 3228 289 3298 quintum
313 3240 444 3281 annorum
468 3237 580 3289 nouem,
603 3221 639 3278 ab
661 3222 740 3278 anuis
762 3222 960 3292 quinquaginta
977 3224 1098 3293 quinque
1115 3239 1203 3294 usque
1222 3225 1258 3280 ad
1275 3241 1377 3282 annum
1394 3229 1612 3297 sexagesimum

164 3331 297 3373 annornm
319 3319 438 3385 septem,
462 3313 497 3367 ab
516 3313 594 3368 annia
613 3311 770 3381 sexaginta,
795 3312 992 3382 cuiuscumque
1010 3313 1109 3368 aetatis
1127 3313 1176 3382 ait,
1199 3329 1332 3370 annorum
1350 3317 1480 3386 quluqne.
1510 3333 1617 3389 eoquo

165 3421 215 3463 noa
242 3406 300 3461 iure
324 3405 365 3460 uti
384 3403 518 3474 Ulpianus
541 3403 581 3458 alt
604 3405 632 3456 et
654 3401 728 3456 circa
748 3402 980 3472 computationem
1004 3417 1071 3456 nsua
1094 3400 1200 3458 iructua
1224 3400 1386 3460 faciendam.
1422 3407 1535 3462 solitum
1558 3413 1622 3464 est:

165 3503 258 3552 tamen
282 3495 405 3564 aprima
422 3497 513 3547 aetate
532 3505 619 3561 usque
637 3490 672 3546 ad
691 3505 792 3545 annum
810 3491 981 3560 trigesimum
1000 3491 1231 3562 computationem
1249 3509 1382 3550 annorum
1400 3495 1515 3565 triginta
1532 3495 1615 3568 lieri,

165 3586 201 3642 ab
224 3585 302 3640 annia
326 3597 392 3638 uero
415 3581 529 3651 triginta
551 3585 594 3635 tot
618 3595 750 3636 annorum
773 3580 1005 3650 computationem
1027 3581 1109 3651 inire,
1132 3587 1200 3651 qnot
1221 3582 1258 3637 ad
1274 3599 1377 3638 annum
1395 3586 1616 3655 sexagesimum

164 3675 261 3730 deame
285 3671 438 3728 uidentur⁸.
473 3685 619 3740 numquam
645 3683 711 3740 ergo
734 3670 850 3740 amplius
868 3685 950 3738 quam
968 3670 1082 3740 triginta
1099 3683 1230 3726 annornm
1250 3673 1419 3743 computatio
1436 3673 1530 3730 initur.
1561 3677 1616 3732 sie
1734 3659 1746 3734 s

164 3763 282 3832 denique
306 3766 335 3817 et
358 3761 380 3816 ci
404 3761 444 3815 rei
467 3759 593 3830 publicae
615 3775 683 3815 usus
707 3757 811 3814 iruotoa
836 3759 955 3828 legetur,
977 3761 1037 3816 elue
1062 3761 1220 3830 simpliciter
1237 3761 1296 3818 siue
1315 3761 1350 3816 ad
1368 3761 1463 3830 ludoa,
1486 3763 1618 3834 triginta·
1727 3791 1735 3804 ·*

133 3865 295 3908 raucorum
322 3850 491 3921 computatio
517 3847 556 3903 lit.
599 3847 628 3903 si
655 3849 716 3918 quia
744 3863 779 3904 ex
805 3847 952 3904 heredibus
978 3863 1035 3904 rom
1063 3850 1199 3920 propriam
1227 3865 1289 3906 esse
1314 3851 1475 3922 contendat,
1497 3852 1611 3910 deinde

165 3941 354 3998 hereditariam
382 3955 443 3996 esee
470 3939 660 4008 conuiuoatur,
687 3938 798 4009 qnidam
827 3942 927 4008 putant
952 3939 1011 3994 eiua
1038 3953 1146 4010 quoque
1169 3939 1317 3994 Falcidiam
1345 3955 1399 3996 uon
1425 3957 1509 4011 posce
1537 3943 1608 4000 reti·
1717 3918 1725 4029 i

92 4091 99 4106 ·
164 4065 367 4136 muneror)
1707 4061 1715 4157 i

168 4247 234 4300 ¹ita
251 4245 274 4300 ai
292 4244 358 4300 nihil
376 4245 495 4314 auperait
514 4253 561 4299 lna.
649 4241 800 4299 ¹deerunt
817 4243 1050 4312 (Brewmannnafl
1138 4237 1209 4299 ⁸ab
1234 4243 1312 4301 anuis
1336 4249 1427 4300 autem
1453 4249 1597 4319 sexaginta
1697 4169 1706 4285 Ι

166 4331 298 4373 annorum
316 4317 435 4386 quinqua
454 4325 501 4371 iar.
521 4319 556 4382 (n.
568 4317 597 4382 ι’.)
1682 4317 1695 4420 i

165 4495 238 4550 8ait
255 4494 470 4564 quinquaginta*
489 4491 538 4546 F’i
597 4491 853 4562 1onam1F²sum
906 4493 985 4548 anuis
1003 4508 1070 4549 uero
1092 4493 1153 4566 aeq]
1177 4493 1241 4548 arri
1259 4493 1290 4548 ab
1307 4493 1445 4564 nptiaonra
1468 4497 1514 4553 tra
1535 4499 1558 4554 ai
1574 4517 1592 4553 τι
1671 4435 1686 4544 J

165 4567 192 4621 Β
204 4567 326 4633 (Aaou.):
347 4565 380 4620 τὸ
397 4566 508 4629 lapiton
527 4565 636 4636 ippsorar
656 4567 695 4618 rai
713 4565 852 4618 conlator
905 4566 984 4619 aeine·
995 4567 1051 4620 trba
1064 4565 1199 4620 ὲὶὴκοκτο·
1215 4565 1279 4620 aeri
1291 4567 1321 4622 ll'e
1331 4565 1458 4622 ὀΞὴκοοτΑ
1468 4571 1507 4626 ric
1519 4571 1593 4626 utare

165 4637 304 4699 inouiacrc
322 4645 346 4691 et
360 4637 408 4690 Bs
420 4637 514 4708 (dyc),
533 4652 586 4692 nou
602 4637 634 4688 F¹
685 4637 718 4690 19
736 4633 853 4690 imfirma·
908 4637 955 4690 BS
972 4638 1071 4708 (Gya),
1094 4637 1146 4692 inl
1169 4637 1199 4690 ai
1222 4639 1270 4700 roi
1294 4640 1446 4708 rprssocroi
1471 4641 1527 4697 ἓωο
1550 4643 1594 4704 τοῨ

165 4709 302 4778 bunturs
343 4709 378 4762 24
395 4707 450 4777 legi
468 4709 494 4761 F
536 4709 572 4762 32
590 4707 640 4776 toll
660 4705 716 4762 r'ot'
729 4701 785 4771 Pi,
804 4725 852 4760 om.
906 4707 1046 4770 ἐΞοκοοτογ
1064 4728 1208 4774 τοωγτωκ,
1229 4727 1283 4765 ocor
1302 4721 1415 4774 leruorcr
1431 4714 1472 4780 τῷ
1487 4726 1593 4779 susara·

165 4779 329 4846 DEQIOK:
347 4779 483 4841 rocoirors
502 4777 571 4834 ὲτῶκ
591 4777 773 4832 iriuorluacrc
786 4779 852 4841 ricc·
907 4779 954 4849 pirp
973 4779 1011 4834 οἷο
1029 4779 1061 4834 τὸ
1080 4781 1195 4845 scatron
1214 4781 1445 4843 aitds'iir'ssonra
1467 4783 1550 4840 ὲτῶκ·
1573 4787 1595 4840 ri

164 4870 212 4914 rar,
233 4849 287 4906 beor
303 4851 416 4914 deicerer
430 4851 461 4922 τῷ
477 4850 558 4922 irlrriq
571 4850 619 4912 τοῩ
632 4850 792 4920 luparapior,
810 4850 853 4903 bra
907 4850 937 4902 ab
955 4851 1018 4936 inis
1036 4851 1067 4906 ri
1086 4853 1211 4908 ὲΞὴκοοτι
1230 4853 1275 4908 irre
1294 4852 1375 4920 tario,
1395 4854 1434 4909 εἷο
1451 4857 1531 4912 ubere
1550 4859 1592 4911 ἐπι

4 4929 6 4931 ’
65 4949 74 4953 r
161 4923 267 5013 &aaran
283 4923 445 4978 recrescere
463 4921 540 4978 issia
560 4925 585 4978 Β
602 4921 710 4990 (Aaou.)
764 4921 799 4976 38
817 4920 852 4977 ab
906 4919 1055 4978 incurrans·
1075 4926 1102 4980 Β
1120 4925 1228 4993 (Aaou.)
1279 4925 1314 4980 41
1332 4923 1364 4980 fit
1381 4927 1481 4980 om.F¹
