3638 5460
125 267 222 316 esso.
239 267 350 316 ososs
365 267 550 316 osnmnon
795 242 882 323 267
1286 247 1421 316 XXXVI
1441 249 1461 315 3
1479 255 1560 312 3-b

88 409 106 468 3
180 405 330 462 Unnmuus
347 405 416 462 libro
434 406 659 478 septuagensimo
678 421 750 461 nono
769 405 805 461 ad
822 406 952 463 edietum.
988 405 1045 464 Sed
1067 407 1193 477 stipsis,
1215 407 1263 477 qui
1286 407 1396 462 suntin
1414 410 1560 478 potestate,
1578 406 1607 462 ll

123 495 280 552 mnondnm
298 500 349 566 est,
368 496 598 567 quemadmodum
617 495 688 551 solet
704 495 804 566 seueri,
824 495 848 550 si
866 494 962 551 eadem
980 511 1025 551 res
1042 494 1150 553 dnobus
1168 495 1220 552 snb
1232 495 1349 552 diuersis
1360 496 1406 552 uel
1418 495 1561 552 eontrariis

122 584 330 642 eondioionibos
352 587 447 642 rotiota
470 586 520 641 sit:
547 581 656 640 duobus
678 583 750 640 enim
767 583 936 655 satisdator,
964 584 1015 640 sed
1038 585 1066 640 in
1091 589 1207 655 utroque
1232 599 1298 640 essu
1324 584 1412 640 isdem
1435 585 1561 655 personis

121 674 330 731 satisdationem
347 674 488 730 subituris.
1580 688 1595 728 s

84 765 105 822 4
175 763 254 818 lonu
271 763 340 819 libro
358 764 453 834 quinto
471 761 579 818 deoimo
602 761 638 817 ad
661 761 791 818 edietum.
829 760 858 816 Si
875 775 910 816 ox
934 777 1019 818 eausa
1036 760 1240 818 fideieommissl
1258 763 1294 818 sit
1312 762 1386 834 apud
1404 756 1561 846 QXQ
1579 771 1640 845 ffs

122 851 241 922 aliquem
260 852 399 909 hereditas
415 867 466 908 aes
483 852 636 921 legatorum
649 851 772 920 satisdat,
790 850 819 904 in
837 851 1039 920 possessionem
1052 852 1185 908 aduersus
1197 866 1260 907 enm
1272 851 1422 922 legatarius
1434 853 1560 908 mittitur.

87 942 105 1000 5
176 941 359 997 Psenrmsus
375 939 445 998 libro
463 941 615 998 uioensimo
633 945 732 997 ootauo
751 939 951 1008 quaestionum.
982 941 1132 1010 Postquam
1150 940 1230 996 heres
1249 939 1284 996 ab
1301 939 1386 996 bosti-
1404 939 1560 1026 [Hsoffi
1578 950 1606 1004 Ρ

123 1027 176 1084 bns
193 1035 293 1100 eaptus
311 1036 361 1100 est,
380 1029 505 1088 conditio
523 1029 616 1100 legati,
635 1028 714 1085 ouius
732 1029 842 1085 nomino
854 1029 1012 1100 proposita¹
1025 1030 1201 1100 stipulatione
1213 1035 1324 1086 eastum
1340 1017 1560 1102 fuomt'eifftit‘:

121 1116 299 1174 fideiussores
316 1119 422 1174 interim
439 1119 528 1174 teneri
545 1119 659 1189 negaui,
682 1118 747 1188 qnia
770 1131 861 1188 neque
885 1118 928 1173 ius
951 1132 1041 1188 neque
1062 1133 1182 1188 persona
1206 1125 1293 1190 esset,
1318 1120 1455 1192 adquam
1473 1119 1561 1178 uerba

95 1207 308 1277 tstipulstionis
331 1208 418 1278 derigi
440 1207 555 1278 possint
591 1207 745 1277 Imperator
766 1207 876 1262 llarous
899 1205 1056 1262 Antoninus
1079 1207 1148 1264 lulio
1165 1207 1253 1264 Balbo
1276 1209 1417 1280 resumpsit
1440 1224 1518 1280 eum,
1542 1219 1608 1266 aso

122 1307 176 1366 qno
194 1311 241 1351 res
261 1296 272 1369 p
289 1295 519 1352 fidoieommissae
535 1294 710 1366 petebantur,
729 1309 792 1350 oum
804 1295 979 1372 appellasset,
998 1311 1097 1352 essere
1110 1297 1162 1366 uel,
1181 1297 1206 1352 ei
1221 1301 1321 1352 oaueat
1332 1300 1506 1364 adunam-sus,
1524 1301 1561 1353 ed
1578 1302 1595 1352 t
1606 1299 1657 1351 132¹

123 1385 311 1442 aduersarium
335 1383 477 1440 manuforti
497 1377 701 1456 possessionem
726 1382 836 1439 debere.
871 1389 947 1439 reete
974 1384 1079 1455 plaouit
1105 1385 1221 1456 prinoipl
1247 1391 1311 1456 post
1335 1387 1559 1456 pronooationem

122 1488 231 1544 quoquo
249 1473 456 1530 fideioommissi
474 1473 630 1529 oautionom
649 1473 799 1544 interponi:
824 1473 898 1542 quod
922 1473 994 1528 enim
1014 1477 1078 1529 anto
1096 1475 1275 1544 sententiam,
1299 1474 1323 1529 si
1340 1475 1481 1545 petitionis
1500 1477 1560 1532 dies

123 1569 283 1633 moraretur,
301 1561 360 1618 flori
378 1562 482 1632 debuit,
502 1563 591 1618 amitti
608 1567 673 1633 post
690 1562 833 1618 uietoriam
852 1561 938 1617 dilata
955 1562 1088 1633 petitione
1104 1577 1159 1618 non
1171 1563 1301 1633 oportuit
1328 1563 1379 1618 sed
1390 1565 1494 1634 quaro¹
1505 1581 1559 1622 non

122 1657 235 1706 sanent
253 1651 289 1707 de
306 1650 518 1708 fideioommisso
537 1651 584 1721 qui
602 1651 806 1722 prouocanerit,
832 1651 856 1705 si
881 1656 994 1706 aanoret
1011 1651 1199 1721 aduersarius,
1222 1651 1258 1705 ad
1276 1667 1340 1707 eum
1356 1655 1559 1723 possessionem
1579 1663 1608 1704 ιδ

120 1751 179 1796 esse
197 1739 421 1796 transferendam
440 1740 594 1810 rescripsit,
612 1755 675 1794 eum
695 1739 749 1794 alia
766 1739 803 1794 sit
820 1739 904 1794 edisti
922 1739 1068 1796 eondioio?
1091 1755 1146 1796 nou
1164 1739 1237 1794 onim
1256 1741 1375 1810 exigitur
1392 1757 1410 1797 a
1426 1742 1560 1812 legatario

117 1830 177 1885 ties
198 1835 298 1885 mutua
315 1833 440 1899 oautum,
465 1828 516 1884 sod
533 1828 637 1883 uiouia
654 1827 797 1884 eustodiao
819 1828 909 1897 gratis
925 1829 1065 1898 possessio
1083 1827 1166 1884 datur
1189 1831 1283 1899 etqui
1305 1831 1425 1900 optinuit
1445 1831 1475 1886 in
1496 1846 1559 1902 pos·

59 1937 69 1940 ·
113 1919 273 1975 sessionem
292 1933 342 1988 por
359 1921 514 1988 praetorem
533 1923 582 1973 aut
597 1916 753 1988 praesidem
771 1915 919 1972 indubitur.
947 1916 997 1972 sed
1021 1922 1132 1987 praetor
1154 1917 1266 1987 quidem
1284 1918 1313 1973 in
1330 1919 1450 1974 omnium
1468 1935 1559 1975 rerum

106 2009 306 2078 possessione,
324 2021 396 2077 quae
413 2007 441 2062 in
460 2021 545 2062 eausa
561 2005 728 2062 hereditaria
745 2009 908 2076 permanent
925 2006 1090 2076 omnimodo,
1108 2004 1314 2062 fideicommissi
1325 2007 1454 2063 seniendi
1471 2008 1561 2078 gratia

104 2107 175 2154 esse
197 2097 349 2168 permittit:
367 2097 496 2167 prinoeps
514 2101 606 2152 autem
625 2109 718 2150 earum
737 2109 829 2150 rerum
847 2095 970 2166 nomine,
988 2094 1023 2150 de
1042 2093 1141 2164 quibus
1159 2093 1250 2150 fuerat
1267 2095 1431 2168 iudicatum,
1449 2101 1560 2154 mutuas
1578 2105 1607 2148 so

95 2187 231 2244 tdmisit
250 2187 406 2242 medones:
429 2185 523 2255 sicuti,
546 2199 609 2240 oum
628 2184 663 2240 de
680 2183 761 2240 bonis
778 2184 836 2239 suis
854 2182 1027 2240 eonferendis
1045 2182 1117 2238 tilius
1135 2189 1251 2254 aooepta
1267 2185 1443 2254 possessione
1460 2201 1560 2242 oauore

92 2285 164 2334 mon
186 2279 297 2347 potest,
315 2276 381 2345 quia
398 2275 569 2344 denegamus
587 2274 612 2329 oi
630 2273 763 2342 sationes,
781 2271 904 2328 defertur
922 2273 1047 2328 oondieio
1066 2272 1183 2328 oauondi
1194 2271 1324 2328 fratribus
1336 2287 1371 2328 ox
1383 2272 1560 2332 formaiuris·

86 2361 264 2436 dictionis,
289 2364 363 2434 quod
382 2379 416 2420 ex
435 2365 561 2435 portione
579 2361 672 2418 fratris
690 2361 792 2417 fuerint
809 2362 963 2432 oonseouti,
988 2377 1052 2418 oum
1070 2360 1143 2418 bona
1159 2362 1270 2432 propria
1287 2360 1411 2418 conferre
1429 2365 1559 2434 eoeperit,

81 2465 131 2516 ⁸0
160 2455 360 2513 restituturos.
389 2453 438 2509 sed
462 2454 485 2508 si
509 2467 560 2508 neo
583 2452 638 2522 iper
659 2465 759 2507 oauere
783 2452 903 2522 possint,
926 2451 1030 2506 utiliter
1052 2450 1200 2520 probatum
1225 2455 1269 2506 ost
1290 2451 1379 2506 uirum
1403 2451 1505 2508 benum
1523 2451 1558 2510 ab

81 2553 235 2616 utrsqsm
261 2547 340 2614 parte
361 2541 533 2612 eligendum,
558 2541 632 2611 apud
654 2555 736 2610 quem
760 2546 791 2596 ut
814 2544 985 2610 sequestrem
1009 2538 1116 2595 fruetus
1139 2539 1328 2611 deponantur¹
1351 2541 1452 2611 quiquo
1478 2541 1559 2598 utiles
1577 2551 1606 2592 ss

76 2637 243 2693 utiense
264 2635 424 2702 apraotore
441 2631 522 2686 datas
540 2635 676 2686 exoroeat.
704 2630 843 2699 possessio
867 2633 959 2686 antem
982 2643 1017 2684 es
1039 2629 1173 2699 roseripto
1197 2645 1281 2700 supra
1304 2629 1390 2685 relato
1408 2645 1463 2685 uon
1481 2630 1559 2687 aliter

75 2727 135 2783 nd
158 2739 246 2792 enm,
266 2720 314 2790 qui
332 2718 572 2776 fideicommissum
591 2719 676 2790 petit,
693 2716 869 2787 transfertur,
888 2733 970 2788 quam
989 2719 1013 2773 si
1030 2719 1149 2788 oanodt,
1166 2719 1276 2774 tametd
1294 2718 1413 2774 maxime
1430 2718 1559 2775 aduersa·

71 2814 160 2872 rins
185 2825 250 2868 mon
269 2825 320 2881 per
336 2809 466 2882 inopiam,
485 2809 535 2864 sed
552 2823 602 2878 per
619 2807 820 2864 oontumaoiam
839 2821 938 2863 oauoro
956 2807 1085 2863 noluerit:
1105 2807 1155 2863 sed
1172 2807 1197 2863 si
1214 2807 1239 2862 is
1256 2808 1304 2878 qni
1321 2808 1387 2864 uicit
1403 2823 1459 2864 non
1470 2810 1560 2880 possit

17 2888 33 2934 ²
70 2911 225 2971 enuere,
246 2899 294 2955 uel
312 2913 356 2954 ros
373 2897 536 2968 deponenda
554 2899 599 2954 uel
617 2897 770 2952 iurisdietio
787 2896 958 2951 restituenda
976 2896 1036 2952 orit.
1064 2895 1094 2951 Si
1105 2896 1166 2951 dies
1183 2900 1232 2951 aut
1245 2897 1370 2953 eondioio
1381 2897 1466 2968 legati
1477 2895 1559 2954 fidoi⁴

71 2989 262 3050 commissi
279 2987 440 3058 petitionem
458 2987 631 3042 aetionemue
650 2985 759 3042 differre
776 2985 884 3040 ditatur
896 2989 925 3040 et
936 2985 999 3040 ideo
1012 2984 1156 3041 satisdatio
1167 2985 1349 3062 desideretur,
1367 2985 1447 3042 beros
1465 2991 1558 3043 autem
1578 2996 1606 3038 ao

67 3090 148 3148 {ser
170 3077 352 3135 calumniam
370 3077 504 3148 postulari
521 3075 672 3132 oontendat
689 3080 718 3130 et
735 3074 859 3130 relietum
877 3079 969 3145 neget,
987 3089 1042 3130 non
1060 3074 1139 3130 aliter
1157 3074 1311 3130 audiendus
1329 3076 1381 3130 erit
1397 3077 1444 3146 qni
1459 3089 1559 3133 oanero

17 3159 33 3204 ἲ
72 3167 255 3238 postulat,
281 3181 363 3235 quam
381 3165 406 3220 si
423 3165 599 3236 scripturam,
624 3179 679 3234 qna
702 3163 825 3218 relietum
849 3160 983 3234 adfirmet,
1002 3162 1164 3218 exhibuerit.
1202 3162 1486 3236 conquerebatur,
1510 3165 1559 3222 ubi

73 3254 328 3316 fideicommissi
345 3254 473 3310 seruandi
491 3267 576 3309 eausa
594 3253 687 3308 oaneri
704 3256 839 3322 oporteat,
857 3252 1006 3321 imperator
1023 3253 1105 3308 Titus
1122 3251 1279 3308 Antoninus
1296 3253 1450 3324 resumpsit,
1468 3254 1492 3309 si
1510 3253 1558 3310 do·

78 3347 247 3404 missilem
262 3343 367 3398 Romae
384 3357 440 3398 non
457 3342 572 3398 haberet
589 3342 669 3398 heros
688 3345 717 3396 et
734 3341 823 3397 omnis
841 3339 979 3396 hereditas
996 3341 1024 3396 in
1042 3342 1185 3412 prouincia
1202 3345 1285 3412 esset,
1304 3341 1339 3396 ad
1351 3342 1558 3399 satisdationem

82 3431 327 3494 fldeioommisei
348 3431 458 3488 nomino
481 3432 511 3487 in
533 3431 700 3501 prouinciam
722 3428 1005 3486 fideicommissariam
1023 3430 1219 3486 remittendum
1237 3445 1307 3485 esse.
1335 3445 1420 3500 quare
1437 3431 1461 3486 si
1478 3430 1558 3488 heres
1576 3445 1605 3487 ss

87 3524 125 3583 in
148 3539 226 3580 snm
241 3522 339 3590 ,loeum
363 3519 480 3576 essendi
502 3521 593 3590 gratis
613 3520 717 3575 remitti
739 3517 889 3587 desideret,
914 3517 962 3574 ubl
984 3519 1151 3574 domioilinm
1173 3518 1270 3590 babet,
1292 3519 1442 3590 legatarius
1466 3525 1558 3576 autem

94 3614 138 3670 ibi
160 3610 270 3669 caueri
286 3609 422 3680 postulet,
446 3607 493 3665 abi
511 3613 554 3664 est
571 3607 725 3679 hereditas,
747 3624 802 3663 non
826 3607 879 3662 erit
895 3605 975 3663 bores
993 3608 1183 3664 remittendus.
1210 3608 1294 3678 idque
1311 3609 1461 3679 imperator
1477 3609 1558 3666 Titus

17 3699 56 3750 k
102 3701 277 3759 Antoninus
295 3699 444 3770 resoripsit
475 3696 580 3765 Quibus
597 3699 695 3753 litteris
713 3697 851 3753 adieotum
870 3701 899 3752 et
916 3698 940 3752 si
958 3696 1031 3753 bone
1049 3699 1104 3753 iam
1122 3697 1256 3754 distraata
1272 3703 1338 3753 sunt
1355 3698 1399 3753 uel
1416 3698 1558 3754 testatoris

107 3790 254 3861 permissu
274 3788 319 3842 uel
336 3787 504 3844 eonoodento
521 3787 664 3858 legatario,
681 3787 800 3858 pretium
818 3799 912 3842 eorum
930 3785 1135 3844 fideicommissi
1152 3785 1282 3843 seruandi
1293 3801 1380 3843 saum
1391 3786 1419 3842 in
1431 3786 1558 3858 deposito

111 3877 286 3938 babendum.
1576 3889 1618 3958 so¹

120 3974 364 4046 qwmtllos)

124 4100 287 4172 ¹praotoria
303 4100 453 4166 (Gelasium
470 4098 605 4170 pteris:
618 4098 765 4185 pposito?
832 4100 924 4158 'oum
943 4108 991 4156 ias.
1009 4102 1137 4168 (similiter
1157 4101 1289 4169 Oeneius)
1358 4098 1493 4157 ⁸fmotus
1510 4099 1557 4157 de·

124 4189 267 4260 ponantur]
285 4186 405 4244 refeotus
423 4187 577 4258 doponatur
594 4189 638 4260 (ej.
650 4189 687 4241 D.
699 4188 742 4255 37,
754 4190 779 4254 6,
792 4190 816 4254 1,
831 4191 865 4244 10
883 4197 906 4245 et
923 4189 965 4255 36,
980 4189 1142 4264 1,80,12)ἷ)Ι
1208 4191 1219 4224 ⁴
1237 4187 1358 4246 fidolus?

125 4320 330 4378 toennendnm
348 4321 389 4386 Fi
412 4319 572 4376 mutante
589 4319 626 4374 F*
680 4321 812 4391 5quinto
865 4327 931 4377 uest
954 4323 989 4378 ad
1014 4337 1076 4378 eum
1094 4321 1235 4378 transferri
1252 4323 1280 4378 E
1335 4326 1368 4379 12
1385 4323 1557 4394 prouooatio·

124 4393 235 4462 deoimo]
255 4391 301 4457 Ρ,
320 4392 416 4461 quinto
434 4395 521 4463 (saper
538 4407 555 4447 ο
571 4409 628 4463 pos.
645 4407 670 4462 a,
689 4412 747 4446 mos
765 4395 812 4448 det.
865 4394 937 4462 nem]
957 4394 1009 4460 EQ
1027 4397 1143 4465 (morpoe
1161 4395 1263 4449 Pisarm
1280 4401 1323 4450 est
1340 4395 1434 4465 baso),
1457 4394 1557 4465 probo·

124 4465 165 4532 ΡΙ)
188 4464 302 4520 dedioto
326 4465 365 4516 F·
426 4465 444 4518 a
466 4463 526 4531 neo]
548 4478 603 4532 neg
622 4464 648 4516 F
667 4465 672 4531 Ι
696 4463 813 4518 satisdat
865 4465 1000 4520 ostionem
1019 4468 1051 4530 F,
1073 4464 1161 4535 probo
1184 4467 1339 4521 cautionem
1358 4467 1557 4537 WDPtGK⁰?,

123 4537 156 4606 in]
175 4533 394 4620 satisfldatisdati
411 4534 439 4589 in
452 4533 484 4589 F:
502 4535 550 4622 roi
561 4534 624 4589 «καθ’
640 4533 724 4589 bassa
743 4543 811 4622 ests·
865 4551 899 4591 ea
911 4537 1065 4593 cautionem
1076 4537 1150 4602 1th
1163 4537 1285 4624 sualflf‘·
1322 4539 1355 4593 13
1365 4537 1511 4608 petitiones
1521 4540 1558 4591 Ρ

122 4607 706 4747 33:chtogopgaaffisptzffisonries(rbpt
731 4609 811 4732 191121
865 4609 1039 4734 {3152}le
1077 4611 1138 4734 2Ξ2ἰ
1146 4607 1310 4747 (13ξῖθὶῃέῗὶ
1320 4608 1563 4735 Ῑὲῖθξαιξὲἲεῗξ

121 4757 218 4806 osuest
226 4749 402 4832 aduersarius
415 4748 450 4802 ad
463 4748 648 4804 aduersarium
657 4747 812 4833 transferri]
865 4751 900 4804 28
912 4695 1160 4819 utosqwllslolg
1173 4695 1244 4807 uiuit
1253 4751 1279 4804 F
1311 4752 1346 4806 31
1360 4751 1511 4807 euntendat
1521 4753 1558 4804 F·

121 4819 811 4958 saletto·tttttttttttlttltb]
864 4822 1122 4948 ltttt‘tttt
1143 4821 1382 4962 llllttlltt
1400 4824 1557 4950 {follit

122 4963 222 5020 sinon
239 4933 344 5019 ’oaueat
366 4965 490 5028 (uenerat
507 4962 544 5028 1⁶)
567 4963 603 5017 ad
627 4963 674 5047 (ad
692 4981 742 5018 em.
755 4961 811 5031 JK)
864 4965 930 5019 bum
948 4965 975 5017 F
982 4965 1037 5030 (em.
1042 4967 1077 5038 s)
1115 4933 1157 5019 '35
1174 4965 1316 5035 prouinoia
1330 4967 1356 5019 F
1394 4965 1429 5021 37
1448 4963 1556 5021 etstllt

123 5033 308 5092 aduersarium
325 5031 474 5092 transferre
488 5033 633 5100 WDICK,
652 5051 676 5090 sr
693 5049 749 5091 nou
766 5049 810 5090 oa·
864 5037 900 5091 38
916 5034 1100 5093 testatoris‘m'
1113 5034 1150 5089 Εὖ
1273 5045 1275 5050 ·
1438 5053 1441 5060 ’
