3584 5454
268 251 446 320 lxxxvii
467 253 485 318 ‘l
506 257 605 314 4-12
938 244 1027 325 764
1171 267 1340 317 sanonum
1362 268 1498 317 rosum
1521 239 1701 317 causabere

229 413 248 471 4
320 409 414 465 Genus
432 405 517 464 libro¹
536 407 573 463 ad
590 407 679 477 legem
698 407 843 464 duodecim
861 406 1026 463 tabularum.
1054 405 1134 463 Certe
1153 421 1207 462 nou
1226 405 1377 477 dubitator,
1395 407 1419 462 si
1437 405 1532 463 adbrm
1550 399 1703 490 [Q
1719 413 1750 468 'P

267 500 337 556 adeo
355 505 479 554 tenerum
499 496 543 567 sit,
562 500 593 552 ut
611 494 711 551 herbae
729 497 789 552 loco
807 497 852 566 sit,
870 510 925 552 non
944 493 1045 550 debere
1063 494 1169 552 arboris
1188 509 1301 550 numero
1320 493 1423 550 baberi.

230 589 248 648 5
319 589 439 644 Pennus
461 583 531 640 libro
553 599 626 640 nono
650 583 687 640 ad
711 583 852 640 Sabinum.
888 583 1010 640 Caedere
1033 587 1076 638 est
1100 597 1155 638 nou
1178 583 1267 639 solum
1290 583 1447 654 succidere,
1472 583 1525 640 sed
1548 578 1703 666 Q
1726 589 1743 644 d

268 677 349 732 ob'am
368 674 448 730 lenire
467 671 600 728 caedendi
618 687 710 728 ιιιιι
738 673 848 742 cingere
866 677 910 728 est
927 671 1097 742 deglabrare.
1125 669 1272 726 subsecare
1290 677 1334 728 eat
1350 671 1543 728 subsecuisse:
1561 671 1704 727 nonenim

239 774 249 818 1
267 769 376 836 poterat
398 761 531 818 cecidisse
554 761 688 830 intellegi,
711 761 758 830 qui
780 775 856 816 serra
874 761 1016 816 mouisset.
1054 759 1121 815 liius
1139 760 1256 818 actionis
1274 759 1371 816 eadem
1389 775 1476 816 causa
1493 764 1552 830 est,
1574 775 1647 829 quae
1664 764 1729 814 ests

235 854 337 923 elegis
356 851 491 918 Aquiliae.
528 849 568 918 Is,
587 850 665 904 cuius
683 864 751 904 usus
769 847 874 904 fructus
892 853 935 903 est
952 848 981 904 in
998 846 1093 918 fundo,
1112 846 1182 904 bano
1200 849 1336 904 actionem
1354 847 1527 905 nonhabet:
1549 848 1598 918 qui
1615 853 1703 903 antem

268 940 381 996 fundum
402 937 565 1007 uectigalem
583 936 675 1006 babet,
694 937 765 992 hanc
783 937 918 992 actionem
937 935 1029 1006 babet,
1048 937 1121 992 sicut
1138 949 1227 1006 aquae
1244 937 1355 1008 pluuiae
1372 935 1510 992 ιιοιιιιιι
1529 937 1665 993 uodonem
1678 941 1705 992 et

267 1027 361 1086 bulum
380 1025 573 1098 regundorum.
1376 1095 1377 1098 Ἴ

231 1115 250 1174 6
321 1117 493 1172 Pomomus
511 1111 579 1168 libro
597 1111 748 1168 uicensimo
766 1113 803 1168 ad
821 1111 962 1194 Sabinum.
999 1111 1028 1168 Si
1046 1112 1138 1182 plures
1151 1112 1271 1168 eandem
1291 1111 1415 1168 arborem
1434 1111 1529 1168 furtim
1549 1108 1743 1197 QS

236 1203 431 1272 resciderint,
454 1217 516 1256 oum
541 1199 655 1270 singulis
673 1201 700 1255 in
720 1200 836 1256 solidum
856 1205 963 1270 agetur.
1000 1201 1039 1256 At
1056 1201 1080 1256 si
1098 1200 1196 1256 eadem
1214 1199 1295 1258 arbor
1312 1201 1430 1270 plurium
1449 1199 1546 1271 fuerit,
1571 1203 1704 1258 uniuersis
1719 1213 1739 1252 ιι

237 1293 413 1348 udumtaxot
435 1305 491 1344 una
515 1292 544 1344 et
566 1289 651 1344 semel
674 1303 764 1358 poena
787 1287 979 1360 praestabitur.
1016 1287 1045 1344 Si
1069 1288 1149 1346 arbor
1169 1289 1197 1344 lo
1215 1289 1299 1344 uicini
1316 1288 1431 1344 iuudum
1450 1289 1560 1345 radices
1578 1291 1703 1362 porrexit,

269 1380 390 1436 recidere
409 1393 457 1433 eas
475 1377 567 1432 uicino
585 1391 640 1432 nou
658 1375 759 1448 licebit,
778 1391 861 1446 agere
879 1381 972 1432 autem
990 1376 1084 1433 licebit
1102 1392 1156 1432 non
1175 1391 1237 1433 esso
1254 1377 1280 1432 ei
1299 1386 1341 1433 urs
1358 1377 1452 1445 (sicuti
1464 1378 1574 1448 tignum
1587 1383 1702 1450 aotprc

269 1469 385 1534 tectum
402 1465 545 1520 inmissum
563 1463 673 1520 babere.
702 1465 726 1520 si
744 1463 882 1521 radicibus
900 1465 984 1522 uicini
1002 1465 1083 1522 arbor
1101 1465 1197 1536 aletur,
1216 1471 1308 1522 tamen
1323 1466 1334 1540 ll
1347 1466 1406 1522 ιιιιι
1417 1471 1471 1536 eet,
1488 1467 1519 1522 in
1532 1467 1613 1522 ouius
1624 1465 1702 1523 tonde
1715 1471 1765 1521 trit

269 1556 347 1626 origo
365 1555 425 1610 eius
443 1551 533 1608 suerit.
1717 1565 1738 1606 ιι

233 1643 251 1701 i
323 1643 474 1698 Umerus
496 1639 565 1698 libro
588 1639 749 1710 trigensimo
771 1647 870 1698 octauo
894 1641 930 1696 ad
954 1641 1084 1700 edietum.
1120 1641 1225 1698 Furtim
1244 1655 1342 1698 eaesae
1360 1640 1473 1699 arbores
1490 1643 1533 1700 oi·
1551 1638 1740 1728 fflss

238 1743 249 1788 t
270 1731 378 1800 deutur,
397 1744 468 1800 quae
486 1729 630 1798 ignorante
649 1727 760 1786 domino
778 1729 938 1800 eelandique
956 1729 1016 1786 eius
1034 1745 1119 1786 ιιιιι
1131 1729 1291 1787 caeduntur.
1318 1731 1376 1787 Nec
1388 1745 1451 1786 ease
1462 1729 1537 1788 banc
1548 1729 1616 1788 furti
1626 1733 1702 1787 relic

236 1829 251 1876 t
270 1835 333 1875 nem
351 1816 446 1874 scribit
464 1815 578 1886 Pedius,
597 1830 659 1871 eum
678 1821 707 1870 et
724 1817 783 1872 sine
801 1815 874 1874 iurto
893 1817 952 1874 deri
971 1818 1067 1889 possit,
1085 1823 1117 1874 ut
1134 1819 1195 1889 quis
1213 1818 1324 1875 arbores
1341 1818 1434 1874 furtim
1453 1819 1564 1876 caedat
1600 1818 1630 1876 st
1647 1818 1702 1889 quis

271 1906 402 1962 radicitus
421 1903 545 1960 arborem
563 1904 687 1959 euellerit
704 1905 748 1960 uel
761 1906 963 1977 exstirpauerit,
981 1905 1034 1962 bac
1046 1907 1154 1962 rectione
1165 1923 1220 1962 nou
1232 1912 1353 1963 tenetur:
1371 1909 1548 1978 nequeenim
1561 1908 1607 1964 uel
1620 1906 1703 1962 caedit

238 2006 252 2052 a
270 1995 315 2051 uel
338 1991 456 2050 succidit
472 1994 517 2048 uel
536 1991 691 2048 subsecuit:
716 1992 827 2063 Aquilia
845 1997 938 2051 tamen
956 1999 1078 2065 tenetur,
1096 1995 1175 2065 quasi
1193 1995 1305 2066 ruperit
1342 1995 1458 2050 Etiamsi
1476 2009 1534 2052 non
1552 2001 1613 2053 tote
1629 1994 1702 2051 arbor

237 2094 253 2140 4
271 2098 353 2140 caesa
370 2083 420 2152 sit,
438 2085 514 2137 reete
532 2085 626 2136 ιιιιιιι
645 2085 743 2151 agetur
761 2083 840 2152 quasi
858 2097 949 2138 caesa.
985 2081 1050 2138 Siue
1069 2087 1162 2139 autem
1180 2083 1242 2154 quia
1259 2083 1318 2139 suls
1335 2082 1476 2152 manibus,
1497 2084 1560 2140 siue
1577 2083 1644 2139 dum
1660 2084 1701 2138 im·
1714 2094 1733 2134 ιι

270 2177 350 2242 perat
368 2185 449 2227 seruo
468 2169 579 2226 arbores
598 2169 671 2240 cingi
689 2167 830 2225 subsecari
848 2170 952 2240 caedi¹,
971 2170 1024 2226 bac
1041 2172 1149 2227 actione
1167 2175 1284 2226 tenetur.
1310 2171 1382 2226 idem
1401 2174 1431 2226 et
1448 2171 1473 2226 ei
1486 2171 1576 2228 bbere
1587 2172 1700 2243 imperet

238 2271 253 2320 t
270 2260 350 2328 Quod
368 2259 392 2315 si
410 2273 492 2316 seruo
510 2273 561 2314 suo
579 2271 635 2314 non
652 2258 823 2328 praeceperit
839 2257 981 2330 domibus,
1000 2258 1050 2315 sed
1067 2259 1127 2329 ipse
1145 2275 1197 2316 sua
1214 2259 1356 2316 uoluntate
1373 2259 1402 2315 id
1420 2260 1575 2332 admiserit,
1593 2259 1701 2317 Sabinus

237 2360 252 2406 e
270 2349 310 2405 ait
327 2353 483 2418 competere
501 2346 625 2416 noxsla⁸‚
644 2351 676 2400 ut
694 2347 722 2400 in
736 2347 838 2402 tuteris
858 2346 1012 2404 maleficiis:
1031 2361 1102 2418 quae
1119 2348 1256 2404 sentemia
1268 2362 1335 2402 uera
1346 2352 1397 2403 est.
1424 2348 1504 2404 Haec
1516 2349 1592 2405 actio
1604 2347 1701 2404 etiamsi

269 2437 392 2508 poenalls
415 2436 465 2506 sit,
489 2438 623 2506 perpetua
640 2438 692 2490 est.
725 2433 776 2490 sed
793 2433 927 2492 aduersus
945 2435 1073 2492 heredem
1091 2450 1146 2490 non
1164 2435 1259 2492 datur:
1282 2434 1375 2491 benedi
1393 2436 1552 2508 ceterisque
1570 2451 1699 2494 successo

238 2525 346 2582 tribus
364 2523 484 2580 dabitur.
521 2522 718 2580 condemnatio
738 2528 830 2578 autem
849 2523 909 2579 sius
927 2523 1039 2595 duplum
1058 2524 1181 2580 continet
1710 2534 1729 2576 ιι

233 2612 252 2672 8
324 2613 443 2670 Pronus
467 2609 536 2666 libro
559 2611 721 2680 trigonsimo
745 2627 818 2670 nouo
843 2613 878 2668 ad
901 2612 1031 2668 edictum.
1064 2610 1191 2668 iacienda
1211 2611 1414 2682 aestimatione,
1438 2615 1539 2684 quanti
1555 2608 1730 2698 ffll

271 2701 374 2758 domini
392 2700 501 2756 intersit
518 2713 572 2754 nou
590 2698 692 2756 laedi⁴:
711 2701 888 2772 ipsarumque
905 2700 1033 2758 arborum
1051 2700 1168 2771 pretium
1184 2700 1284 2756 deduci
1295 2703 1405 2771 oportet
1415 2706 1446 2757 et
1456 2703 1519 2759 eius
1531 2688 1697 2774 quod-supe]

209 2802 253 2848 ιι
272 2793 315 2846 ιιι
339 2788 398 2845 lieri
421 2789 648 2846 aestimationem.
684 2789 789 2845 Furtim
813 2789 939 2846 arborem
963 2790 1068 2860 caedit,
1094 2789 1142 2859 qui
1161 2789 1232 2846 elam
1249 2787 1347 2845 caedit.
1384 2790 1474 2860 igitur
1491 2793 1518 2848 si
1536 2793 1698 2849 cecideritet

271 2880 339 2936 lucri
360 2877 478 2934 faciendi
497 2893 582 2934 causa
600 2878 824 2948 contrectauerit,
849 2878 931 2934 etiam
949 2876 1016 2934 ltrrti
1033 2878 1170 2936 tenebitur
1186 2879 1322 2949 lignorum
1340 2893 1426 2934 causa
1443 2885 1473 2936 et
1490 2881 1696 2938 condictioneet

272 2968 308 3024 ad
325 2965 519 3024 exhibendum.
556 2967 608 3032 Qui
626 2982 675 3038 per
694 2967 749 3022 uim
769 2967 873 3022 sciente
891 2965 1002 3022 domino
1019 2966 1123 3038 caedit,
1141 2982 1197 3024 non
1214 2967 1310 3024 incidit
1326 2968 1354 3022 in
1372 2967 1445 3023 banc
1462 2969 1611 3027 actionem.
1707 2976 1724 3017 ιι

233 3057 252 3116 9
325 3055 419 3112 (ierus
436 3054 505 3111 libro
523 3055 730 3110 tertiodecimo
749 3054 785 3110 ad
803 3055 924 3112 edictum
943 3055 1121 3125 prouinciale.
1156 3055 1186 3112 Si
1203 3071 1248 3112 eo·
1266 3051 1726 3142 Ql

270 3147 350 3202 louus
375 3145 425 3215 sit,
449 3143 496 3214 qui
521 3142 651 3198 ceciderit
675 3143 803 3214 arbores,
828 3143 910 3199 etiam
935 3157 969 3198 er
987 3144 1078 3200 locato
1096 3159 1158 3200 cum
1177 3159 1211 3200 eo
1229 3145 1275 3214 agi
1292 3149 1394 3216 potest.
1426 3145 1512 3215 plane
1531 3163 1588 3203 una
1604 3148 1694 3203 actione

271 3236 417 3290 contentus
435 3247 497 3288 esse
515 3231 598 3287 debet
615 3235 700 3288 actor.

215 3323 253 3382 10
324 3321 465 3377 lucrinus
488 3319 557 3376 libro
580 3320 662 3376 tertio
685 3334 720 3375 er
743 3319 862 3376 liiniclo.
899 3319 929 3376 Si
947 3320 1058 3390 gemina
1075 3319 1156 3376 arbor
1173 3324 1248 3376 esset
1266 3325 1294 3376 et
1311 3337 1395 3392 supra
1411 3325 1517 3378 terram
1536 3313 1734 3408 [fflsi

270 3411 397 3466 iunctura
420 3409 479 3464 eius
503 3408 648 3477 emineret,
671 3423 727 3463 una
751 3405 832 3464 arbor
854 3408 964 3464 uidetur
987 3423 1057 3464 esse.
1090 3408 1140 3464 red
1162 3409 1188 3464 si
1210 3408 1237 3464 id
1255 3423 1311 3479 qua
1328 3409 1490 3481 iungeretur
1508 3427 1565 3469 non
1583 3413 1722 3476 ιιιιιιιιι

270 3497 387 3556 totidem
405 3495 518 3553 arbores
536 3501 608 3566 runt,
627 3500 695 3566 quot
713 3495 820 3567 species
837 3511 932 3554 earum
951 3512 1035 3568 snpra
1053 3502 1152 3553 terram
1172 3501 1272 3552 esseut.

215 3589 251 3648 11
324 3587 443 3642 Pennus
465 3584 533 3642 libro
557 3585 707 3641 uicensimo
730 3585 852 3641 secundo
875 3585 911 3641 ad
930 3585 1059 3642 edictum.
1097 3585 1152 3642 Sed
1170 3586 1193 3642 si
1211 3585 1246 3641 de
1265 3583 1409 3642 arboribus
1426 3588 1519 3644 caesis
1537 3577 1720 3672 ΜΒ

271 3677 385 3746 exlege
404 3674 514 3745 Aquilia
532 3678 623 3730 actum
642 3674 691 3745 sit,
716 3673 861 3730 interdicto
879 3674 954 3744 quod
971 3675 1000 3730 ui
1018 3678 1067 3730 aut
1084 3675 1154 3730 olam
1172 3673 1280 3730 reddito
1297 3671 1472 3746 absoluetur,
1496 3677 1522 3732 ai
1540 3679 1608 3734 satis
1623 3677 1693 3748 pn'rut

271 3763 516 3822 condemnatioue⁵
538 3763 696 3834 grauauerit
715 3778 804 3834 reum,
832 3767 960 3820 manente
980 3761 1064 3820 nihilo
1089 3763 1178 3819 minus
1199 3762 1307 3819 actione
1327 3763 1446 3835 exlege
1467 3765 1615 3823 duodecim
1631 3763 1693 3821 tabu·

270 3853 366 3908 larum.
1703 3857 1721 3900 tt

215 3943 252 4002 12
324 3943 496 3998 Iauonnnus
513 3939 582 3996 libro
596 3939 691 4009 quinto
704 3939 810 3995 decimo
823 3955 858 3995 er
870 3939 975 3998 Cassio.
1003 3939 1055 4008 Qui
1067 3955 1164 4011 agrum
1177 3937 1309 4010 uendidit,
1328 3937 1412 3996 nihilo
1425 3941 1518 3999 miuus
1537 3931 1720 4028 ffli

271 4028 365 4086 furtim
384 4029 511 4085 arborum
529 4043 671 4085 cumarum
690 4043 773 4099 agere
789 4033 890 4099 potest.

272 4152 464 4221 muruco)

273 4333 283 4366 1
303 4329 391 4401 primo
410 4339 457 4384 inc.
475 4329 539 4394 (luc.
556 4329 741 4401 dotlcsreduc)
825 4331 837 4364 ²
854 4327 967 4385 arbores
985 4330 1071 4401 cingit
1088 4328 1219 4386 subsecat
1236 4327 1346 4384 caedit?
1436 4331 1449 4366 ⁸
1467 4332 1596 4389 noralem
1614 4326 1697 4399 (addit

273 4399 399 4455 ‘caedi'l
470 4399 710 4455 icondemnatio?

272 4575 360 4630 iloci
381 4576 415 4627 ιι
436 4576 440 4642 Ι
461 4573 555 4630 haberi
579 4594 627 4628 cm.
641 4575 677 4628 F¹
734 4574 962 4646 detegere10in-
1016 4577 1084 4632 ιιιιι4
1097 4574 1311 4632 caeciderintii²
1360 4577 1395 4632 10
1406 4576 1474 4632 a‘d't
1486 4578 1525 4631 F*
1578 4575 1699 4646 laetas}

274 4655 335 4715 bepe
353 4645 384 4698 ιι
401 4643 453 4699 terr
473 4646 505 4700 τὸ
522 4647 650 4715 reperet«
668 4644 884 4708 vincloriaroi
902 4648 962 4702 berr-
1017 4647 1051 4701 ιιιι
1071 4646 1163 4702 dictaei
1182 4665 1221 4702 cor
1242 4647 1297 4712 ΒΕ,
1319 4646 1379 4702 eius
1399 4647 1425 4700 F
1479 4648 1700 4706 resurrectum

274 4725 340 4786 iper
362 4717 409 4770 BS
427 4717 531 4784 (Dor-l,
556 4717 684 4777 ιωιιιιειι
708 4716 740 4772 τὸ
764 4719 891 4788 περιελεῖκ
915 4717 963 4772 rba
1017 4719 1099 4774 uicini
1117 4717 1198 4774 arbor
1217 4717 1313 4787 aletur]
1332 4718 1355 4772 εἰ
1368 4719 1407 4773 sai
1421 4720 1446 4774 ai
1460 4719 1526 4790 ῥιιιι
1540 4721 1700 4792 τοὶιέιιιροι

274 4785 672 4863 oiorbuB(Anon.):cs.ucl.I
680 4789 751 4857 adp.
760 4789 821 4852 566,
830 4789 865 4842 32
880 4793 885 4857 Ι
901 4789 964 4844 sub·
1018 4789 1046 4844 ἐκ
1070 4789 1118 4851 ro?
1143 4791 1261 4854 relrouoc
1283 4788 1363 4861 ispo?
1387 4789 1533 4859 τρὲῲοκτιι
1558 4793 1605 4848 Rs
1621 4791 1700 4856 (Dor.)

274 4872 369 4912 necaro
387 4857 557 4920 (subsecrare
571 4859 606 4920 Ol
624 4863 667 4913 est
685 4857 868 4930 subsecuisse]
888 4859 969 4915 FXY
1017 4863 1181 4932 sterilemque
1196 4859 1343 4926 Riduna)
1398 4861 1433 4916 18
1451 4863 1660 4936 exbtirpmerb
1668 4859 1700 4916 ι’

274 4928 368 4984 Mod:
382 4927 538 4999 corucertpe
551 4927 603 4984 ἒιτι
617 4928 965 5001 τὸῨιιοτιιιιῑιιΒΒ(Ι)οι.),
1018 4930 1282 4987 eecaccideritli’
1323 4931 1550 4988 semrom*
1585 4935 1699 4990 dodae·

275 5000 442 5054 κιτιτὲιιιιειιι
460 4999 492 5054 τὸ
511 4999 649 5064 Ῠιιοτειιεῖιι
670 5001 822 5069 B(Anora)
875 4999 965 5058 tiur·
1019 5001 1060 5058 dit
1072 5001 1096 5056 F
1097 5001 1110 5037 ³
1154 5004 1189 5060 32
1207 5000 1391 5060 caecideritb'
1432 5004 1470 5060 35
1486 4999 1699 5078 immittitis*
