3614 5460
286 229 481 298 xxxxviii
501 231 522 294 9
541 235 558 288 3
578 264 610 276 -
633 229 708 294 101
793 173 795 180 V
966 219 1054 300 822
1166 245 1213 290 on
1234 243 1325 293 unos
1346 243 1500 292 rostram
1524 245 1572 292 on
1595 244 1726 292 enemo.

250 393 269 452 3
340 387 516 446 ursormns
539 383 609 440 libro
632 387 730 454 quorto
754 383 861 440 decimo
883 381 1095 438 institutionum.
1135 379 1191 436 Sed
1214 381 1356 438 sciendum
1383 387 1428 438 est
1453 383 1518 453 loge
1542 383 1675 453 Pompeis
1694 383 1760 438 dod

287 476 451 533 consobrino
470 471 676 543 comprehendi,
700 472 750 528 sed
769 487 824 527 non
842 472 925 527 etiam
944 485 993 526 eos
1016 463 1120 541 pariter
1137 470 1295 541 complecti,
1319 471 1366 540 qui
1383 471 1445 541 puri
1462 481 1627 542 propiorem
1644 469 1727 542 grsdu

288 570 360 621 sunt.
387 564 436 619 sed
455 569 483 618 et
501 577 636 618 nouercae
649 567 678 616 et
690 575 808 631 sponsae
820 575 955 630 personae
967 559 1085 616 omissae
1102 564 1175 628 suot,
1194 559 1331 614 sententia
1343 565 1436 614 umen
1453 561 1524 630 legis
1542 560 1726 616 continentur:

249 659 270 717 4
341 655 418 708 lonu
436 651 505 708 libro
524 653 612 722 primo
631 649 666 706 de
684 649 800 720 publicis
818 647 936 704 iudiciis.
971 651 1050 704 cum¹
1069 653 1149 718 pstor
1167 651 1196 702 et
1213 654 1301 704 mater
1322 649 1417 718 sponsi
1434 664 1556 720 sponsae
1574 645 1725 732 Q
1741 654 1769 708 S·

288 757 455 808 socerorum,
474 744 505 795 ut
522 739 669 794 liberorum
688 737 783 808 sponsi
800 751 964 806 generorum
983 737 1164 808 appellatione
1183 738 1366 794 continentur.
1740 749 1752 788 s

251 836 270 894 5
341 831 419 886 lonso
442 827 511 885 libro
534 831 632 898 quarto
656 826 763 882 decimo
786 825 998 882 institutionum.
1035 825 1124 882 Diuus
1142 825 1298 881 Hadrianus
1316 823 1417 894 lemur,
1442 841 1507 881 cum
1526 826 1555 881 io
1574 821 1758 909 ΜΨ

288 920 435 976 uenatione
452 916 539 972 lilium
557 932 637 970 suum
656 915 768 986 quidum
786 919 947 983 necuuerat,
971 913 1018 984 qui
1036 929 1184 970 nouercam
1203 913 1390 986 adulterabat,
1414 915 1442 970 in
1464 915 1584 970 insulem
1604 929 1666 970 oum
1683 915 1724 970 de

288 1014 423 1080 portasse,
442 1005 517 1076 quod
534 1005 649 1060 latronis
666 1003 755 1074 mngis
773 1017 857 1072 quam
875 1003 961 1074 putris
979 1003 1038 1058 iure
1057 1017 1119 1058 eum
1138 1001 1288 1058 interiecit:
1307 1019 1371 1058 uam
1388 1003 1480 1074 putria
1491 1007 1619 1074 potestus
1630 1004 1658 1058 in
1673 1004 1724 1074 plo-

288 1101 346 1152 tste
364 1095 456 1163 debet,
475 1109 529 1149 non
548 1094 692 1148 atrocitate
711 1093 869 1147 consistere.
1736 1101 1747 1142 s

252 1189 271 1248 6
342 1184 494 1240 Unrrsuus
512 1181 582 1237 libro
600 1187 701 1237 octauo
719 1179 754 1236 de
766 1177 858 1236 officio
871 1179 1050 1249 proconsulis.
1078 1178 1176 1235 Utrum
1189 1179 1236 1249 qui
1253 1179 1413 1236 occiderunt
1425 1185 1556 1250 parentes
1575 1175 1750 1264 WB

290 1287 325 1328 an
344 1273 426 1328 etiam
446 1269 563 1340 conlscii
580 1285 671 1340 poena
688 1267 827 1340 parricidii
844 1265 1022 1334 adiciantur,
1041 1268 1136 1336 quaeri
1154 1274 1255 1339 potest.
1282 1275 1312 1324 et
1329 1269 1370 1324 sit
1386 1269 1547 1326 Maecianus
1565 1256 1720 1326 euasero
1732 1274 1780 1321 tiu

289 1361 362 1416 scios
380 1359 476 1414 eudem
495 1375 586 1429 poena
603 1357 780 1426 adliciendos,
798 1372 853 1412 nou
870 1356 959 1411 solum
972 1355 1131 1426 parricidas.
1159 1357 1272 1428 proinde
1284 1358 1387 1414 conscii
1399 1358 1483 1412 etiam
1497 1359 1622 1414 oxusnei
1634 1357 1718 1412 erdem

289 1463 380 1520 poena
397 1446 542 1502 udliciendi
560 1451 633 1502 sunt.
1364 1499 1366 1504 ,

253 1541 272 1600 7
344 1537 421 1590 lnnss
438 1535 507 1591 libro
526 1535 677 1591 uicensimo
696 1549 769 1590 nono
787 1531 822 1588 ad
841 1531 971 1588 edictum.
1008 1531 1038 1588 Si
1061 1532 1166 1588 sciente
1183 1532 1269 1588 credi·
1287 1529 1466 1615 [nssconqs.
1488 1537 1752 1602 beretrudis*

289 1629 349 1680 tore
368 1623 404 1678 ud
422 1625 514 1680 scelus
531 1621 757 1680 committendum
775 1622 893 1692 pecunia
910 1622 947 1676 sit
965 1619 1186 1690 subministrata,
1209 1629 1240 1676 ut
1256 1613 1367 1692 puta-si
1390 1623 1426 1678 sd
1451 1611 1714 1680 ueneni—malicum
1728 1631 1746 1672 ιι

289 1713 460 1782 parationem
485 1713 530 1767 uel
553 1713 637 1768 etium
660 1716 690 1766 ut
713 1709 864 1764 latronibus
887 1709 1152 1780 adgressoribusquc
1176 1709 1300 1780 daretur,
1328 1712 1375 1781 qui
1402 1715 1511 1780 petrem
1535 1710 1713 1768 interficerent:

289 1801 428 1873 parricidii
450 1817 540 1872 poena
561 1799 712 1869 tenebitur,
736 1799 783 1868 qui
807 1799 956 1868 quaesierit
980 1797 1124 1869 pecuniam
1146 1799 1249 1868 quique
1272 1814 1367 1856 corum
1390 1801 1430 1856 itu
1452 1801 1621 1856 crediderint
1642 1805 1712 1856 ants

290 1906 345 1960 quo
364 1889 570 1945 resonuerunt

252 1984 272 2044 8
344 1979 422 2034 lonis
439 1977 508 2034 libro
527 1982 626 2032 ootouo
644 1975 870 2046 disputationum.
900 1975 1040 2032 Parricidii
1052 1975 1208 2046 postulatus
1226 1977 1251 2032 si
1268 1976 1376 2032 interim
1395 1976 1556 2049 decesserit,
1574 1970 1709 2060 [Μ
1719 1976 1751 2048 is'

290 2067 314 2124 si
332 2067 443 2136 quidem
462 2065 515 2122 sibi
533 2071 648 2122 mortem
667 2065 810 2134 consciuit,
829 2079 1016 2120 successorem
1033 2061 1130 2120 fiscum
1149 2063 1251 2120 babere
1268 2063 1394 2120 debebit:
1413 2065 1550 2135 siminus,
1569 2082 1629 2122 oum
1646 2072 1736 2135 quent·

292 2157 393 2225 uoluit,
417 2156 441 2210 si
461 2155 542 2212 modo
560 2157 755 2214 testamentum
774 2151 853 2209 lecit:
876 2154 901 2209 si
918 2153 1066 2209 intestatum
1084 2151 1219 2222 decessit,
1243 2165 1291 2208 eos
1314 2152 1431 2210 herodes
1449 2154 1578 2226 habebit,
1601 2155 1645 2226 qni
1661 2154 1705 2222 legs

291 2251 434 2302 uocantur.

254 2339 272 2400 9
344 2334 539 2390 Moonsrmus
556 2331 626 2388 libro
639 2330 802 2388 duodecimo
813 2329 1020 2402 pandectarum.
1051 2331 1145 2386 Pceus
1161 2330 1299 2401 parricidii
1314 2345 1390 2388 moro
1404 2332 1539 2388 maiorum
1559 2321 1729 2416 [esseossffli

291 2421 361 2478 baec
379 2423 506 2478 instituta
524 2425 581 2490 ost,
605 2425 637 2476 ut
659 2419 796 2492 parricida
814 2419 899 2488 uirgis
917 2419 1077 2490 sanguineis
1100 2417 1261 2474 uerborotus
1284 2418 1384 2474 deinde
1409 2421 1498 2476 culleo
1521 2421 1641 2476 insuatur
1657 2432 1700 2472 cun

293 2527 370 2582 cane,
389 2511 463 2582 gallo
481 2511 633 2580 gallinaceo
652 2513 681 2565 et
698 2509 794 2578 uipera
811 2513 840 2562 ot
857 2508 950 2562 simis:
969 2506 1069 2562 deinde
1086 2507 1115 2562 in
1134 2523 1208 2562 mare
1225 2505 1392 2576 profundum
1409 2510 1515 2564 culleus
1527 2509 1644 2564 iactetur.
1664 2505 1726 2560 lucu

292 2583 339 2670 ita,
359 2601 382 2656 si
401 2615 476 2654 mere
495 2599 649 2668 proximum
668 2598 717 2652 sit:
737 2596 857 2666 alioquin
874 2595 972 2650 bestiis
990 2595 1108 2652 obicitur
1120 2595 1271 2652 secundum
1284 2595 1341 2650 diui
1354 2597 1487 2653 Hadriani
1499 2597 1697 2654 constitutionem.

260 2703 272 2748 1
293 2689 344 2756 Qui
363 2689 431 2744 alias
448 2701 583 2757 personas
601 2686 749 2742 occiderint
766 2689 875 2755 praeter
894 2688 1008 2755 matrem
1028 2690 1056 2740 et
1073 2688 1179 2754 patrem
1194 2689 1223 2739 et
1234 2700 1317 2740 auum
1330 2691 1359 2740 et
1371 2686 1463 2742 auium
1474 2689 1557 2757 (quos
1575 2673 1697 2770 [Q

293 2793 368 2834 more
387 2777 519 2832 maiorum
538 2775 627 2846 puniri
645 2789 730 2844 supra
748 2773 886 2843 diximus),
906 2774 1004 2843 cupitis
1021 2787 1111 2843 poena
1128 2774 1281 2843 plectentur
1294 2777 1341 2828 aut
1354 2775 1450 2830 ultimo
1463 2776 1597 2845 supplicio
1608 2781 1695 2830 mucur-

260 2880 274 2926 ι
292 2872 345 2922 tur.
382 2864 454 2920 Sene
473 2865 497 2920 si
515 2879 565 2934 per
581 2861 701 2919 furorem
720 2863 819 2933 aliquis
836 2867 978 2932 parentem
997 2861 1143 2931 occiderit,
1161 2861 1303 2934 inpunitus
1321 2863 1388 2933 erit,
1407 2869 1439 2918 ut
1456 2863 1515 2920 diui
1534 2851 1694 2948 [estitit]

293 2953 407 3009 fratreri
425 2953 624 3024 rescripserunt
641 2967 725 3022 super
743 2965 789 3020 co,
813 2951 861 3021 qui
878 2967 928 3020 per
946 2949 1064 3006 furorem
1089 2957 1203 3005 matrem
1226 2955 1387 3006 necauerat:
1412 2969 1477 3008 nam
1496 2939 1719 3010 suffiffis'tnuut

293 3044 353 3114 ipso
371 3057 434 3096 oum
453 3042 551 3112 puniri,
570 3041 782 3111 diligentiusque
800 3039 1010 3095 custodiendum
1029 3053 1091 3094 esse
1109 3039 1259 3094 autetiam
1278 3040 1395 3096 uinculis
1413 3041 1600 3098 coercendum.

237 3135 276 3196 10
346 3131 466 3187 Pronus
477 3129 547 3186 libro
560 3129 692 3200 singulari
704 3128 738 3184 de
751 3129 847 3200 poenis
860 3129 980 3185 omnium
994 3129 1096 3198 legum.
1126 3127 1238 3196 Eorum,
1255 3123 1493 3209 [essIffie
1502 3143 1568 3198 ara.
1586 3117 1717 3192 iustiti?

293 3220 340 3292 qui
358 3219 496 3290 parricidii
513 3234 603 3290 poena
620 3218 708 3274 tenori
725 3221 851 3288 possunt,
869 3231 979 3287 semper
996 3217 1135 3272 accusatio
1154 3217 1328 3286 permittitur.

1699 3385 1718 3425 ll

293 3527 330 3604 ιι
369 3524 434 3601 nn
467 3523 591 3601 noea
628 3521 865 3601 cononum
897 3522 962 3598 nn
990 3387 1158 3600 1th
1191 3521 1254 3598 sn
1282 3521 1346 3598 nn
1376 3523 1586 3602 seuerus
1610 3469 1786 3597 coi-cn·

756 3645 908 3724 sonno
936 3647 1192 3724 Lmonmuo
1234 3647 1272 3725 ιι

258 3817 274 3874 1
346 3807 522 3862 ldsncrsnos
540 3803 609 3860 libro
627 3807 726 3875 quarto
744 3803 852 3858 decimo
870 3803 1081 3858 institutionum.
1117 3803 1211 3858 Poena
1231 3802 1300 3872 legis
1325 3801 1470 3860 Corneliis
1492 3807 1557 3861 irro-
1585 3781 1721 3864 aelate&
1793 3817 1797 3836 ι

294 3899 376 3966 gatur
387 3897 421 3963 ei,
440 3895 487 3964 qui
506 3893 590 3950 falsas
608 3893 771 3949 testationes
788 3891 930 3982 iaciendos
948 3891 1141 3947 testimoniauc
1154 3889 1407 3962 ialsainspioionda
1418 3893 1483 3950 dolo
1496 3896 1565 3950 mulo
1576 3879 1688 3948 oieui‘·

294 4001 488 4072 rprrnoc)

294 4147 304 4181 ¹
324 4145 408 4213 quin?
496 4144 508 4178 ¹
526 4143 627 4212 quique
646 4157 705 4196 eum
730 4142 769 4196 itu
791 4141 938 4198 crediderit
962 4145 1010 4196 aut
1028 4155 1045 4195 a
1062 4155 1118 4211 quo
1135 4140 1175 4196 ite
1192 4140 1318 4196 canerit?
1407 4143 1420 4177 ⁸
1438 4142 1533 4199 Murco
1551 4151 1572 4198 st
1588 4125 1690 4210 dometii

294 4216 419 4270 ιιᾱεονιὸιι
436 4214 529 4269 Macer
547 4215 621 4278 121,
637 4213 724 4276 11114
812 4215 824 4248 ⁴
843 4213 889 4282 qui
909 4212 944 4266 ad
963 4209 1046 4268 ialsus
1063 4213 1226 4268 testationes
1244 4210 1387 4268 iaciendas
1406 4215 1594 4271 testimouisus
1610 4209 1691 4266 laltssl

294 4287 383 4342 uicem
401 4285 519 4340 dicenda
536 4285 600 4340 dolo
618 4285 691 4340 malo
710 4283 806 4340 coierit
823 4287 858 4351 (u.
873 4283 920 4349 tl?

297 4387 377 4394 „—

295 4429 312 4482 2
331 4425 535 4496 comprehendi]
551 4427 594 4488 F,
613 4425 838 4496 comprehensum
854 4440 916 4480 esse
931 4425 984 4488 ΡΙ
1041 4424 1056 4479 ὁ
1074 4425 1264 4480 isserninesoc
1323 4423 1388 4479 iusi
1401 4427 1440 4482 ssi
1456 4425 1513 4484 dis
1532 4425 1618 4482 elerico
1635 4427 1693 4474 titi·

295 4499 354 4568 pari
381 4498 526 4568 proprioue
551 4496 646 4560 Filio,
674 4498 733 4566 pori
759 4498 885 4567 prioreue
908 4493 985 4558 X⁶Y‚
1041 4513 1088 4550 osc
1106 4493 1178 4563 siri>
1197 4497 1236 4550 ssi
1260 4495 1275 4549 d
1297 4495 1362 4566 inlp
1380 4495 1464 4560 siro?
1482 4477 1694 4561 luculentusfl

295 4570 385 4638 priore
398 4573 457 4634 (om.
470 4568 530 4636 peri
543 4575 566 4621 el
577 4573 623 4632 uo)
636 4569 709 4632 X00,
728 4576 775 4622 inc.
787 4567 831 4622 M.
885 4565 986 4622 blibc·
1040 4568 1150 4632 (Aeon)
1195 4569 1230 4622 20
1248 4567 1383 4634 conscibit
1402 4570 1427 4622 F
1469 4571 1503 4624 21
1521 4547 1696 4624 intuotuul’

295 4655 386 4694 rorum
410 4639 513 4708 sponsi]
539 4639 577 4691 sul
604 4639 618 4692 ὁ
642 4637 758 4708 usacrip
784 4638 833 4694 rric
860 4637 988 4708 esrsrpdc
1040 4637 1075 4692 24
1091 4637 1175 4706 uirgis
1188 4638 1357 4708 sanguineis]
1375 4619 1697 4711 piaborcqnsssiscuilsl

296 4730 347 4772 uos
361 4711 386 4763 B
436 4709 618 4778 idoportassi
632 4709 667 4762 F²
717 4711 750 4764 10
762 4709 930 4778 cecideruut]
943 4723 987 4762 oo·
1040 4709 1247 4764 ueruerutusF¹
1264 4713 1269 4772 Ι
1285 4709 1383 4780 culleo]
1397 4711 1425 4764 in
1439 4711 1576 4767 culeoi³
1607 4696 1699 4776 sorii-

296 4785 409 4836 currunt
427 4781 463 4832 F¹
526 4781 557 4833 11
577 4779 592 4832 ὁ
611 4779 764 4850 idspsrsodc
781 4781 808 4834 B
863 4781 897 4836 14
915 4793 987 4834 nono
1040 4779 1135 4848 nacco}
1149 4779 1360 4849 gallicanieoF¹
1376 4783 1382 4848 Ι
1397 4783 1552 4840 eolleusF¹
1594 4783 1624 4836 ul
1641 4773 1701 4832 aliti

296 4853 391 4906 cm.F¹
435 4849 858 4918 1osc'ac1usr21uenrcnir2
895 4850 988 4920 liqui
1042 4851 1078 4904 Ρ
1094 4851 1099 4914 Ι
1114 4851 1284 4906 occideritF
1322 4851 1359 4908 30
1376 4852 1460 4921 eolio
1476 4855 1511 4907 Ρ
1560 4853 1592 4908 31
1603 4853 1670 4922 ipsu*
1679 4835 1702 4894 Ρ

296 4921 445 4992 quaesierit
458 4921 600 4992 (quesierit
609 4923 654 4988 F1)
672 4923 816 4992 pecuniam
835 4921 937 4990 quique
1041 4923 1077 4978 35
1089 4927 1118 4976 et
1129 4922 1164 4977 do
1176 4923 1424 4978 senatusconsulto
1434 4923 1574 4980 libonisuo
1585 4943 1630 4980 rra
1638 4909 1706 4976 set

297 4995 331 5052 18
340 4995 464 5052 cauerint
472 4997 616 5064 (uenerunt
625 4994 671 5060 1³¹,
681 4995 786 5052 cruerit
798 4993 852 5064 pq]
864 4990 896 5057 oi
904 4991 989 5048 nisce
1041 5000 1143 5050 emant
1160 4995 1187 5049 B
1237 4995 1273 5050 38
1290 4993 1338 5066 qui
1355 4993 1444 5065 (quod
1457 4997 1533 5066 osu)
1550 4993 1629 5052 islsss
1643 4991 1707 5050 teob·
