3584 5454
264 246 444 316 XXXXVII
468 247 597 312 141-
619 243 696 312 151
939 235 1027 320 788
1309 261 1357 310 nu
1379 259 1701 312 enunuumoimorr

192 447 195 452 Α
266 404 372 461 'solent
398 402 550 473 puniuntur
568 404 660 456 autem
679 399 824 474 durissime
842 411 898 454 non
915 397 1026 469 ubique,
1046 398 1096 454 sed
1110 397 1157 454 ubi
1170 397 1340 468 frequentius
1353 399 1453 454 estid²
1466 414 1559 469 genus
1572 394 1702 452 maleficii:

235 500 246 544 ι
267 493 394 562 'alioquin
413 496 442 546 et
459 492 488 546 in
506 505 576 559 opus
594 496 624 544 et
641 503 845 557 nonnumquam
863 487 1060 557 temporarium
1073 486 1207 542 dantur'¹.
1235 487 1335 556 Abigei
1355 480 1703 570 [bollfffffflfffufte]

267 586 360 636 autern
379 579 487 649 proprie
505 578 533 632 bi
551 577 694 647 habentur,
713 577 761 647 qui
778 592 879 647 peoora
896 593 930 632 ex
949 577 1060 646 pasouis
1078 576 1140 631 uel⁸
1159 590 1194 630 ex
1210 577 1342 631 armentis
1358 575 1527 630 subtrabunt
1538 581 1569 630 et
1580 574 1703 644 quodam·

266 669 349 726 modo
368 667 580 738 depraedantur,
598 671 627 721 et
645 664 773 736 abigendi
791 665 912 721 studium
925 665 1004 735 quasi
1017 669 1103 730 antem
1117 669 1255 733 ereroent,
1273 677 1360 733 equos
1371 663 1407 718 de
1420 661 1556 732 gregibus
1568 662 1613 716 uel
1626 660 1705 716 boues

268 757 303 812 de
327 756 457 811 armentis
481 755 659 810 abduoentee.
691 759 813 810 ueterum
836 755 862 810 si
884 755 946 824 quis
970 753 1069 810 bouem
1094 750 1267 808 aberrantem
1285 753 1331 808 uel
1349 766 1436 823 equos
1453 752 1484 806 in
1503 749 1653 806 solitudine
1668 763 1731 806 rer

234 846 364 900 aliotos⁴
382 842 543 913 abduxerit,
568 857 623 898 non
647 846 691 898 est
713 841 844 914 abigeus,
868 843 918 898 sed
936 839 980 896 fur
999 842 1099 912 potius.
1136 840 1191 896 Sed
1210 843 1303 910 etqui
1321 843 1451 912 poream⁸
1471 840 1517 894 uel
1552 849 1705 920 Qu!

269 948 380 1002 oapram
398 931 443 986 uel
457 933 595 988 ueruioem
609 930 749 1000 ubdudt‘,
768 947 823 986 non
839 936 897 986 tum
916 931 1038 1000 grauiter
1055 944 1137 999 quam
1151 930 1215 998 qut²
1228 931 1331 985 maiora
1343 929 1473 984 animalia
1485 926 1614 997 abigunt,
1632 925 1706 996 pleuti

235 1029 250 1075 t
269 1019 380 1076 debent.
408 1018 578 1090 Quamquam
598 1023 689 1075 autem
708 1019 865 1094 Hadrianus
883 1019 986 1074 metalli
1003 1032 1131 1089 poenam,
1150 1017 1161 1084 Ι
1180 1019 1246 1074 item
1266 1020 1356 1089 operis
1373 1018 1516 1073 ueletiam
1536 1010 1706 1100 Q
1720 1022 1772 1074 tot

269 1110 354 1181 gladii
376 1109 576 1178 praestituerit,
600 1112 723 1164 stamen
746 1109 793 1177 qni
815 1107 971 1164 honestiore
994 1109 1055 1163 loeo
1077 1108 1134 1162 uati
1153 1113 1230 1178 sunt,
1255 1123 1311 1162 non
1329 1105 1431 1162 debent
1447 1105 1486 1160 ad
1505 1104 1579 1160 bane
1596 1119 1706 1174 poenam

269 1199 419 1270 pertinere,
444 1196 494 1252 sed
517 1201 566 1252 aut
583 1197 723 1266 relegendi
742 1202 822 1252 erunt
838 1203 888 1252 aut
906 1195 1036 1251 mouendi
1054 1195 1158 1250 ordine.
1193 1211 1259 1251 sane
1277 1195 1324 1266 qui
1342 1211 1404 1250 oum
1423 1195 1518 1264 gladio
1537 1179 1706 1267 [Q
1723 1200 1741 1239 ¹⁰

235 1292 252 1338 a
270 1287 394 1356 abigunt,
413 1301 468 1340 non
486 1285 579 1354 inique
596 1284 692 1340 bestiis
710 1283 893 1340 obiciunturl.
920 1285 972 1350 Qui
990 1298 1099 1354 peoora,
1117 1283 1153 1340 de
1169 1301 1284 1355 quorum
1297 1283 1466 1354 proprietate
1479 1281 1604 1338 satiebat
1619 1275 1706 1365 [ΦΓ-[ᾗ

270 1374 494 1442 controuersiam,
513 1371 615 1442 abegit,
634 1379 665 1428 ut
682 1372 846 1430 Saturninus
864 1373 975 1442 quidem
993 1371 1097 1440 soribit,
1116 1372 1151 1426 ad
1167 1371 1396 1428 examinationem
1408 1371 1517 1426 oiuilem
1531 1369 1705 1426 remittendus

271 1469 322 1518 est.
356 1463 405 1518 sed
429 1461 481 1516 hoo
503 1461 542 1516 ita
563 1461 674 1516 demum
693 1460 864 1530 probandum
883 1467 942 1530 est,
966 1461 990 1516 si
1008 1475 1063 1516 non
1081 1460 1156 1516 oolor
1174 1459 1318 1530 abigeatus
1335 1460 1478 1530 qusedtus
1497 1464 1556 1530 est,
1581 1459 1632 1514 sed
1647 1471 1705 1514 aere

270 1551 381 1624 putauit
398 1565 449 1606 sua
467 1550 546 1605 iustis
564 1547 716 1605 rationibus
734 1549 843 1605 duetus.
1719 1557 1738 1598 rr

233 1635 252 1694 2
325 1640 432 1694 Meosne
449 1637 519 1694 libro
537 1639 625 1708 primo
642 1637 813 1706 publloorum
832 1637 1004 1694 iudiolorum.
1031 1636 1186 1707 Abigeatus
1205 1637 1307 1692 orimeu
1324 1635 1427 1708 publioi
1441 1637 1538 1692 iuditii
1557 1631 1731 1720 Ql

273 1743 327 1784 non
346 1731 397 1797 est,
416 1727 481 1796 quis
498 1725 599 1781 lurtum
620 1727 708 1796 magia
726 1731 778 1781 est
805 1725 855 1782 sed
873 1728 938 1796 quia
955 1727 1117 1796 plerumque
1134 1723 1226 1794 abigei
1243 1731 1272 1780 et
1288 1724 1361 1781 ferro
1378 1731 1504 1795 utuntur,
1522 1726 1548 1780 si
1563 1725 1703 1796 deprehen·

272 1815 381 1884 dentur,
399 1814 461 1870 ideo
479 1815 601 1884 grauiter
618 1819 647 1870 et
664 1815 757 1884 puniri
774 1829 869 1870 eorum
887 1815 1038 1870 admissum
1057 1815 1135 1870 solet

234 1901 253 1958 3
327 1903 552 1958 contremuimus
575 1901 643 1970 libro
668 1909 747 1958 sexto
769 1902 805 1958 de
828 1902 1041 1972 cognitionibus.
1077 1901 1151 1958 Oues
1173 1917 1223 1971 pro
1241 1893 1354 1956 numero
1371 1899 1534 1957 abaotarnm
1555 1893 1732 1985 [ΜΒ

272 1996 321 2046 aut
337 1989 425 2046 iurem
444 1996 493 2046 aut
510 1991 637 2060 abigeum
657 1989 770 2046 fatiunt.
798 1991 909 2060 quidam
920 1991 1025 2046 deoem
1037 2006 1105 2047 oues
1116 2005 1228 2060 gregem
1242 2004 1304 2044 esse
1317 1993 1498 2058 putauerunt:
1517 2006 1618 2060 poreos
1629 1991 1700 2045 etiam

238 2089 252 2134 1
272 2079 392 2150 quinque
415 2079 460 2134 uel
484 2085 613 2148 quattuor
635 2078 763 2148 obsutus,
788 2094 888 2150 equum
912 2079 1011 2135 bouem
1035 2080 1079 2135 uel
1102 2095 1186 2134 unum
1211 2077 1355 2147 abigeatus
1379 2079 1485 2133 erimun
1504 2077 1606 2134 faeere.
1640 2078 1700 2132 llum
1713 2087 1731 2127 u

272 2181 382 2237 quoque
401 2167 508 2237 plenius
526 2167 721 2237 ooereendum,
743 2169 790 2238 qui
809 2184 826 2223 a
844 2167 952 2224 stabulo
970 2167 1065 2238 abegit
1082 2167 1216 2222 domitum
1234 2181 1332 2236 peens,
1350 2181 1406 2221 uon
1424 2181 1441 2220 a
1459 2167 1533 2222 silua
1550 2181 1603 2222 neo
1619 2179 1699 2236 grege

240 2266 255 2311 a
273 2256 326 2321 Qui
349 2256 459 2326 saepius
482 2254 648 2326 abegerunt,
671 2256 736 2312 lieet
752 2271 861 2326 semper
878 2272 964 2312 uuum
982 2257 1027 2312 uel
1045 2257 1161 2310 alterum
1179 2270 1264 2325 petus
1283 2253 1485 2324 subripuerint,
1510 2261 1605 2310 tannen
1623 2253 1699 2323 abigei

240 2353 255 2399 u
273 2349 346 2399 sunt
373 2345 541 2413 Reoeptores
559 2343 718 2414 abigeorum
737 2360 792 2416 qua
810 2359 900 2416 poena
916 2345 999 2414 pleuti
1018 2343 1145 2414 debeant,
1163 2344 1283 2414 epistula
1300 2343 1358 2398 diui
1369 2344 1482 2398 Traiani
1500 2344 1541 2399 ita
1559 2337 1699 2428 [Ῥόἧῇ

273 2437 396 2502 eauetur,
415 2437 447 2488 ot
464 2435 543 2488 extra
559 2435 660 2488 terram
678 2433 785 2488 ltaliam
805 2433 900 2489 deoem
919 2435 998 2489 annis
1016 2435 1212 2502 relegarentur.
1575 2415 1698 2427 *a

1704 2605 1722 2648 u

646 2721 685 2798 it
723 2720 788 2796 DE
815 2586 1262 2798 Pfflffixiilotrluuu
1302 2717 1340 2796 it
1701 2728 1730 2785 ul

240 2877 256 2932 1
329 2873 480 2930 meruus
501 2872 571 2930 libro
595 2879 675 2930 sexto
698 2875 735 2931 ad
758 2876 877 2932 edietum
897 2877 1038 2946 praetoris.
1074 2875 1297 2931 Praeuarioator⁹
1316 2879 1360 2928 est
1377 2871 1715 2957 [Pfflfflfflfflff

275 2964 355 3033 quasi
373 2964 549 3033 uuuoutorw,
572 2965 619 3034 qui
637 2964 776 3020 diuersam
798 2969 904 3034 partem
923 2965 1037 3020 adiuuat
1055 2964 1164 3035 prodita
1181 2979 1266 3018 eausa
1283 2977 1343 3018 sua
1373 2962 1449 3032 quod
1467 2980 1567 3018 nomen
1586 2961 1686 3018 Lubet!

275 3052 353 3106 uaris
370 3052 520 3107 certatione
537 3055 656 3107 traotunr
675 3053 728 3108 ait:
750 3068 813 3108 nam
832 3053 878 3123 qui
896 3053 1111 3123 praeuarioatur,
1129 3067 1163 3106 ex
1181 3058 1298 3121 utraque
1309 3055 1389 3120 parte
1401 3053 1535 3122 constitit,
1554 3051 1615 3121 quin
1624 3051 1684 3103 inno

244 3151 256 3196 1
275 3154 311 3194 ex
329 3140 452 3194 altera11.
488 3140 516 3194 is
534 3143 627 3196 autern
648 3142 853 3210 praeuaricatur
870 3142 980 3212 proprie
997 3142 1110 3212 dieitur,
1133 3141 1180 3212 qui
1197 3139 1308 3210 publioo
1325 3140 1429 3196 iuditio
1445 3140 1625 3196 uuouaausrit:
1641 3125 1711 3218 ffll‘lu

275 3245 469 3315 paruos)

277 3378 286 3412 ¹
305 3376 344 3444 id]
363 3376 415 3432 hoo
435 3376 498 3432 Coit.
586 3379 674 3450 ’port
696 3379 796 3434 dantur
819 3383 936 3464 leguntur
959 3380 1022 3434 inec
1046 3389 1073 3434 in
1098 3381 1175 3434 Uolt:
1198 3380 1314 3450 ideoque
1339 3386 1407 3450 puto
1431 3381 1507 3450 apud
1531 3395 1578 3435 uos
1601 3383 1678 3447 quoqu

276 3445 403 3502 suifioere
428 3464 515 3517 genus
534 3463 652 3519 poenae,
679 3451 754 3520 quod
776 3467 925 3506 marimum
945 3452 1075 3516 (maximo
1093 3452 1177 3516 codd.)
1202 3451 1265 3506 huie
1284 3449 1418 3506 maleficio
1438 3453 1559 3522 inrogari
1576 3445 1677 3524 soletul

276 3518 312 3572 ad
330 3518 452 3588 gladium
466 3519 556 3589 abigei
569 3521 681 3575 dentur:
700 3527 756 3590 aut,
776 3523 799 3576 si
818 3523 879 3591 quis
898 3527 954 3576 tam
975 3527 1056 3576 notus
1073 3526 1103 3578 et
1120 3527 1176 3576 tam
1195 3523 1289 3590 grauis
1307 3523 1335 3577 in
1354 3523 1493 3592 abigendo
1511 3522 1569 3592 fuit,
1586 3527 1612 3576 ut
1625 3523 1675 3586 peu

168 3633 171 3644 .
276 3604 311 3644 ex
329 3589 382 3645 boo
400 3591 512 3646 erimine
530 3593 622 3661 aliqua
639 3607 729 3662 poena
746 3591 872 3648 adlectus
890 3595 934 3661 sit,
954 3593 1025 3648 huno
1037 3595 1065 3647 in
1083 3593 1221 3648 metallum
1235 3594 1294 3649 duri
1306 3599 1434 3663 oportere
1452 3603 1478 3650 et
1495 3613 1559 3666 quae
1574 3589 1675 3662 sequutus

275 3660 341 3715 ἐκ
364 3668 445 3731 pastu
470 3666 498 3716 et
524 3665 587 3718 Goll.
680 3665 816 3733 ‘equum
839 3665 867 3719 in
890 3665 1065 3720 solitudinem
1088 3669 1148 3728 (om.
1171 3665 1292 3730 reliotos)
1317 3667 1379 3720 Ooll.
1476 3668 1487 3702 ⁵
1512 3677 1615 3734 poroun
1632 3651 1674 3728 coll

276 3733 288 3766 ⁸
307 3731 448 3787 abducunt
461 3733 523 3787 Ooll.
539 3737 574 3800 (o.
589 3736 617 3799 ι’.)
688 3736 698 3767 ⁷
717 3751 798 3804 quarn
818 3735 874 3804 qui]
895 3742 925 3790 ut
943 3735 971 3790 bi
989 3735 1036 3804 qui
1055 3739 1097 3798 (ut
1116 3735 1157 3790 bis
1176 3737 1222 3804 qui
1241 3736 1276 3790 ad
1296 3737 1370 3801 Ber.)
1390 3737 1453 3791 Coit
1526 3718 1673 3790 ⁸remooeud¹

278 3803 374 3858 ordine
393 3803 528 3866 (ordinem
547 3806 628 3869 libri).
653 3803 758 3860 Romae
776 3813 868 3860 tamen
888 3807 970 3861 etiam
990 3805 1086 3861 bestiis
1108 3805 1179 3861 obici
1199 3806 1313 3876 abigeus
1331 3805 1460 3862 uidemus
1485 3805 1580 3872 (subici
1595 3799 1673 3866 uligt⁰⁸

276 3874 420 3930 uideamus
437 3877 521 3946 libri),
545 3881 573 3930 et
591 3891 658 3930 eane
676 3878 722 3945 qui
741 3893 802 3932 oum
821 3877 914 3947 gladio
932 3877 1060 3947 abigunt,
1085 3893 1140 3932 nou
1164 3879 1256 3948 inique
1275 3878 1371 3946 (iniqui
1391 3879 1466 3945 Ber.)
1490 3877 1541 3933 buo
1558 3859 1673 3948 pounass·

276 3943 405 4000 ficiuntur
424 3947 487 4001 0011.
575 3949 587 3982 ⁰
606 3950 697 4002 autem
723 3956 770 4004 ius.
787 3949 825 4001 D.
844 3952 942 4022 iprm.
1032 3951 1055 3985 ¹⁰
1068 3951 1128 4021 suit
1151 3951 1230 4018 quasi
1254 3950 1374 4005 uariator
1397 3953 1442 4022 (cs.
1461 3953 1512 4004 uot
1528 3950 1545 4003 l
1556 3943 1620 4020 pti
1631 3931 1673 3994 ss)

277 4016 298 4052 ¹¹
319 4031 354 4092 ⁰¹.
371 4017 489 4072 aduersa
507 4017 544 4070 D.
556 4019 572 4072 l.
584 4037 649 4090 pem.

1448 3327 1679 3348 -ι-ω--ῤ

278 4145 496 4217 lfrequentium
514 4151 576 4205 Coti.
589 4150 673 4216 (Ber.)
728 4151 969 4220 temporarium]
1023 4151 1078 4220 tus]
1096 4152 1188 4221 xpdrua
1206 4153 1254 4207 τῆς
1274 4129 1674 4222 intinctae(couluorosiuldS

280 4217 579 4290 commoriuntur
595 4220 705 4290 dantur]
718 4221 882 4278 damnantur
894 4223 970 4276 Uolt:
1025 4223 1059 4278 14
1075 4221 1177 4278 duetus
1198 4243 1246 4277 om.
1259 4225 1311 4278 F1:
1334 4221 1363 4278 ὲκ
1387 4225 1497 4282 tursius
1522 4225 1597 4278 τικώκ
1615 4215 1674 4270 liridi

268 4293 536 4416 irruitur
556 4290 970 4434 tirtuururu
1292 4271 1679 4432 ¹1¹

278 4431 378 4514 mentis
398 4402 578 4517 tiou'fflfull
593 4403 787 4503 quodadmodo
808 4437 869 4490 Coti.
884 4436 969 4502 (Ber.)
1023 4385 1428 4502 1u'b’0uesrulaoasstorurur
1454 4439 1489 4492 19
1498 4383 1572 4506 eges]
1582 4413 1676 4514 uobttf'·
1785 4507 1786 4510 Ἴ

277 4500 451 4571 dabrgendr]
471 4502 563 4571 abrger
583 4505 646 4559 Gall.
662 4506 666 4571 Ι
682 4510 812 4560 exeroent
829 4521 915 4575 equos
934 4506 968 4560 de
1022 4508 1057 4561 20
1075 4521 1175 4561 uouem
1190 4508 1225 4560 F¹
1275 4509 1309 4562 21
1323 4507 1440 4578 plenius]
1456 4510 1481 4562 1³
1488 4492 1676 4573 mmelirul·
1785 4517 1786 4572 ξ

278 4572 418 4696 {gregibus}
437 4579 597 4630 exereentes
615 4591 685 4646 quae
702 4576 804 4645 degere
821 4577 883 4632 (loll.
900 4581 905 4642 Ι
920 4593 969 4632 uo·
1023 4577 1217 4664 cootpdrspou
1245 4579 1334 4664 lenius
1360 4579 1592 4650 reponeretur«
1611 4573 1678 4630 affl

314 4643 363 4696 ab*
413 4644 654 4730 bobduoentesi'1
671 4649 675 4713 Ι
691 4662 790 4702 uouem
803 4648 836 4701 F¹
852 4649 857 4715 1
873 4662 959 4716 equos
1022 4667 1176 4718 npsorepmc
1214 4649 1411 4718 tuqurow
1448 4643 1679 4720 uepoenalpluu·

278 4713 970 4855 {irruetrrrlurterrsltluu.

277 4853 354 4910 ribus
368 4856 430 4910 Goll.
483 4857 715 4942 ypraestituerit]
732 4863 826 4930 presto
838 4861 891 4914 erit
907 4807 969 4915 ogit
1022 4805 1145 4916 maltjione
1171 4863 1209 4914 [θ’
1282 4863 1318 4918 30
1342 4878 1377 4918 ex
1398 4863 1497 4934 altera]
1519 4865 1559 4932 τῷ
1580 4861 1615 4916 'eui
1634 4851 1683 4922 1111

278 4925 531 4994 (Βεν.)11]οιιοειιοη
539 4928 656 4997 00111111
666 4929 893 5001 haepoenaOoll.(
900 4933 970 4994 Ber.)
1025 4932 1071 4986 BS
1084 4932 1177 5000 (Dor.)
1785 4951 1786 4960 ¹

279 4997 313 5052 10
325 4997 414 5053 ordini
427 5000 462 5052 F¹
508 5001 542 5056 11
555 5002 652 5056 uestiis
661 5003 686 5054 F
727 5005 761 5058 13
773 5003 848 5056 eolor
858 5001 970 5072 abigea·

1613 5312 1704 5370 ,33¹3
1755 5303 1786 5444 ΙΙ

1460 5390 1472 5406 'x
1566 5389 1619 5420 ¹¹
