3584 5454
269 276 432 346 xxxxv]
452 279 474 342 4
495 284 529 338 18
548 312 581 324 -
600 276 657 342 51
938 271 1026 352 724
1334 294 1380 342 ou
1403 293 1704 344 summariorum

269 435 332 490 tulis
349 435 474 506 exposita
492 439 547 490 est:
566 433 711 504 ‘Quidquid
728 437 756 488 te
775 431 840 488 mihi
858 447 893 488 ex
910 445 1083 502 quacumque
1104 446 1189 488 eansa
1206 431 1272 486 dare
1289 429 1379 487 iaoere
1398 437 1511 503 oportet
1529 427 1704 517 Q

270 523 414 594 'oportebit
430 537 560 594 praeseus
578 523 605 578 in
623 523 745 593 diomue,
769 535 938 592 quarumque
955 536 1044 577 rerum
1064 519 1129 577 mihi
1146 525 1237 577 teonm
1262 521 1335 576 aetio
1358 536 1485 592 quaeque
1504 523 1642 578 aduersus
1659 525 1703 576 te¹

270 611 372 683 ‘petitio
396 613 439 668 uel
463 612 595 668 aduersus
618 617 646 666 te
669 612 823 682 persecutio
847 615 891 666 est
913 611 1013 682 eritne,
1038 609 1165 681 quodue’
1182 615 1213 664 tu
1232 624 1322 664 meum
1341 609 1426 666 habos
1445 615 1525 666 tenes
1543 611 1704 682 possidee³:

270 699 370 772 'quanti
389 715 513 771 quaeque
530 715 624 756 earum
642 716 732 756 rerum
747 715 792 756 res
810 701 869 771 erit,
890 705 994 756 tanum
1012 700 1156 769 pecuniam
1174 699 1234 754 dari
1251 699 1396 770 stipulatus
1414 707 1458 754 est
1471 698 1563 755 Anius
1574 701 1704 770 Agerim,

269 788 424 860 ‘spopondit
441 789 586 844 Numerius
603 789 752 859 Negidius'.
778 789 877 860 ‘'quod
891 789 1036 846 Numerius
1050 788 1183 858 Negidius
1195 788 1268 844 Aulo
1280 789 1381 860 Agerio
1399 789 1526 859 promisit
1544 789 1703 861 spopondit,
1721 803 1734 843 s

270 877 306 933 'id
323 878 471 934 haberetne
490 895 507 932 a
525 893 555 933 se
574 883 725 949 aooeptum,
747 877 891 935 Numerius
909 877 1041 949 Negidius
1059 875 1161 933 Aulum
1179 877 1311 948 Agerium
1329 877 1452 949 rogauit,
1472 877 1564 934 Aulus
1582 879 1705 948 Agerius

270 966 405 1024 Numerio
423 967 539 1038 Negidio
558 973 699 1038 aoooptum
718 965 799 1022 ieoit'.

214 1055 251 1114 19
321 1055 471 1113 Uermuus
494 1055 563 1112 libro
586 1055 707 1112 seeundo
730 1056 894 1126 regularum.
930 1054 960 1112 si
983 1061 1097 1127 aooepto
1121 1056 1205 1112 latum
1228 1054 1311 1112 inerit
1334 1056 1372 1127 ei,
1397 1056 1444 1126 qui
1466 1071 1522 1112 non
1541 1049 1704 1140 Q
1721 1064 1758 1140 ss

268 1144 369 1216 uerbis,
387 1145 437 1201 sed
455 1161 484 1200 re
502 1144 639 1216 obligatus
657 1149 708 1214 est,
727 1159 781 1200 non
798 1145 928 1202 liberatur
945 1145 1064 1216 quidem,
1083 1145 1132 1201 sed
1150 1146 1311 1216 exeeptione
1329 1145 1384 1202 doli
1402 1146 1467 1201 mali
1484 1146 1529 1201 nel
1542 1145 1620 1216 panti
1638 1161 1703 1201 eou-

237 1243 249 1288 1
270 1236 344 1291 uenti
362 1249 392 1290 se
410 1234 480 1289 tueri
497 1239 598 1304 potest.
633 1233 708 1288 Inter
725 1234 959 1304 soouptllationem
983 1240 1011 1291 et
1029 1233 1161 1306 apoohum
1179 1235 1376 1305 intimarent,
1401 1234 1476 1305 quod
1494 1249 1540 1290 ao-
1560 1229 1704 1319 Q
1722 1249 1748 1289 m

269 1325 442 1394 oeptilatione
460 1325 534 1380 omni
553 1323 634 1379 modo
651 1321 776 1378 liberatio
795 1323 940 1394 contingit,
958 1324 1023 1380 lieet
1040 1325 1156 1396 peounia
1173 1325 1263 1380 soluta
1281 1339 1336 1380 non
1354 1324 1402 1395 sit,
1421 1323 1529 1396 apoeha
1547 1339 1605 1380 non
1623 1325 1702 1396 alias,

268 1429 350 1486 quam
369 1415 392 1470 si
409 1414 526 1485 peonnia
543 1413 634 1468 soluta
651 1412 695 1468 eit.
1047 1415 1052 1424 '
1448 1409 1451 1416 ⁴

211 1497 251 1556 20
320 1503 397 1558 loun
415 1502 483 1558 libro
500 1501 723 1572 septuagensimo
741 1500 857 1571 septimo
875 1499 912 1556 ad
930 1499 1059 1558 edietum.
1087 1500 1115 1557 Si
1128 1507 1241 1571 aoeepto
1253 1499 1335 1557 fuerit
1346 1502 1402 1557 lata
1413 1501 1449 1558 ob
1461 1517 1519 1557 rem
1539 1497 1744 1587 [ῑιῖιζιζῇε

268 1591 414 1648 iudioatam
434 1591 568 1660 olausula,
589 1590 732 1645 Naroellus
750 1590 789 1646 ait
806 1595 911 1646 ceteras
928 1594 1021 1660 partes
1038 1591 1223 1663 stipulationis
1240 1591 1398 1648 euanuisse:
1421 1596 1536 1663 propter
1554 1579 1701 1648 Ιῖοιῖιίἶιῐ

267 1685 374 1737 tantum
393 1681 608 1751 interponuntur,
627 1684 659 1734 ut
676 1695 720 1735 res
738 1679 851 1735 iudieari
869 1681 964 1750 possit
1718 1697 1744 1737 ιι

211 1765 248 1822 21
320 1767 492 1826 Uennenses
508 1768 577 1824 libro
595 1767 739 1824 undecimo
757 1769 971 1840 stipulationum.
1008 1767 1037 1826 Si
1055 1768 1106 1824 snb
1130 1768 1289 1826 oondioiono
1311 1769 1433 1840 legatum
1452 1768 1519 1824 mulii
1539 1764 1742 1853 [ΜΡ

193 1855 196 1861 ’
268 1858 363 1914 datum
385 1858 505 1922 nouandi
528 1873 612 1914 eausa
634 1858 779 1929 stipulatus
802 1875 862 1914 sum
890 1865 917 1914 et
939 1863 1003 1914 ante
1026 1859 1188 1916 existentem
1211 1858 1398 1914 oondioionem
1425 1865 1574 1936 aooeptupn
1598 1857 1699 1931 seuero,

267 1946 359 2004 Nerua
376 1946 447 2002 iilius
466 1947 516 2018 ait,
541 1947 648 2002 etiamsi
666 1947 789 2004 oondioio
807 1947 941 2018 extiterit,
963 1961 1052 2019 neque
1074 1963 1109 2004 ex
1131 1952 1297 2004 testamento
1321 1948 1532 2018 competitorum
1551 1949 1698 2019 notionem,

267 2038 332 2107 quia
349 2037 460 2093 nonatio
478 2035 552 2092 iaetu
570 2037 614 2106 sit,
631 2051 720 2108 neque
738 2052 773 2092 ex
790 2037 930 2108 stipulatu,
949 2052 1020 2107 qnae
1038 2037 1242 2108 aooeptilatione
1259 2037 1349 2094 solnta
1366 2038 1412 2093 sit.
1716 2055 1741 2096 ns

211 2121 249 2180 22
320 2125 413 2183 Gerus
434 2125 503 2182 libro
525 2127 606 2182 tertio
628 2125 663 2182 de
685 2125 830 2182 uerborum
853 2125 1073 2198 obligationibus.
1116 2124 1217 2182 Seruus
1241 2141 1293 2182 nso
1316 2127 1394 2182 iussu
1416 2125 1521 2183 domini
1539 2121 1699 2213 Q
1714 2139 1739 2193 p

267 2222 409 2287 aooeptum
427 2214 518 2272 fauore
536 2219 637 2286 potest.

210 2299 249 2358 23
320 2305 420 2360 Lauso
437 2303 506 2361 libro
524 2305 619 2376 quinto
636 2303 767 2374 pithanon
789 2319 806 2359 a
822 2303 908 2360 Panlo
926 2303 1143 2374 epitomatomm.
1179 2301 1209 2360 Si
1228 2317 1280 2374 ego
1302 2301 1353 2360 tibi
1371 2309 1517 2374 aooeptum
1538 2299 1735 2390 Qu

266 2391 327 2465 feei,
345 2393 428 2450 nihilo
446 2395 534 2464 magis
552 2409 604 2464 ego
622 2409 640 2448 a
657 2399 686 2448 te
703 2393 834 2448 liberatus
852 2408 921 2448 sum.
956 2393 1088 2449 Pennus:
1112 2393 1196 2448 immo
1214 2407 1277 2448 oum
1295 2393 1394 2449 looatio
1412 2393 1577 2466 eunduotio,
1596 2398 1696 2468 emptio

265 2483 388 2539 penditio
405 2483 586 2538 oonuentione
607 2481 682 2538 faeta
705 2487 748 2538 eat
771 2487 800 2538 et
822 2481 942 2537 nondum
966 2497 1010 2537 ros
1028 2482 1194 2552 intercessit,
1218 2483 1354 2552 utrimque
1378 2497 1429 2554 per
1450 2485 1695 2557 aooepulationem,

265 2573 376 2628 mmetsl
393 2572 428 2628 ab
446 2572 576 2628 alterutra
593 2575 671 2642 parte
689 2570 833 2628 dumtaxat
849 2571 1012 2642 interoessit,
1029 2570 1179 2627 liberantur
1196 2569 1372 2642 obligatione.
1710 2589 1735 2631 ss

994 2791 1002 2810 ,
1617 2763 1618 2766 ¹
1707 2748 1768 2800 nus

495 2862 533 2940 R
571 2861 634 2938 DE
664 2725 1078 2940 STlBULATIONgBUS
1106 2859 1385 2940 PRAETORIIS
1425 2861 1465 2941 lt
1706 2879 1778 2940 ersi

231 3014 246 3070 l
319 3015 468 3073 nmmos
486 3017 554 3074 libro
572 3020 793 3090 septuagensimo
811 3017 847 3074 ad
864 3017 994 3075 edietum.
1029 3019 1230 3076 Praeturiarum
1252 3017 1460 3088 stipulationum
1485 3023 1544 3075 tres
1569 3017 1726 3076 uidenturil

235 3114 247 3156 1
265 3119 327 3162 esse
346 3107 460 3177 speeies,
478 3107 618 3164 iudiciales
636 3109 803 3165 oautionalea
822 3123 989 3165 communes.
1024 3107 1169 3164 ludieiales
1186 3122 1234 3163 eas
1251 3107 1381 3176 dicium,
1405 3121 1478 3176 quse
1495 3113 1611 3180 propter
1627 3109 1689 3164 iudi·

233 3195 337 3250 toinm
355 3196 563 3266 interponuntur
581 3202 612 3252 nt
629 3203 717 3253 ratum
736 3197 792 3270 liat,
812 3203 843 3254 nt
859 3197 1008 3254 iudioatnm
1028 3197 1097 3252 solui
1115 3201 1196 3253 etex
1214 3196 1304 3266 operis
1322 3194 1388 3250 noui
1405 3197 1591 3255 nuntiatione.
1626 3199 1689 3255 cm-
1704 3205 1727 3246 ³⁰

265 3284 380 3338 tionalee
398 3289 462 3340 eunt
480 3289 585 3357 autem,
603 3301 674 3356 quae
691 3287 777 3342 instar
795 3287 910 3344 aetionis
928 3285 1030 3342 babent
1046 3290 1139 3364 ot,'ut
1155 3287 1192 3342 sit
1209 3301 1282 3342 noua
1298 3285 1385 3356 aetio,
1403 3286 1595 3359 intereednnt,
1613 3293 1644 3344 ut
1658 3287 1690 3343 de

233 3373 362 3442 elegatis
379 3373 569 3444 stipulationes
592 3381 621 3430 et
644 3375 678 3431 de
697 3377 783 3432 tutela
805 3383 834 3432 et
856 3380 943 3432 ratam
961 3391 1018 3432 rem
1038 3375 1131 3432 haberi
1149 3380 1177 3430 et
1195 3373 1288 3430 damrd
1306 3372 1408 3430 iuieeti.
1445 3375 1616 3434 Communes
1632 3381 1690 3434 snut

232 3462 467 3533 tstipulationes,
491 3479 561 3533 quae
579 3462 648 3520 fiunt
665 3465 766 3522 iudioio
784 3465 898 3522 sistendi
917 3481 1008 3521 eausa.
1044 3465 1081 3520 Et
1098 3464 1238 3521 soiendnm
1262 3468 1306 3519 est
1323 3479 1419 3520 omnes
1438 3466 1631 3536 stipulationes
1648 3483 1690 3522 nn

264 3555 327 3606 tura
344 3552 386 3606 sni
404 3553 572 3608 sautionnles
590 3567 665 3610 esse:
689 3553 741 3610 hoo
758 3556 829 3611 enim
848 3556 939 3626 egitur
957 3555 984 3610 in
1001 3553 1235 3626 stipulationibus,
1259 3557 1291 3610 ut
1307 3553 1369 3624 quis
1386 3555 1495 3610 oautior
1513 3556 1553 3612 sit
1575 3563 1603 3613 et
1619 3571 1689 3612 souu-

233 3641 319 3696 trior
340 3641 500 3710 interposite
522 3643 704 3714 stipulatione.
746 3643 956 3716 stipulationum
979 3644 1092 3699 istarum
1115 3644 1310 3716 praetoriarum
1339 3643 1477 3713 quaedam
1501 3652 1583 3716 sunt,
1609 3647 1689 3718 qnasi
1704 3651 1728 3693 ³⁵

265 3730 471 3787 satisdationem
489 3732 611 3802 exigunt,
629 3733 763 3803 quaedam
783 3733 883 3788 nudam
901 3733 1151 3804 repromissionem:
1170 3731 1220 3788 sed
1237 3747 1391 3803 perpauoae
1409 3737 1484 3799 sunt,
1503 3750 1578 3805 qnae
1596 3736 1689 3792 nudam

265 3821 471 3890 promissionem
488 3821 603 3892 liabent,
627 3820 726 3892 quibus
749 3823 915 3878 enumeratis
938 3821 1081 3894 apparebit
1104 3826 1209 3877 eeteros
1227 3836 1282 3878 nou
1300 3837 1361 3878 esse
1379 3823 1623 3896 repromissiones,
1646 3823 1691 3880 sed

233 3915 248 3961 t
265 3908 465 3966 satisdationes.
495 3909 640 3980 stipulatio
657 3912 750 3982 itaque
768 3927 803 3968 ex
814 3913 904 3982 operis
922 3911 987 3967 noui
1005 3912 1174 3967 nuntiatione
1192 3912 1261 3967 alias
1279 3911 1497 3983 satisdationem,
1517 3915 1589 3970 alias
1605 3929 1690 3985 repro

265 3997 421 4054 missionem
439 3997 530 4055 habet.
558 4015 593 4056 ex
610 4016 666 4072 qua
683 4002 773 4072 operis
791 4001 856 4058 noui
873 4001 1042 4057 nuntiatione
1060 4001 1187 4057 satisdari
1202 4005 1334 4072 oporteat.
1363 4003 1599 4072 quemadmodum
1617 4005 1691 4060 satis

265 4085 371 4142 dature
397 4103 515 4159 namque
533 4088 567 4145 de
586 4105 619 4147 eo
637 4103 733 4162 opere,
752 4089 826 4162 quod
844 4090 872 4147 in
889 4090 996 4162 pduato
1015 4089 1117 4147 laetum
1136 4091 1195 4162 erit,
1213 4089 1357 4147 eumundo
1376 4097 1434 4148 est:
1453 4091 1490 4148 de
1508 4107 1558 4165 eo,
1577 4094 1649 4166 qnod
1666 4091 1692 4149 in
1707 4097 1731 4140 tt

264 4191 457 4266 rmrnoo)
524 4263 527 4270 .

266 4347 274 4380 ¹
294 4345 427 4402 aduersus
444 4347 483 4418 te]
502 4346 552 4403 abs
570 4351 598 4403 te
616 4348 722 4415 (insili
809 4348 966 4419 ’quodque
984 4347 1090 4414 (leutii
1173 4348 1185 4384 ⁸
1202 4348 1396 4418 possideresuo
1414 4351 1476 4417 (aer.
1493 4352 1692 4422 possederame

265 4423 289 4470 et
305 4425 391 4489 cupito
409 4419 440 4472 de
458 4421 590 4475 tundente
607 4421 704 4484 utrubi)
722 4418 821 4474 dolone
839 4421 911 4476 malo
929 4419 1019 4476 iecisti
1036 4419 1193 4490 quominus
1205 4420 1348 4490 possideas
1368 4429 1415 4477 ιιι.
1429 4421 1494 4478 Iam
1567 4427 1580 4461 ⁴
1597 4423 1692 4480 deinde

264 4488 306 4544 sio
323 4493 436 4546 sanetur
451 4493 578 4545 simultane
596 4499 643 4546 sna.
713 4492 808 4546 ‘sunt
824 4506 895 4562 quae
912 4493 960 4548 det
1030 4493 1095 4548 ‘ex
1112 4506 1167 4562 que
1183 4491 1274 4562 operis
1291 4492 1357 4548 noui
1375 4495 1552 4553 nmtiadone
1569 4496 1692 4554 muman

265 4564 390 4629 oporteat
407 4560 637 4632 quemadmodum
654 4560 804 4618 satisdetnr
821 4563 868 4619 del.
1495 4615 1496 4618 ,

264 4708 374 4777 iquod
395 4709 533 4766 numerius
555 4711 681 4781 numnius
698 4731 746 4774 om.
760 4713 795 4766 F¹
856 4711 949 4770 iiius·
1002 4729 1065 4770 nem
1073 4713 1121 4782 1¹⁴⁵)
1129 4714 1179 4770 aed
1191 4729 1345 4786 perpauoae
1358 4713 1431 4773 sunt*
1441 4733 1513 4790 qnae
1523 4720 1624 4778 nudam
1634 4735 1691 4794 pro·

264 4780 317 4834 rit⁴
330 4781 367 4834 Ρ
420 4781 629 4838 θιίιιιιίιιιιι
647 4783 683 4836 F’
737 4785 771 4839 10
788 4783 828 4854 se]
847 4785 897 4840 sed
913 4785 950 4838 F·
1003 4786 1158 4842 missionem
1169 4788 1206 4840 Ρ
1253 4789 1287 4842 37
1300 4792 1489 4846 *enumeratis
1504 4793 1539 4845 F‘
1587 4793 1622 4848 39
1638 4801 1691 4848 ιιι

265 4851 299 4906 19
317 4853 554 4922 acceptilationis*
593 4855 629 4909 24
644 4855 788 4925 utrimque]
802 4857 846 4921 Ρ,
864 4857 949 4912 utrin·
1002 4873 1037 4914 ex
1055 4873 1110 4928 qua
1123 4869 1169 4913 tna.
1186 4858 1330 4915 uideamus
1351 4860 1396 4926 1⁷⁸,
1413 4861 1562 4920 uideamus
1580 4865 1691 4934 arguti

283 4937 317 4976 ne
336 4919 381 4976 pn
436 4925 472 4980 32
489 4925 762 4995 legatistipulationes
780 4927 806 4980 F
846 4927 882 4984 36
900 4943 948 4982 nu·
1002 4937 1060 4984 ante
1077 4943 1194 4999 namque
1213 4939 1260 4986 tna.
1278 4931 1423 4988 uideamus
1443 4935 1477 5000 O,
1500 4945 1562 4991 onte
1576 4949 1690 5006 nmque

261 4937 632 5142 {ggnaffiprgrmffiffiffirgged
638 4997 949 5140 perpauossggpgffia:
1002 5008 1049 5055 tna.
1061 5001 1209 5127 nideXndum
1223 5007 1266 5058 est
1278 5003 1322 5057 M:
1341 5003 1488 5064 uideamus
1505 5007 1633 5078 sluiliootl
1648 5027 1690 5064 es·

631 5089 668 5124 esc
717 5079 736 5136 ⁰,
869 5103 870 5106 =
996 5089 1051 5144 pra
1067 5093 1094 5128 ιι.
