3616 5468
54 125 138 174 nar.
164 125 261 174 oneo
282 126 421 176 arnano
754 103 837 188 123
1224 108 1359 176 XXXIII
1379 111 1399 176 6
1417 114 1515 172 8-15

47 265 83 320 ai
105 265 141 320 id
164 265 266 320 uinum
285 265 421 322 effundet:
438 265 489 322 sed
506 267 669 336 legatarium
686 270 827 338 petentem
844 267 938 324 ninum
957 267 993 324 ab
1010 267 1110 324 herede
1128 267 1183 324 doli
1201 267 1264 324 mali
1281 267 1441 338 exceptione
1458 266 1514 336 pla·

43 355 123 410 urit
144 355 332 424 ammoneri,
351 355 376 409 si
393 371 448 410 non
465 361 587 426 praestet
604 356 642 427 id,
660 356 862 427 quodpropter
881 373 983 414 moram
1002 357 1061 414 eius
1079 357 1208 414 damnum
1227 373 1326 427 passus
1344 357 1381 414 ait
1397 355 1485 411 heres.

116 443 288 500 nunnus
305 443 375 500 libro
392 445 523 500 uicesimo
541 446 623 502 tertio
641 445 676 500 ad
695 444 835 500 Sabinum.
871 445 901 502 Si
919 447 980 516 quis
998 447 1091 502 uinum
1110 447 1256 517 legauerit,
1280 459 1360 502 omne
1378 439 1515 530 [Q
1548 453 1570 508 s

37 535 248 602 continetur,
265 533 340 603 qued
358 549 394 589 ex
412 535 494 590 :tinea
511 539 605 590 natum
624 535 718 590 ninum
737 536 896 604 permansit.
924 535 973 592 aed
991 536 1015 592 ai
1033 537 1148 592 mulium
1167 536 1203 592 sit
1219 534 1330 604 laetum,
1348 535 1404 590 uini
1423 534 1514 604 appel·

34 623 175 680 lntione
195 637 256 678 non
275 622 458 678 continebitur
470 625 586 694 proprie,
605 624 658 680 nisi
675 621 744 680 iorte
756 629 835 694 pater
847 623 963 680 familias
975 625 1058 680 etiam
1077 625 1111 680 de
1123 625 1175 682 hoc
1188 625 1282 680 aenait.
1308 629 1382 680 certe
1394 621 1515 694 zythum,
1534 636 1547 678 n

33 713 141 782 quod
164 713 198 768 in
220 711 387 782 quibusdam
405 714 552 782 prouinciis
571 729 605 768 ex
623 713 714 768 tritico
732 713 776 768 nel
793 728 828 768 ex
846 711 949 770 hordeo
967 714 1012 770 uel
1029 729 1064 770 er
1082 719 1166 785 panel
1186 712 1340 782 coniicitur,
1359 727 1413 768 non
1431 711 1515 768 conti

33 802 198 859 uenient:
221 802 305 858 aimili
323 801 405 857 modo
422 815 473 860 nec
490 817 599 858 canum
617 817 668 858 nec
686 802 810 858 cenreeia
827 801 1010 858 continebitur
1027 817 1078 858 nec
1095 803 1254 876 hydromeli.
1281 803 1346 873 quid
1358 800 1516 858 conditum?

29 908 106 948 nec
129 892 198 946 hoc
220 896 299 961 puto,
317 891 370 945 nisi
388 891 441 946 alia
459 907 536 947 mene
554 892 681 946 testantia
699 889 758 946 fuit.
785 892 919 946 oenomeli
937 892 1017 962 plane
1035 891 1064 947 id
1082 897 1125 948 est
1143 893 1328 948 dulcissimum
1341 892 1433 948 uiuum
1453 906 1516 946 con·

28 981 223 1038 timebitur:
254 985 283 1034 et
305 995 430 1050 parsum,
452 981 505 1035 nisi
527 981 664 1036 contraria
685 980 721 1035 ait
745 995 836 1050 menn,
864 980 1060 1036 continebitur:
1088 979 1225 1037 defrutum
1249 997 1303 1036 non
1326 979 1518 1050 continebitur,

26 1071 135 1143 qnod
166 1069 273 1140 potine
296 1069 455 1124 conditurae
478 1070 538 1126 loco
560 1068 637 1126 ursa
663 1069 837 1126 acinaticium
860 1069 941 1140 plane
964 1071 1029 1126 uino
1052 1070 1242 1126 continebitur.
1269 1070 1424 1142 cydoneam
1448 1073 1476 1123 et
1493 1069 1517 1123 ai
1537 1085 1565 1125 ru

25 1177 110 1232 qna
133 1159 203 1214 alia
226 1160 301 1226 sunt,
320 1171 391 1227 quae
408 1173 463 1212 nen
481 1173 516 1213 ex
534 1159 616 1213 uinea
632 1157 714 1228 liunt,
732 1159 790 1213 uini
808 1159 989 1229 appellatione
1007 1173 1062 1215 non
1080 1159 1298 1215 continebuntur.
1324 1159 1390 1214 item
1409 1163 1517 1214 acetum

26 1251 110 1306 uini
144 1247 349 1318 appellatione
372 1261 425 1302 non
448 1247 641 1304 continebitur.
668 1247 736 1304 haec
758 1248 851 1304 omnia
873 1248 913 1304 ita
934 1247 1044 1306 demum
1063 1249 1120 1305 nini
1138 1249 1246 1304 nomine
1264 1264 1319 1306 non
1336 1248 1517 1318 continentur,

25 1339 67 1396 ni
90 1337 201 1394 modo
224 1336 285 1390 irini
303 1350 416 1390 numero
434 1351 451 1391 a
469 1341 601 1392 testatore
619 1351 675 1392 non
692 1341 757 1392 arant
774 1335 881 1392 habita:
900 1337 1020 1407 alioquin
1038 1337 1156 1394 Sabinus
1174 1337 1269 1394 scribit
1285 1337 1378 1394 onnia
1395 1336 1451 1400 uini
1470 1351 1517 1406 ap

24 1427 228 1502 peliatione
248 1425 395 1493 contineri,
418 1439 488 1494 quae
507 1425 564 1480 nini
582 1440 694 1481 nrrmero
712 1429 791 1496 pater
809 1423 925 1482 familiae
943 1426 1051 1482 hebuit:
1076 1427 1160 1496 igitur
1177 1431 1207 1482 et
1224 1431 1346 1496 metum
1370 1426 1443 1496 quod
1461 1427 1518 1482 uini

24 1531 187 1576 numero
210 1522 296 1585 pater
313 1511 430 1568 familias
447 1513 552 1582 hebuit,
570 1519 599 1570 et
617 1513 729 1586 zythum
747 1519 776 1570 ct
794 1529 902 1570 camum
920 1519 949 1570 et
961 1521 1060 1586 cetera,
1078 1531 1150 1585 qnae
1161 1531 1211 1587 pro
1223 1515 1361 1573 hominnm
1373 1515 1518 1572 eductione
1535 1530 1565 1570 ra

26 1615 148 1678 arque
177 1621 243 1661 nau
269 1602 326 1658 uiui
350 1617 463 1658 numero
487 1601 668 1660 habebuntur.
696 1603 770 1674 quod
794 1604 818 1660 si
839 1604 1054 1674 tutaminum,
1078 1604 1153 1673 quod
1176 1610 1254 1675 pater
1275 1603 1391 1660 familias
1414 1603 1517 1676 habuit,

27 1697 190 1764 coacuit,
213 1709 275 1750 non
293 1692 476 1760 exstinguitur
491 1693 623 1761 legatum.
659 1691 689 1747 Si
706 1697 815 1748 acetum
834 1693 896 1763 qnia
912 1693 1055 1762 legauerit,
1074 1709 1128 1750 non
1146 1693 1330 1750 continebitur
1347 1694 1439 1763 legato
1457 1707 1517 1750 ace-

29 1796 113 1846 tum
140 1781 233 1855 quod
253 1782 312 1838 uini
329 1796 441 1836 numero
459 1785 576 1837 testator
593 1780 701 1836 hebuit:
725 1781 881 1838 embamma
904 1786 996 1838 autern
1015 1781 1210 1852 continebitur,
1234 1783 1299 1852 quia
1316 1782 1388 1838 aceti
1404 1797 1517 1838 numero

30 1879 118 1937 fuit.
167 1875 250 1928 Item
269 1871 295 1926 ai
311 1871 373 1940 qrrie
390 1871 484 1926 uinum
503 1869 577 1940 qnod
595 1869 691 1926 habuit
707 1871 825 1940 legauit,
848 1871 947 1926 dunde
971 1871 1023 1928 hoe
1046 1872 1166 1941 coacuit,
1189 1872 1254 1928 licet
1276 1877 1374 1942 postea
1396 1872 1425 1926 in
1447 1872 1519 1926 aceti

31 1971 159 2026 locum
181 1961 355 2018 translatum
374 1961 410 2016 ait
427 1975 445 2015 a
462 1965 541 2030 patre
559 1957 689 2030 iamilias,
713 1961 778 2016 uino
801 1961 894 2030 legato
913 1959 1107 2030 continebitur,
1126 1961 1192 2029 quia
1208 1960 1251 2031 id,
1269 1960 1343 2030 quod
1360 1961 1519 2018 tenimenti
1537 1975 1565 2016 ac

36 2057 127 2116 raeti
151 2059 292 2120 tempore
311 2050 404 2106 uinum
423 2049 483 2119 luit,
501 2049 717 2106 demonstratum
736 2056 791 2104 est:
815 2053 844 2106 et
867 2053 910 2106 eat
932 2049 984 2106 hoc
1003 2065 1112 2119 nerum,
1135 2050 1188 2106 nisi
1204 2050 1332 2106 noluntas
1349 2049 1518 2108 aduersatus.

39 2146 134 2204 [Iino
159 2147 267 2198 autem
287 2145 402 2209 paterno
419 2140 512 2209 legato
529 2139 558 2194 id
576 2139 686 2194 demum
705 2140 827 2209 legatum
846 2138 968 2208 uidetur,
987 2139 1061 2208 quod
1078 2143 1193 2196 tesmtor
1210 2139 1268 2196 nini
1285 2153 1398 2196 numero
1415 2138 1518 2209 habuit,

43 2251 116 2294 non
138 2230 229 2302 quod
249 2233 337 2299 pater.
363 2229 429 2284 item
448 2229 471 2283 si
489 2229 628 2298 peculiare
646 2230 739 2284 uinum
757 2230 877 2298 legatum
896 2228 945 2298 sit,
968 2227 998 2284 id
1016 2227 1211 2298 continebitur,
1233 2227 1308 2298 quod
1326 2229 1399 2284 serui
1416 2227 1518 2284 habuc

47 2329 138 2383 runt
174 2335 232 2375 cur
251 2323 308 2374 tam
326 2317 457 2372 dinume?
479 2318 554 2388 quud
577 2324 722 2388 paternum
745 2318 839 2394 uinum
863 2318 917 2372 iam
937 2318 1027 2387 coepit
1044 2332 1111 2372 usus
1128 2317 1215 2386 ipsius
1233 2317 1374 2376 testatoris
1391 2331 1465 2387 esse,
1489 2321 1519 2373 at

15 2429 33 2471 a
51 2411 220 2485 peculiare
240 2409 270 2464 in
288 2423 340 2462 usn
359 2421 499 2464 seruorum
518 2408 657 2462 remandi.
694 2407 762 2462 Item
780 2407 804 2466 si
822 2406 917 2462 :dnum
934 2411 1016 2462 uatus
1034 2407 1070 2462 sit
1087 2406 1217 2475 legatum,
1537 2422 1566 2464 as

15 2503 38 2560 ὓ
118 2501 397 2556 Hmounursnns
419 2495 488 2552 libro
513 2497 634 2552 secundo
658 2496 724 2551 iuris
748 2496 937 2566 epitomarum.
973 2510 1008 2550 ex
1025 2511 1078 2552 neu
1095 2494 1235 2550 testatoris
1252 2493 1375 2564 legatum
1393 2493 1518 2550 aesdma·
1538 2497 1579 2550 'P

60 2590 157 2659 bitur,
180 2587 212 2642 id
233 2589 279 2641 est
296 2591 363 2655 quot
381 2601 513 2642 annorum
532 2587 597 2642 uino
614 2601 664 2656 pro
683 2592 776 2642 uetere
795 2585 932 2640 utebatur.
962 2585 1036 2654 quod
1054 2585 1078 2640 si
1095 2599 1151 2640 non
1168 2588 1307 2654 appareat,
1536 2599 1550 2630 s

15 2677 45 2732 li
122 2678 290 2734 unannus
307 2674 376 2731 libro
394 2676 524 2732 uicesimo
541 2676 623 2732 tertio
642 2675 677 2731 ad
691 2673 831 2738 Sabinum.
862 2678 944 2730 uetus
962 2675 1118 2745 accipietur,
1136 2673 1213 2742 quod
1229 2687 1284 2728 non
1301 2676 1345 2728 est
1358 2686 1473 2728 nouum:
1491 2671 1520 2728 id
1552 2675 1574 2730 S

66 2774 114 2824 tat
134 2773 169 2822 et
188 2765 257 2820 anni
275 2765 372 2834 prioris
391 2765 483 2820 uinum
502 2765 684 2836 appellatione
703 2763 805 2820 ueteris
823 2763 1018 2820 continebitur:
1538 2779 1567 2820 aa

22 2849 53 2906 li
124 2858 258 2913 Pactus
275 2853 345 2910 libro
362 2859 460 2924 quarto
478 2853 667 2912 adSabinum.
698 2867 762 2910 nam
780 2853 859 2910 aliter
876 2852 1085 2910 obseruantibus
1103 2852 1165 2922 quis
1182 2849 1244 2907 linis
1262 2854 1311 2906 aut
1327 2849 1519 2920 qnodinitinm
1552 2855 1574 2909 S

71 2947 184 3002 ueteris
202 2943 263 2999 nini
282 2943 452 2998 sumeretur?

32 3025 57 3082 13
128 3034 291 3091 Uarianos
308 3032 378 3088 libro
395 3033 527 3090 uicedmo
543 3033 625 3088 tertio
644 3031 832 3088 adSabinum.
861 3031 911 3088 'Ex
929 3047 962 3088 eo
979 3032 1043 3088 nino
1061 3031 1135 3102 qnod
1153 3032 1181 3088 in
1199 3030 1244 3086 illo
1262 3027 1347 3086 iundc
1379 3021 1522 3109 Buff-1⁸9
1554 3042 1575 3097 3

74 3119 232 3190 'nanctum
250 3122 330 3178 heres
348 3137 426 3178 mena
442 3121 587 3193 amphoras
605 3122 700 3178 decem
719 3121 865 3192 quotannis
882 3121 911 3177 in
928 3135 1015 3180 annos
1033 3121 1155 3191 singurlos
1166 3117 1248 3176 datc'.
1276 3132 1330 3188 quo
1343 3132 1415 3173 anno
1427 3122 1521 3180 natum

72 3226 134 3270 non
155 3212 270 3280 tainu,
295 3226 332 3266 ex
353 3211 492 3280 superiore
516 3227 588 3266 anno
610 3212 669 3266 eius
693 3209 771 3266 fundi
796 3227 859 3266 enm
878 3225 1020 3266 numerum
1038 3210 1228 3281 amphorarum
1247 3207 1376 3264 heredem
1394 3205 1521 3264 daturum

72 3297 204 3359 Sabinum
223 3301 371 3356 existimat.
399 3315 470 3369 quae
488 3301 632 3370 sententia,
650 3301 674 3356 si
691 3301 821 3356 uoluntas
838 3315 893 3356 non
911 3299 1080 3369 adnectetur,
1099 3299 1164 3356 mihi
1181 3313 1290 3370 quoque
1307 3296 1407 3367 placet
1540 3317 1569 3359 as

33 3379 56 3439 14
133 3393 313 3448 Porrrourus
331 3389 400 3445 libro
419 3395 498 3446 serto
516 3389 552 3444 ad
570 3387 711 3446 Sabinum.
748 3389 818 3446 Uino
836 3391 928 3460 legato
946 3404 980 3444 ea
996 3389 1124 3446 demum⁸
1142 3405 1211 3444 uasa
1228 3403 1345 3458 sequun·
1365 3387 1522 3476 [UH
1554 3399 1594 3473 ss

70 3481 134 3551 tur,
153 3495 229 3551 quae
248 3479 288 3534 ita
305 3477 406 3534 diffusa
423 3481 494 3548 sunt,
513 3483 544 3534 ut
562 3494 617 3534 non
635 3478 671 3534 ad
689 3483 851 3549 perpetuum
870 3494 950 3533 nsum
963 3494 1031 3534 nasu
1047 3482 1260 3548 recenserentur,
1278 3479 1365 3535 ueluti
1376 3468 1522 3552 idithun&

68 3573 107 3622 et
126 3570 202 3626 cadi.

23 3642 51 3701 1⁵
137 3659 331 3730 anoounus
352 3656 422 3714 libro
445 3656 567 3712 secundo
590 3657 776 3726 epistularum.
818 3656 919 3714 Uinum
942 3672 1005 3712 cum
1027 3656 1103 3712 uasis
1124 3656 1236 3726 legauit.
1263 3665 1348 3728 negat
1378 3671 1523 3729 atnam
1555 3667 1583 3722 Ε
1600 3649 1664 3718 'tut'

66 3739 236 3805 Trebatius
254 3748 329 3817 quud
345 3747 374 3804 in
391 3747 471 3802 doliis
489 3747 526 3800 sit
543 3744 638 3800 deberi
655 3749 685 3801 et
701 3761 812 3802 sensnm
831 3745 970 3802 testatoris
988 3746 1070 3804 alium
1087 3749 1168 3816 putat
1179 3761 1249 3817 esse,
1267 3735 1522 3806 uerboruffiliu'm:
1541 3762 1570 3803 au

61 3843 209 3896 Getarum
233 3837 307 3892 dolia
329 3837 357 3892 in
378 3837 455 3892 nmis
478 3835 592 3890 uinariis
614 3849 669 3890 nun
693 3837 810 3892 essent‘.
839 3850 892 3905 ego
910 3839 940 3890 et
956 3835 982 3890 si
999 3835 1073 3890 dolia
1092 3836 1120 3892 in
1137 3836 1213 3892 uasis
1235 3837 1347 3894 uinariis
1370 3855 1425 3894 nun
1449 3845 1522 3909 aunt,

62 3921 180 3986 hmcn
198 3943 255 3983 non
278 3925 456 3982 concederem
475 3923 604 3980 Trebatio
628 3924 722 3980 uinum
746 3925 819 3995 quod
842 3925 871 3982 in
894 3923 974 3980 doliia
997 3928 1083 3994 esset,
1106 3924 1135 3980 id
1159 3930 1202 3980 est
1224 3926 1298 3995 quod
1319 3927 1348 3983 in
1370 3928 1446 3984 nasis
1468 3943 1523 3984 non

60 4019 168 4088 Quat,
188 4032 246 4072 non
263 4029 326 4070 esse
343 4015 474 4084 legatum.
501 4013 567 4068 illud
585 4029 680 4068 nerum
704 4029 766 4070 esse
789 4019 871 4084 puto,
895 4014 940 4070 cui
962 4014 1057 4070 ninum
1081 4029 1143 4070 cum
1165 4015 1241 4070 nasis
1264 4015 1386 4085 legatum
1408 4018 1474 4088 erit,
1497 4018 1523 4074 ei

24 4143 29 4156 .
62 4107 234 4178 ⁸1nphoraa
253 4103 351 4173 cados,
368 4104 397 4159 in
414 4103 513 4173 quibus
530 4104 596 4160 nina
614 4103 714 4158 diffusa
731 4118 888 4172 seruamns,
906 4102 1012 4172 legatos
1030 4117 1106 4158 esse:
1130 4104 1225 4159 uinum
1243 4105 1314 4162 enirn
1330 4106 1361 4161 in
1379 4105 1523 4178 amphoras

64 4195 110 4246 et
131 4197 219 4252 cados
238 4193 291 4249 hac
309 4197 401 4248 mente
419 4191 610 4263 diffundimus,
629 4193 706 4248 utin
723 4193 766 4248 his
783 4193 833 4263 sit,
857 4192 945 4248 donec
961 4207 1029 4248 nsua
1047 4207 1132 4247 cansa
1147 4191 1304 4263 proborum,
1327 4198 1357 4250 et
1374 4196 1478 4251 scilicet
1495 4195 1523 4250 id
1540 4207 1570 4248 as

64 4283 234 4342 ¹¹tendimns
253 4297 316 4339 cnm
334 4282 377 4338 his
395 4281 532 4351 amphoris
551 4287 580 4337 et
597 4281 686 4338 cadis:
709 4283 738 4337 in
756 4282 829 4337 dolla
852 4286 943 4337 autem
967 4281 1021 4336 alia
1043 4287 1134 4337 mente
1151 4281 1294 4353 ccicimus,
1317 4283 1422 4339 scilicet
1438 4287 1471 4338 ut
1489 4298 1522 4339 ex

67 4354 127 4432 hia
144 4382 247 4446 postea
264 4373 309 4428 nel
327 4373 356 4428 in
373 4371 520 4443 amphoras
537 4375 566 4427 et
583 4371 667 4428 cados
684 4369 867 4426 diffundamur
885 4370 930 4427 uel
948 4369 1007 4426 sins
1024 4369 1092 4441 ipsis
1110 4369 1190 4427 doliis
1208 4377 1316 4428 ueneat.

75 4467 333 4552 lucraretur)

83 4612 215 4694 ¹pansco
234 4619 402 4688 (westher
472 4618 552 4675 aar?
622 4621 718 4676 ⁸uina
735 4631 782 4678 rm.
853 4621 945 4676 *esse
962 4620 1061 4689 (sealt
1131 4623 1300 4691 ‘prometur
1317 4621 1480 4690 (mauron

92 4759 245 4820 inuisum
264 4765 289 4817 F
342 4764 360 4818 8
384 4764 580 4820 mulciasimnm
599 4765 634 4818 F⁶
653 4759 781 4830 (ΜΝ)
834 4735 1136 4818 tractemundum
1168 4763 1346 4818 sedulum
1374 4763 1525 4834 allegator

95 4831 126 4890 ih
143 4837 349 4893 embamma...
364 4837 397 4892 19
416 4835 511 4892 babuit
527 4836 622 4890 crud*
667 4835 702 4890 24
719 4849 781 4890 ease
835 4849 897 4890 ease
908 4835 942 4888 Fi
971 4833 1180 4891 46cadi‘ci'sl'l
1210 4834 1524 4906 iidiffundamuslllli,

99 4905 140 4962 *rt
151 4908 186 4962 Ρ
228 4909 263 4964 26
281 4905 507 4979 epitoma‘to'rnm
520 4907 558 4960 F’
597 4905 732 4964 40doleis
744 4907 781 4960 F¹
835 4905 1377 4977 ditiudammfiffiffunffimmWEQlGl
1393 4907 1523 4966 dolente
