3616 5468
194 253 344 342 llllllllll
363 273 385 339 4
409 277 522 334 its-tt
877 259 962 343 168
1374 284 1421 332 uu
1437 233 1635 332 *ramasse

194 431 305 501 beatur,
321 431 353 486 ei
375 428 451 486 noda
471 428 627 498 uoluntate,
650 441 707 483 non
723 425 871 482 debeatur:
893 423 962 480 baec
980 423 1053 480 enlm
1072 423 1212 482 distinctio
1230 423 1259 480 in
1276 423 1410 494 domnos,
1423 419 1636 478 munificentiam

195 536 251 576 non
268 517 351 588 cadit,
369 533 432 574 cum
451 531 532 572 nemo
550 517 578 571 in
595 513 807 571 necessitatibus
824 512 944 570 liberalis
962 513 1086 568 exsistat.

140 612 178 671 19
248 609 326 662 Ioum
343 607 413 662 libro
431 605 576 660 undecimo
591 619 794 674 responsorum.
821 602 993 658 Modestinus
1005 601 1155 672 respondit,
1173 602 1198 656 si
1210 600 1357 656 adimendo
1369 601 1444 670 lega·
1462 594 1638 684 Q}

196 701 268 766 tum,
292 695 367 766 quod
385 695 494 751 llaeuio
516 694 641 750 relictum
666 693 717 761 sit,
741 689 983 748 fideicommissum
1004 689 1041 746 ab
1059 705 1092 746 eo
1110 689 1206 746 datum
1225 687 1372 746 defunctus
1390 703 1523 744 reuocare
1541 691 1636 759 noluit,

195 784 311 842 heredes
329 799 364 839 ex
382 799 467 839 cauea
484 781 689 838 fideicommissi
708 780 848 836 conueniri
866 795 949 850 posse
966 783 1042 834 recte
1060 777 1179 848 probari.
1761 791 1775 829 s

139 877 179 936 20
249 875 421 929 Posmorrrus
438 871 508 928 libro
525 871 615 942 primo
634 869 670 926 ad
688 870 818 936 Quintum
836 869 965 924 Mucium.
998 867 1078 922 Licet
1095 865 1257 924 transferam
1275 868 1396 937 legatum
1414 867 1442 922 in
1462 863 1597 949 [B.44,17‚
1609 882 1651 927 rs
1751 872 1784 924 Ε

196 978 268 1032 eum,
287 977 348 1017 cum
367 975 422 1036 quo
441 959 521 1016 nobie
539 959 698 1015 testamenti
715 955 799 1012 factio
817 972 873 1012 non
890 959 942 1026 cet,
961 956 1020 1012 siue
1038 957 1067 1010 in
1084 972 1194 1012 seruum
1213 957 1362 1026 proprium,
1380 957 1426 1014 cui
1438 957 1498 1012 sine
1510 955 1651 1014 liberate

195 1052 334 1120 legauero,
353 1050 418 1105 licet
436 1049 477 1104 eis
494 1063 550 1104 non
568 1047 710 1117 debeatur,
729 1061 781 1102 nec
798 1046 836 1102 illi
853 1051 946 1101 tammr
965 1043 1118 1116 debebitur,
1136 1045 1182 1100 cui
1199 1043 1282 1100 luerit
1299 1045 1467 1115 ademptum.

139 1144 177 1201 21
249 1140 402 1194 churrrme
419 1139 552 1193 Rusmus
569 1136 638 1191 libro
656 1141 754 1206 quarto
772 1133 938 1204 regularum.
966 1133 1101 1204 Legatum
1119 1134 1186 1190 nulli
1200 1134 1245 1188 alii
1259 1132 1343 1188 adimi
1354 1137 1446 1203 potest
1477 1130 1657 1204 lemarus&
1729 1135 1789 1206 lis

196 1241 279 1296 quarn
298 1227 343 1282 cui
361 1227 457 1282 datum
476 1231 533 1280 eet:
552 1229 720 1294 quapropter
737 1224 762 1279 si
778 1221 835 1278 tilio
853 1227 903 1278 aut
920 1237 1001 1278 seruc
1020 1222 1109 1278 alieno
1128 1223 1249 1292 legatum
1268 1220 1358 1293 fucrit,
1377 1221 1487 1278 domiuo
1505 1228 1556 1278 aut
1567 1226 1656 1294 patri
1733 1229 1772 1268 1⁰

196 1315 318 1385 legatum
337 1313 421 1369 adimi
438 1329 494 1369 non
511 1317 613 1383 potest.
1209 1379 1212 1384 1

140 1409 185 1466 22¹
250 1403 432 1458 Permessus
450 1401 519 1456 libro
537 1404 616 1457 sexto
635 1413 836 1470 responsorum.
864 1399 907 1460 Ex
925 1402 1004 1470 parte
1022 1399 1102 1454 heres
1119 1398 1262 1454 institutus
1274 1399 1358 1456 etiam
1370 1399 1443 1468 lega·
1463 1393 1652 1482 Q

197 1496 256 1546 tum
275 1495 433 1560 acceperat:
451 1504 514 1545 eum
532 1493 649 1560 testator
666 1488 815 1542 inimicitiis
832 1487 1005 1556 grauissimis
1023 1491 1192 1558 persecutus,
1211 1503 1274 1543 cum
1292 1491 1486 1544 testamentum
1506 1488 1582 1544 aliud
1600 1487 1654 1544 is-

198 1595 260 1635 cere
282 1579 447 1634 instituisset
464 1592 554 1648 neque
571 1575 702 1646 perlicere
720 1576 869 1646 potuisset,
892 1577 1041 1646 praeteriit.
1070 1575 1250 1632 hereditariae
1269 1576 1378 1646 quidem
1398 1577 1522 1632 actiones
1540 1577 1567 1632 ci
1585 1592 1656 1634 nom

198 1666 416 1737 denegabantur,
435 1665 485 1721 sed
503 1665 624 1736 legatum
643 1665 666 1719 si
684 1667 770 1734 petat,
789 1665 950 1734 exceptione
969 1664 1025 1720 doli
1043 1663 1106 1719 rnali
1124 1663 1341 1720 submorrebitur.

140 1757 179 1814 23
250 1756 328 1809 Iners
346 1753 416 1809 libro
434 1755 552 1824 septimo
570 1767 772 1822 responsorum.
798 1753 881 1808 Pater
898 1753 969 1808 inter
980 1750 1051 1810 lilios
1063 1751 1240 1808 facultatibus
1253 1752 1350 1808 diuisis
1362 1751 1445 1816 filiam
1463 1748 1656 1836 [ῐῖιῗιιζῐξ
1728 1750 1765 1804 1²

198 1857 235 1898 ex
255 1843 361 1898 ratione
385 1842 514 1912 primipill
537 1840 743 1896 commodorum
766 1845 904 1896 trecentos
927 1855 1025 1898 aureos
1049 1841 1173 1909 accipere
1196 1841 1284 1898 uoluit
1302 1856 1336 1896 ac
1353 1847 1451 1912 postca
1468 1842 1504 1897 de
1521 1843 1662 1912 pecunia.

198 1930 405 2004 commodorum
430 1930 633 2000 possessionem
652 1929 768 1999 parauit.
802 1929 886 1984 nihilo
903 1931 994 1986 minue
1012 1927 1110 1984 frames
1128 1933 1157 1984 et
1174 1928 1323 1984 coheredes
1341 1929 1428 1986 sorori
1445 1927 1656 1988 fideicommis-

198 2035 260 2076 sum
282 2017 476 2090 praestabunt:
500 2033 556 2073 non
578 2018 650 2073 enim
676 2016 853 2088 absumptum
876 2013 996 2087 uidetur,
1021 2016 1095 2087 quod
1117 2017 1145 2072 in
1163 2033 1263 2088 corpus
1281 2019 1438 2088 patrimonii
1455 2033 1567 2074 uersum
1586 2025 1652 2076 est.

198 2124 261 2164 cum
285 2113 376 2162 autem
400 2107 471 2162 inter
494 2103 565 2161 filios
588 2106 677 2163 diuiso
701 2107 864 2178 patrimonio
886 2121 930 2161 res
948 2105 1081 2160 indiuisas
1100 2105 1136 2160 ad
1154 2121 1249 2162 omncs
1268 2105 1417 2162 coheredes
1434 2108 1573 2178 pertinere
1591 2123 1658 2166 uc-
1726 2107 1762 2148 ²⁰

197 2196 302 2266 luisset,
321 2196 362 2252 ita
377 2195 580 2266 possessionem
599 2210 634 2250 ex
652 2195 805 2252 commodis
823 2199 1009 2264 comparatam
1027 2193 1114 2250 diuidi
1128 2195 1240 2266 placuit,
1258 2199 1290 2252 ut
1301 2195 1329 2250 in
1342 2211 1402 2250 earn
1415 2195 1546 2266 superflui
1557 2197 1663 2266 pretii

198 2282 256 2339 filia
272 2283 425 2354 portionem
444 2283 635 2338 hereditariam
654 2283 785 2355 accipiat:
804 2283 856 2339 boc
875 2283 947 2338 enim
965 2282 1089 2338 eueniret
1106 2283 1134 2337 in
1152 2281 1231 2338 bonis
1249 2284 1366 2354 pecunia
1383 2285 1486 2340 relicta.

141 2377 181 2436 24
251 2371 329 2427 Iunas
346 2369 416 2427 libro
434 2375 534 2428 cctam
552 2387 754 2442 responsorum.
781 2373 918 2442 Legatum
937 2369 988 2428 sub
1001 2371 1161 2426 condicione
1174 2371 1269 2428 datum
1282 2388 1344 2428 cum
1356 2378 1443 2428 mans·
1462 2369 1502 2456 [Β.
1511 2386 1551 2442 44,
1562 2388 1600 2443 rt,
1609 2390 1655 2434 att
1720 2365 1755 2421 Ῑ

198 2459 292 2529 fertur,
311 2459 363 2516 sub
382 2460 478 2518 eadem
497 2459 658 2516 condicione
675 2459 817 2517 transferri
834 2460 951 2529 uidetur,
970 2460 994 2514 si
1012 2475 1066 2516 uon
1085 2459 1209 2516 condicio
1226 2461 1310 2531 priori
1328 2476 1462 2532 personae
1476 2448 1658 2522 idlae—roffi

198 2567 263 2605 nam
288 2550 312 2604 si
333 2551 394 2620 quis
412 2550 491 2605 uxori
509 2548 625 2604 sublatis
642 2547 735 2604 liberis
752 2550 899 2620 legerent,
924 2549 1042 2620 repetita
1059 2549 1184 2605 condicio
1202 2564 1257 2606 non
1275 2549 1426 2620 uidebitur,
1451 2565 1523 2620 quae
1541 2550 1596 2608 init
1611 2554 1659 2610 in
1712 2545 1752 2590 ¹⁵

167 2647 179 2693 1
198 2652 317 2708 persona
335 2637 456 2692 mulieris
467 2637 624 2692 neccssaria
632 2641 649 2692 ¹.
677 2637 759 2692 Pater
771 2637 864 2694 hortos
876 2639 1024 2694 instructos
1037 2635 1109 2694 tiliae
1120 2639 1238 2708 legauit:
1256 2643 1354 2708 postea
1366 2639 1502 2708 quaedam
1514 2655 1552 2696 ex
1563 2658 1656 2698 man-

199 2727 279 2797 cipiis
296 2725 436 2782 hortorum
455 2726 534 2780 uxori
552 2725 673 2782 donauit.
702 2727 762 2783 siue
780 2726 942 2783 donationes
960 2724 1133 2782 confirmauit
1150 2727 1210 2782 eirre
1228 2741 1283 2783 nou
1300 2725 1485 2798 confirmauit,
1503 2732 1661 2799 posterior

198 2815 327 2871 uoluntas
345 2813 417 2869 tiliae
435 2815 527 2884 legato
545 2816 636 2886 potior
653 2815 718 2872 erit:
737 2815 787 2871 sed
805 2816 858 2871 etsi
876 2831 929 2871 non
942 2816 1034 2871 ualeat
1046 2814 1167 2884 donatio,
1185 2819 1278 2870 umen
1291 2815 1422 2872 minuisse
1434 2815 1506 2874 filiae
1516 2819 1654 2889 legatum

199 2907 278 2974 pater
295 2902 471 2972 intellegitur.
1705 2896 1747 2942 ²⁹

142 2988 181 3048 25
251 2992 330 3046 Ιυιιιι
351 2989 421 3046 libro
443 3006 515 3047 nono
537 3006 739 3062 responsorum.
776 2989 863 3046 Alteri
881 3006 916 3048 ex
934 2991 1080 3048 heredibus
1098 2992 1320 3062 praeceptionem
1339 2993 1444 3063 praedii
1475 3005 1598 3064 esest.
1611 3011 1677 3056 ab.
1698 2979 1742 3042 Ῐ

199 3079 290 3135 dedit:
314 3094 379 3134 mox
403 3081 482 3134 alteri
505 3081 640 3150 praestari
662 3079 796 3136 adseram
818 3079 990 3136 debitorem¹
1014 3081 1136 3136 actiones
1159 3080 1195 3136 ad
1218 3096 1281 3136 eum
1305 3079 1387 3137 tinem
1406 3082 1561 3152 mandauit,
1586 3099 1654 3155 quo

198 3166 342 3238 praedium
360 3165 451 3224 iuerat
468 3173 664 3238 comparatum.
692 3161 870 3238 compostae
886 3169 1001 3239 praedio
1019 3169 1151 3224 dsnmto
1170 3169 1238 3224 citra
1255 3171 1339 3226 ullam
1357 3171 1489 3227 offensam
1504 3171 1575 3242 eius,
1594 3171 1656 3244 qni

198 3257 419 3327 praeceptionem
439 3261 595 3327 acceperat,
618 3257 737 3328 pretium
756 3257 784 3312 in
803 3272 902 3328 corpus
920 3257 1077 3328 patrimonii
1095 3258 1224 3329 redisset,
1244 3274 1299 3314 non
1316 3274 1378 3314 esse
1395 3259 1578 3328 praestandae
1597 3278 1649 3318 ac-

199 3346 289 3401 tiones
307 3343 435 3400 ooheredi
453 3345 590 3415 respondi.
1692 3338 1739 3388 ⁸⁴

142 3433 181 3492 26
253 3431 402 3504 lPsrrnus
420 3432 489 3489 libro
508 3449 580 3490 nono
598 3433 799 3504 quaestionum.
827 3433 866 3504 Si,
885 3448 966 3490 seruo
984 3449 1046 3490 cum
1065 3434 1190 3491 libertate
1203 3435 1268 3491 dato
1279 3437 1381 3505 legato,
1399 3437 1445 3491 et'
1464 3432 1601 3518 [s.44,1t,
1612 3449 1656 3498 aas
1689 3421 1736 3484 Ρ
1747 3409 1787 3463 ΗῙ

199 3523 317 3578 alienato
335 3519 472 3576 adimatur
489 3521 609 3592 libertas,
628 3523 755 3592 quamuis
774 3523 862 3579 alieno
881 3524 1013 3580 inutiliter
1031 3523 1175 3594 adimatur,
1194 3527 1288 3580 tamen
1305 3525 1427 3594 legatum
1439 3525 1648 3598 ademptorem

200 3626 254 3666 non
272 3615 482 3680 peruenturum:
501 3616 530 3666 et
548 3611 660 3666 merito:
681 3612 804 3666 constitit
818 3613 891 3668 enim
904 3613 1052 3682 ademptio,
1071 3613 1136 3681 quia
1153 3613 1243 3682 possit
1260 3613 1365 3682 redimi,
1383 3615 1455 3670 sicut
1472 3613 1558 3686 datio,
1577 3631 1643 3673 cum

199 3700 227 3754 in
245 3714 308 3754 eum
327 3698 473 3770 confertur,
495 3701 542 3770 qui
560 3701 718 3755 testamenti
736 3698 855 3757 faciendi
872 3705 996 3770 tempore
1014 3699 1067 3756 tuit
1084 3702 1234 3771 testatoris,
1253 3700 1352 3757 deinde
1370 3701 1489 3758 dienato
1507 3703 1648 3762 codicillis

168 3797 180 3844 1
199 3787 311 3844 libertae
330 3788 419 3844 datur.
456 3789 527 3855 Quid
545 3804 625 3859 ergo,
650 3789 674 3843 si
692 3804 769 3858 cum,
791 3803 872 3858 quem
890 3788 1006 3844 liberum
1024 3805 1087 3845 esec
1104 3790 1166 3860 quis
1184 3791 1316 3861 iusserat,
1335 3791 1533 3848 manumiserat
1551 3794 1646 3864 uiuus,

199 3876 299 3932 deinde
318 3875 449 3932 codicillis
466 3877 621 3934 libertatem
640 3877 665 3932 ei
684 3877 837 3932 ademerit?
869 3877 1028 3948 uideamus,
1047 3895 1081 3934 sn
1100 3878 1251 3960 perdiderit
1268 3879 1389 3948 legatum
1409 3895 1482 3936 uana
1499 3881 1646 3954 ademptio
1690 3865 1741 3916 ⁴⁰

198 3965 342 4021 libertatis.
369 3965 444 4035 quod
462 3967 575 4037 quidam
593 3970 705 4036 putant:
724 3965 774 4021 scd
792 3979 965 4036 superuacua
983 3968 1119 4037 scriptura
1136 3983 1192 4024 non
1210 3974 1291 4024 nocet
1309 3969 1410 4038 legato.

142 4052 181 4110 ct
253 4053 330 4108 lours
352 4053 421 4110 libro
440 4055 571 4110 uicesimo
589 4055 677 4125 primo
696 4055 897 4124 quaestionum.
934 4054 1037 4110 Seruus
1055 4057 1164 4126 legatus
1182 4061 1226 4112 est
1243 4061 1272 4112 ct
1289 4057 1315 4112 ei
1330 4056 1444 4136 *aliquid
1478 4069 1642 4128 B.44,1t‚ts
1682 4037 1738 4104 Γ

199 4143 223 4198 si
246 4143 365 4198 alienato
388 4158 421 4198 eo
445 4142 580 4198 adimatur
604 4143 678 4213 quod
703 4143 728 4197 ei
753 4143 873 4212 legatum
899 4147 954 4213 est,
982 4144 1057 4198 ualet
1081 4143 1232 4215 ademptio,
1260 4145 1325 4216 quia
1348 4149 1377 4200 et
1401 4133 1644 4218 legatrffpcteet

168 4229 360 4301 1proccdere‚
385 4232 409 4286 si
432 4231 589 4288 redimatur.
625 4229 712 4286 Seruo
735 4232 845 4301 legato⁴
868 4237 896 4287 et
918 4231 989 4288 inter
1011 4233 1091 4288 uiuos
1113 4234 1282 4289 manumisso
1306 4234 1329 4289 ei
1350 4234 1471 4304 legatum
1493 4235 1641 4307 adimatur,

198 4327 442 4398 emanares)

200 4472 210 4505 ¹
227 4471 316 4554 supple
333 4478 371 4525 stc
379 4473 456 4542 sere:
473 4485 544 4555 quac
562 4468 615 4525 luit
628 4470 656 4525 in
669 4485 814 4540 perscmm
827 4471 948 4558 mulieris
963 4471 1078 4558 [rodata
1097 4471 1189 4558 legato
1201 4473 1335 4558 translato
1346 4473 1374 4528 in
1387 4487 1509 4529 sororem
1521 4473 1641 4532 adamus

198 4540 549 4680 0spungiam]”1¹1erozrlsuegrsm
628 4541 725 4596 ’idam
744 4542 840 4598 Gracci
857 4543 1004 4614 (χρεωοτογ
1022 4545 1151 4610 arerem:
1169 4541 1329 4599 debitores?
1402 4545 1478 4600 ⁸ei?
1544 4546 1640 4603 ⁴dstc

200 4742 415 4800 imunificentia
428 4746 453 4798 F
482 4741 778 4800 tfideicommisumF
810 4746 890 4816 8eis]
945 4745 1403 4815 uns1FLeiseruusWDEQOK
1439 4747 1640 4820 ltprastessst

198 4815 284 4870 ΡΠ(
303 4835 358 4870 cam
377 4816 404 4869 B
422 4813 516 4885 (Ttalt
541 4814 567 4870 o'
612 4815 717 4884 ipsias·
741 4815 842 4880 airola,
866 4817 892 4872 ei
945 4832 1027 4872 seruo
1044 4817 1136 4886 legato
1155 4815 1220 4872 dato
1239 4819 1265 4874 ei
1281 4819 1374 4888 legato
1386 4825 1515 4874 seems
1530 4821 1638 4877 Gruter

199 4885 320 4941 F’DEC'
366 4887 401 4940 22
418 4833 587 4955 accipiet?
620 4887 654 4942 27
673 4886 737 4942 don.
750 4885 892 4942 confirma·
944 4886 991 4942 tls
1015 4887 1100 4958 uisere
1124 4888 1274 4952 terasciam
1299 4889 1337 4943 sai
1363 4888 1442 4950 airis
1466 4888 1516 4945 ros
1534 4891 1638 4948 oiserr'srr

198 4957 249 5026 uit]
262 4957 316 5021 Fr,
335 4955 397 5012 dou.
410 4960 576 5012 testamento
592 4956 663 5016 cons.
676 4957 892 5024 WDEQllos't,
945 4958 1028 5030 'erepto
1040 4958 1191 5023 terasciam
1204 4960 1302 5031 (Ticis
1312 4959 1381 5031 qaod
1391 4963 1522 5016 commode
1533 4963 1639 5017 additas·

199 5047 247 5084 om.
261 5034 327 5083 inter
344 5027 450 5084 cliaK·
497 5028 532 5083 32
550 5030 684 5088 offensum
698 5029 736 5083 F·
782 5030 818 5084 42
836 5044 891 5085 eer-
945 5030 1087 5104 (eſsa-42),
1103 5047 1256 5102 quamquam
1265 5036 1639 5106 pctectccpitaticaesapplerr‘
