4350 5438
972 212 1047 293 ‘15‘

283 378 369 430 soluto
387 375 560 436 matrimonio
583 374 634 432 dos
652 374 883 444 quamadmodum
901 380 977 447 peta·

323 468 370 518 tur
395 465 468 533 24,3

284 551 502 625 desponsalibus
529 551 601 619 uui

284 641 324 696 de
341 647 409 696 statu
426 640 567 696 hominum
596 641 649 710 l,5

285 728 324 786 de
340 730 496 784 statuliberu
521 729 595 796 40,7

284 821 445 873 medicantur
471 817 515 887 47,
528 818 564 872 20

285 906 324 962 de
341 910 503 978 stipulatione
521 921 661 961 seruorum
689 907 762 976 45,3

286 995 324 1050 de
340 996 546 1066 stipulationibus
563 995 708 1064 praetoriis
734 995 808 1065 46,5

286 1084 323 1140 de
342 1084 448 1154 uulgari
466 1089 495 1138 et
511 1084 638 1155 pupillari
656 1085 833 1140 substitutione
859 1085 902 1153 28,
917 1085 933 1140 6

286 1172 324 1227 de
341 1182 498 1228 successorio
516 1173 607 1228 edicto
634 1173 708 1242 38,9

286 1262 323 1317 de
341 1261 442 1316 damno
460 1259 562 1317 iniecto
589 1265 618 1316 et
640 1261 675 1316 de
697 1262 853 1334 supponendis
871 1267 900 1318 et
917 1277 978 1332 pro·

322 1349 485 1406 tectionibus
512 1352 586 1419 39,2

286 1438 323 1495 11
340 1449 393 1494 suis
411 1445 441 1495 11
457 1440 586 1510 legitimis
605 1437 753 1494 heredibus
779 1439 870 1508 8818

286 1528 323 1584 da
340 1532 491 1602 supellectile
507 1530 600 1599 legata
626 1529 719 1598 33,10

286 1617 322 1673 de
339 1619 519 1691 superficiebus
544 1619 589 1688 43,
603 1619 637 1673 18

286 1706 322 1761 11
339 1714 463 1779 suspectis
479 1706 616 1762 tutoribus
641 1711 671 1762 et
688 1703 860 1761 curatoribus
887 1705 979 1774 26,10

287 1883 322 1939 dc
341 1885 434 1940 tabulis
452 1882 613 1940 exhibendis
639 1884 683 1953 43,
699 1883 717 1939 5

287 1972 541 2029 donantnouant
567 1973 610 2042 47,
624 1975 656 2028 21

287 2060 323 2116 ad
346 2067 460 2116 senatus
483 2063 637 2117 consultum
659 2061 841 2116 Tertullianum
865 2055 978 2114 110111-

322 2150 427 2204 tianum
455 2151 498 2219 38,
513 2153 545 2206 17

287 2245 435 2293 testamenta
457 2237 687 2306 quemadmodum
711 2236 867 2308 aperiantur
894 2233 978 2305 iaspi-

323 2328 430 2382 ciantur
448 2332 476 2382 11
495 2326 685 2382 describantur
712 2327 785 2396 29‚3

288 2414 322 2470 de
340 2423 533 2471 testamentaria
551 2417 638 2470 tutela
665 2417 739 2484 26,2

287 2503 323 2559 de
340 2512 487 2560 testamento
506 2505 599 2560 militis
626 2505 698 2574 uui

287 2592 446 2649 deitatibus
471 2595 546 2664 225

288 2681 323 2736 de
341 2689 412 2755 tipno
430 2684 523 2738 iuncto
549 2683 624 2750 47,3

288 2770 323 2826 dc
340 2773 556 2828 transactionibus
582 2769 656 2841 2,15

288 2860 455 2916 1111111111
474 2860 628 2916 consultum
650 2859 832 2914 Trebellianum
859 2857 932 2925 36,1

288 2947 323 3002 de
341 2949 479 3003 tributaria
497 2949 606 3004 actione
633 2948 707 3017 14,4

288 3037 323 3092 de
341 3045 427 3094 tritico
446 3038 511 3093 uino
528 3038 574 3093 uel
592 3037 652 3093 oleo
670 3038 762 3106 iegato
790 3035 863 3104 33,6

288 3125 324 3181 ad
336 3131 449 3181 senatus
461 3127 615 3182 consultum
628 3127 813 3198 Turpillianum
825 3129 854 3178 et
866 3122 900 3178 de
913 3120 979 3178 abo·

322 3215 462 3270 titionibus
480 3216 623 3271 eriminum
650 3215 742 3284 4116

288 3304 323 3360 11
340 3307 432 3359 tutelae
449 3310 478 3359 et
495 3304 646 3360 rationibus
665 3299 849 3358 distrahendis
872 3303 900 3354 et
919 3297 978 3352 utiii

323 3394 472 3450 curationis
490 3409 576 3449 causa
593 3394 700 3448 actione
727 3391 801 3460 27,3

288 3481 323 3538 11
341 3484 477 3538 contraria
495 3486 585 3538 tutelae
603 3487 632 3537 et
648 3481 708 3536 utili
726 3480 834 3534 actione
859 3476 934 3546 27,4

288 3571 323 3626 de
341 3576 424 3627 cuein
450 3573 522 3642 111
819 3569 823 3578 ’

288 3659 323 3716 11
341 3663 467 3716 tutoribus
484 3667 513 3716 et
530 3658 701 3716 curatoribus
720 3658 793 3714 datie
811 3655 847 3712 ab
871 3654 913 3710 his
931 3653 978 3723 qui

323 3751 366 3805 ius
384 3749 466 3805 dandi
485 3749 588 3805 habent
605 3755 634 3803 et
651 3749 698 3819 qui
716 3747 783 3803 etin
797 3744 896 3816 quibus
915 3759 977 3798 cau-

323 3840 361 3894 sis
378 3841 535 3910 specialiter
552 3838 611 3894 duri
629 3840 745 3908 possunt
771 3836 845 3903 26,5

289 4015 323 4071 11
340 4025 474 4072 uacatione
492 4021 521 4072 11
539 4015 716 4072 excusatione
734 4027 876 4068 munemm
904 4011 978 4079 50,5

288 4105 323 4160 dc
352 4115 436 4161 uariis
466 4111 495 4160 et
524 4103 746 4174 extraordinariis
775 4098 978 4172 cognitionibus

323 4199 352 4250 ot
378 4195 402 4249 si
428 4195 512 4250 iudex
538 4196 614 4250 litem
641 4209 720 4248 suam
746 4189 845 4246 iecisse
872 4189 978 4244 dicatur

323 4283 413 4352 50,13

279 4373 332 4444 ¹ratri
348 4373 468 4443 pupillus
486 4371 599 4428 educari
615 4372 659 4427 uel
678 4369 777 4426 morari
790 4367 890 4424 debeat
902 4371 931 4422 et
943 4366 978 4422 do

323 4462 458 4518 alimentis
477 4463 501 4518 ci
519 4460 693 4534 praestandis
721 4461 794 4530 27,2

1033 373 1068 430 11
1087 379 1199 430 senatus
1217 377 1372 432 consultum
1395 376 1548 432 Uelleianum
1576 379 1648 448 16,1

1033 463 1068 518 11
1086 463 1241 519 actionibus
1260 465 1345 536 empti
1364 467 1461 520 uenditi
1489 467 1559 534 19,1

1033 551 1070 608 od
1087 553 1176 622 legem
1195 553 1348 609 corneliam
1372 553 1407 610 de
1429 555 1534 610 sicariis
1557 560 1585 610 et
1608 559 1726 627 umeficis

1068 641 1144 713 48,8

1034 729 1069 785 de
1087 738 1173 785 uentre
1191 730 1219 785 in
1237 731 1440 800 possessionem
1456 731 1590 788 mittendo
1608 735 1724 787 111111-

1068 822 1128 875 tore
1147 820 1206 874 eius
1233 819 1306 887 37,9

1033 907 1068 962 11
1086 908 1220 964 ambarum
1240 905 1453 976 obligationibus
1479 908 1552 979 45‚1

1033 995 1068 1051 de
1086 996 1221 1051 medorum
1239 993 1439 1066 significatione
1466 998 1558 1068 50,16

1032 1084 1068 1140 do
1086 1091 1214 1140 ueteranis
1240 1085 1332 1154 49,18

1033 1173 1068 1228 11
1083 1179 1259 1228 ueteranorum
1274 1177 1302 1228 ct
1314 1174 1429 1228 militum
1442 1174 1617 1229 successione
1635 1175 1724 1245 38,12

1032 1271 1060 1317 ιιι·
1077 1260 1210 1317 bonorum
1230 1267 1370 1332 raptorum
1389 1261 1470 1318 etde
1489 1261 1571 1318 turba
1597 1263 1671 1331 47,8

1032 1350 1067 1404 11
1085 1359 1114 1405 ui
1131 1357 1160 1404 11
1177 1349 1212 1405 11
1230 1352 1258 1406 ui
1277 1357 1382 1407 armata
1408 1351 1500 1420 43,16

1033 1438 1067 1494 11
1085 1447 1131 1494 uia
1148 1438 1259 1508 publica
1281 1446 1310 1496 ct
1332 1441 1429 1496 itincre
1447 1439 1558 1511 publico
1576 1438 1723 1496 reficiendo

1066 1529 1157 1597 43,11
1555 1545 1557 1550 ·

1031 1616 1067 1672 de
1085 1626 1130 1672 uia
1148 1615 1257 1686 publica
1275 1620 1304 1672 et
1321 1618 1345 1673 si
1364 1617 1430 1688 quid
1448 1619 1476 1674 in
1494 1634 1529 1673 ea
1540 1617 1643 1674 factum
1662 1633 1723 1674 essa

1067 1705 1174 1760 eruetur
1200 1707 1244 1776 43,
1259 1708 1293 1762 10
1783 1697 1784 1706 '

1031 1793 1066 1848 de
1084 1794 1124 1849 rei
1141 1796 1313 1850 vindicatione
1339 1796 1394 1866 6,1

1031 1884 1097 1937 unde
1115 1883 1227 1952 cognati
1254 1884 1328 1954 38,8

1031 1973 1098 2026 unde
1116 1971 1230 2041 legitimi
1257 1973 1300 2041 38,
1315 1974 1330 2026 7

1032 2061 1055 2115 ri
1072 2061 1183 2116 tabulae
1201 2061 1360 2117 testamenti
1377 2062 1467 2118 111111
1486 2061 1634 2130 extabunt,
1659 2063 1723 2117 unde

1066 2149 1145 2205 liberi
1172 2151 1246 2218 38,6

1031 2240 1097 2294 unde
1115 2239 1157 2293 uir
1175 2244 1204 2293 11
1223 2253 1292 2293 uxor
1319 2239 1362 2307 38,
1376 2241 1409 2295 11

1031 2327 1067 2382 de
1085 2326 1308 2398 usurpationibus
1327 2333 1354 2381 et
1372 2329 1570 2400 usucapionibus
1596 2329 1670 2398 41,3

1032 2416 1066 2472 11
1085 2437 1132 2472 usu
1151 2422 1179 2471 11
1197 2415 1366 2472 habitatione
1394 2417 1448 2486 7,8

1032 2505 1067 2560 11
1084 2525 1132 2560 usu
1157 2511 1185 2560 11
1209 2521 1260 2560 111
1285 2503 1375 2560 fructu
1400 2509 1428 2559 et
1450 2505 1540 2560 reditu
1564 2509 1592 2560 et
1615 2504 1721 2560 habita·

1066 2595 1141 2649 tione
1160 2600 1188 2649 11
1206 2595 1297 2664 operis
1314 2609 1364 2664 per
1381 2594 1503 2664 legatum
1521 2595 1566 2649 uel
1583 2591 1722 2650 fideicom-

1068 2684 1180 2738 missum
1200 2682 1272 2738 datis
1298 2684 1372 2753 83,2

1032 2771 1067 2827 11
1085 2793 1133 2828 usu
1150 2771 1241 2828 fructu
1260 2771 1445 2827 adcrescendo
1473 2773 1528 2842 7,2

1032 2861 1067 2916 11
1084 2881 1132 2916 usu
1151 2859 1241 2916 irnctu
1260 2876 1353 2916 aarum
1375 2876 1465 2916 rerum
1488 2876 1559 2931 quae
1582 2875 1635 2916 usu
1658 2876 1722 2916 con-

1067 2953 1212 3005 sumuntur
1229 2951 1274 3005 uel
1293 2950 1452 3004 minuuntur
1479 2951 1534 3019 7,5

1032 3039 1066 3094 11
1085 3060 1132 3094 usu
1150 3037 1240 3094 fructu
1259 3045 1288 3095 et
1300 3039 1531 3110 quemadmodum
1549 3039 1611 3110 quis
1629 3044 1723 3096 utatur

1067 3128 1172 3184 truatur
1200 3130 1255 3198 7,1

1032 3221 1239 3278 usufructuariae
1257 3217 1488 3286 quemadmodum
1506 3223 1605 3272 causat
1631 3219 1686 3287 t‚9

1032 3305 1067 3361 de
1085 3315 1171 3361 usuris
1189 3311 1217 3360 et
1234 3303 1368 3361 fructibus
1391 3311 1421 3362 et
1438 3307 1529 3362 causis
1551 3312 1579 3362 et
1596 3305 1722 3362 omnibus

1067 3394 1271 3450 accessionibus
1289 3399 1318 3450 et
1335 3411 1412 3450 mora
1438 3398 1510 3465 22,1
1594 3446 1595 3450 ,

1032 3483 1066 3538 11
1085 3485 1293 3555 usurpationibus
1312 3489 1340 3539 ct
1358 3483 1572 3554 usucapionibus
1598 3485 1672 3554 41,3

1031 3580 1059 3628 ut
1076 3588 1111 3626 ex
1128 3571 1237 3642 tegibus
1260 3579 1409 3628 senatusue
1433 3574 1564 3629 consuitis
1587 3573 1725 3631 bonorum.

1067 3662 1204 3730 possessio
1224 3661 1303 3716 detur
1330 3663 1423 3732 3114

1031 3758 1058 3804 ut
1076 3751 1104 3804 in
1122 3749 1232 3804 flumine
1250 3750 1360 3820 publico
1379 3751 1510 3820 nauigare
1527 3751 1609 3806 liccat
1629 3751 1722 3819 43,14

1031 3846 1058 3894 ut
1076 3840 1103 3894 in
1121 3841 1323 3910 possessiouem
1344 3841 1496 3910 legatorum
1518 3840 1563 3896 uci
1583 3838 1721 3895 fideicom-

1066 3929 1210 3984 missorum
1232 3928 1429 3984 seruandorum
1454 3945 1539 3985 causa
1559 3944 1621 3984 esse
1640 3929 1722 3984 liceat

1065 4017 1139 4088 36,4

1030 4114 1057 4162 ut
1074 4107 1228 4175 legatorum
1252 4123 1301 4162 seu
1320 4107 1591 4164 fideicommissorum
1609 4123 1720 4163 seruan-

1066 4195 1162 4250 dorum
1181 4212 1266 4251 causa
1283 4202 1413 4252 caueatur
1441 4198 1515 4268 36,3

1029 4293 1068 4339 uti
1085 4285 1234 4354 possidetis
1258 4287 1302 4357 43,
1316 4288 1350 4342 17

1030 4374 1116 4428 uuor
1142 4375 1233 4443 43,31

1030 4460 1066 4516 de
1084 4465 1187 4536 uulpari
1205 4469 1234 4519 et
1251 4463 1378 4535 pupillari
1395 4462 1591 4544 substitutione
1617 4464 1691 4534 28,6
