3608 5460
52 319 99 366 ar
121 319 236 368 nurus
259 266 476 368 succurrens
726 295 812 378 637
1133 301 1354 369 xxxiidie
1377 307 1490 364 ιι-ιι

108 457 186 512 Innu
207 456 278 513 iibrc
300 459 382 514 tertio
405 473 607 528 responsorum.
644 457 746 512 Paulus
770 456 912 527 respondit
925 471 1014 536 teum,
1038 458 1084 528 qui
1103 459 1130 513 in
1149 459 1237 514 alieno
1256 460 1314 514 solo
1333 453 1491 541 [ffiffl
1510 463 1538 516 P

52 544 209 602 aedificium
227 547 386 616 extruxerit,
406 561 460 602 non
479 545 547 600 alies
565 550 692 615 sumptus
711 546 841 616 consequi
859 561 950 617 posse,
969 562 1051 617 quam
1063 547 1205 616 possideat
1218 547 1293 602 stab
1312 563 1345 602 eo
1363 548 1491 602 dominus

51 635 105 690 soii
123 649 181 690 rem
198 634 327 705 uindicet,
346 635 452 690 scilicet
469 633 596 704 opposita
613 633 669 688 deii
687 635 751 690 mali
770 635 940 706 exceptione.
1201 701 1203 704 ¹

107 721 267 779 Susuuonn
293 723 362 780 libro
388 723 483 794 quinto
510 737 712 793 responsorum.
757 723 915 780 Fideiussor
942 724 1086 780 euictionis
1113 724 1222 780 nomine
1250 721 1491 808 eonius—5114}
1510 729 1537 782 P

52 811 200 867 demontus
217 811 245 867 id
263 812 416 883 praedium,
434 811 509 882 quod
528 812 647 867 suisium
667 817 718 883 est,
738 816 767 868 et
784 813 876 868 omnis
893 817 1035 882 praestare
1053 819 1166 882 paratus
1179 817 1230 883 est,
1249 828 1321 883 quac
1333 814 1391 868 iure
1404 813 1489 884 empti
1509 825 1522 863 ι

52 901 238 957 continentur:
262 916 379 972 quaero,
404 905 586 970 surgentem
605 906 756 970 emptorem
777 901 939 970 exceptione
957 917 991 957 ex
1011 917 1095 958 causa
1113 901 1226 956 iudicati
1244 901 1298 956 dcii
1318 902 1397 956 meli¹
1417 917 1490 957 sum·

52 1005 166 1046 monere
184 992 285 1060 potest.
311 989 454 1059 respondit
471 990 661 1060 exceptionem
681 989 791 1060 quidem
810 991 912 1060 opponi
929 1005 1019 1062 posse,
1038 991 1154 1052 indicem
1169 995 1259 1045 ιιιιιι
1273 991 1490 1058 aestimatorum,

52 1082 85 1134 ut
102 1094 153 1150 pro
171 1077 278 1134 damnis
295 1079 413 1149 emptori
430 1076 555 1134 satisfiat.

107 1167 366 1223 Hunuoeunrnnus
384 1167 453 1224 libro
471 1171 550 1223 sexto
567 1167 633 1222 iuris
646 1167 835 1236 epitcmarum.
863 1167 892 1222 Si
905 1166 1041 1223 debitore
1053 1166 1155 1224 furioso
1168 1166 1311 1236 delegatos
1331 1163 1488 1250 [ᾖς-,ιι
1507 1171 1549 1243 Ps

52 1255 182 1312 creditori
200 1257 259 1311 eins
277 1257 375 1326 sciunt,
394 1271 476 1326 quern
495 1261 649 1326 compotem
668 1257 768 1311 mentis
788 1271 849 1312 csse
868 1255 1069 1327 existimabat²,
1088 1261 1117 1312 et
1133 1257 1173 1311 ita
1191 1271 1252 1310 cnm
1266 1270 1299 1310 ec
1312 1259 1423 1326 agatur:
1442 1271 1489 1310 ex·
1509 1266 1538 1306 ro

52 1345 181 1415 ceptione
199 1344 255 1400 doli
272 1346 300 1400 in
319 1345 355 1414 id,
374 1344 448 1415 quod
465 1345 494 1400 in
512 1359 570 1399 rem
589 1343 683 1400 furiosi
701 1346 843 1416 processit,
862 1344 1026 1401 defenditur.

107 1432 267 1490 Scaeuous
291 1433 359 1488 libro
386 1433 536 1488 uicensimo
560 1433 677 1504 septimo
701 1433 880 1504 digestorum.
926 1435 1008 1490 Peter
1034 1449 1083 1505 pro
1109 1432 1166 1488 filia
1192 1429 1365 1516 [efflue.
1386 1442 1428 1502 Ep.
1441 1445 1489 1498 ιι
1508 1440 1533 1492 A

51 1521 147 1578 dotem
164 1521 329 1591 promiserat
346 1525 375 1576 et
391 1525 491 1591 pactus
509 1525 583 1592 erat,
606 1527 638 1577 ut
655 1522 714 1592 ipse
732 1523 818 1578 aieret
839 1521 923 1578 filiam
946 1539 1024 1579 susm
1043 1523 1157 1592 eiusque
1181 1536 1292 1576 omnes:
1316 1521 1389 1576 idem
1407 1520 1490 1577 homo

50 1610 209 1666 mstieanus
227 1623 329 1680 genero
347 1609 460 1679 scripsit
474 1603 554 1679 qnasi
577 1625 675 1666 usuras
698 1612 861 1681 praeteritas
885 1627 920 1667 ex
944 1611 1017 1668 dotis
1040 1610 1235 1682 promissione:
1258 1610 1412 1679 quaesitum
1437 1615 1489 1680 est,
1547 1609 1551 1623 '

51 1715 116 1755 cunr
134 1699 195 1770 ipse
211 1697 295 1754 filiam
314 1713 393 1754 suam
411 1697 566 1754 exhibuerit
583 1703 613 1753 ιι
630 1700 745 1754 maritus
763 1701 865 1755 unitum
884 1701 1036 1770 impensam
1054 1698 1164 1768 iecerit,
1189 1714 1224 1754 ιι
1249 1713 1284 1754 ιι
1308 1697 1488 1768 chirographo
1508 1711 1536 1750 ιι

50 1803 87 1844 ιι
100 1788 234 1860 stipulatu
246 1786 339 1857 agenti
352 1799 454 1856 genero
467 1786 593 1857 exceptio
605 1785 716 1843 obstare
729 1787 838 1844 debeat.
863 1788 1011 1858 respondit,
1031 1789 1063 1860 si,
1082 1793 1113 1844 ut
1125 1791 1301 1859 proponatur,
1319 1792 1406 1857 pater,
1425 1803 1487 1842 cum

51 1876 204 1947 exhiberet,
222 1891 272 1947 per
289 1889 409 1932 errorem
427 1875 621 1945 promississet,
639 1877 728 1932 locum
747 1876 805 1932 iore
823 1877 878 1933 dcii
894 1877 957 1932 mati
972 1879 1136 1949 exceptioni.
1163 1877 1243 1932 Αιιι
1262 1873 1337 1958 [qn-p.)
1350 1887 1448 1943 e.et,4,
1460 1889 1488 1935 ιι

50 1965 199 2038 nepotibus
217 1979 252 2021 ex
269 1963 326 2020 filia
342 1964 449 2034 legauit
465 1965 581 2034 singulis
599 1969 716 2020 sentens
733 1971 763 2021 et
780 1965 880 2021 adiecit
892 1965 958 2021 haec
972 1965 1071 2022 uerba:
1089 1965 1244 2035 ignoscite,
1262 1981 1325 2019 nem
1343 1970 1487 2035 potueram

48 2053 140 2112 'uobis
159 2053 275 2124 amplius
293 2054 461 2122 relinquere,
473 2054 525 2108 uisi
542 2069 585 2109 me
597 2053 700 2109 Fronto
717 2059 795 2124 pater
813 2059 906 2110 uester
923 2057 994 2110 maie
1012 2055 1172 2125 accepisset,
1192 2054 1235 2108 cni
1249 2052 1378 2108 dederam
1392 2059 1489 2108 mutua
1549 2087 1554 2104 .

51 2143 229 2214 quindecim,
247 2157 319 2212 quae
337 2141 372 2197 ab
391 2157 425 2197 ιο
443 2142 564 2212 recipere
583 2157 637 2198 non
655 2144 746 2212 potui:
769 2149 908 2213 postremo
926 2143 1032 2214 hostes,
1056 2143 1120 2212 qni⁸
1138 2141 1203 2197 mihi
1221 2140 1278 2196 iere
1296 2155 1405 2196 omnem
1424 2140 1487 2196 rub·
1507 2155 1536 2194 ιο

51 2232 190 2288 ἰιιιιίιιι
209 2229 397 2286 abstulerunt.
425 2231 580 2300 quaesitum
599 2236 656 2300 est,
680 2247 731 2301 en,
755 2233 778 2287 si
796 2233 842 2286 aui
860 2232 939 2288 heres
963 2233 999 2288 ab
1022 2232 1064 2286 his
1082 2230 1228 2300 nepotibus
1245 2230 1331 2299 patris
1350 2229 1393 2284 sui
1411 2229 1488 2285 here·

50 2319 134 2376 dium
152 2325 230 2390 petat
247 2318 412 2389 quindecim,
432 2323 528 2374 contre
545 2320 716 2375 uoluntatem
734 2319 856 2376 deiuncti
875 2319 966 2376 iacere
983 2320 1111 2375 uideatur
1129 2324 1158 2374 et
1175 2319 1231 2374 doli
1249 2318 1313 2372 mali
1326 2319 1488 2388 exceptione
1592 2385 1594 2394 Ι

50 2414 268 2466 summoneatur.
296 2407 440 2478 respondit
457 2408 647 2477 exceptionem
666 2407 845 2464 obstaturam.
876 2410 918 2464 Ex
930 2409 1083 2480 quadrante
1095 2407 1174 2462 heres
1192 2407 1311 2476 scriptus
1324 2423 1341 2462 ι
1353 2407 1487 2463 coherede

51 2513 86 2554 cx
104 2497 241 2553 dodrante
258 2497 384 2551 instituto
403 2496 470 2551 emit
487 2498 639 2566 portionem
659 2503 735 2552 certe
752 2498 920 2568 quantitate,
939 2512 974 2552 ex
992 2513 1047 2567 qua
1064 2497 1184 2565 aliquam
1202 2511 1337 2550 summam
1354 2497 1383 2550 in
1401 2497 1486 2552 nomi-

51 2585 133 2642 nibus
151 2601 187 2641 ex
205 2584 364 2641 kalendario
383 2585 423 2639 uti
441 2584 533 2656 daret,
552 2587 693 2656 stipulanti
711 2585 873 2656 spopondit:
898 2584 1028 2641 defuncto
1046 2585 1190 2641 uenditcre
1208 2583 1369 2640 hereditatis
1386 2583 1486 2640 falsum
1507 2597 1535 2638 se

51 2678 249 2731 testamentum
268 2672 405 2744 Septicius
423 2689 554 2730 accusare
572 2675 664 2745 coepit
682 2679 711 2730 et
728 2674 908 2730 hereditatem
927 2674 963 2730 ab
981 2679 1104 2745 emptore
1122 2674 1193 2744 petit
1216 2679 1245 2728 et
1262 2689 1297 2730 ne
1315 2674 1381 2743 quid
1400 2689 1435 2730 ex
1453 2690 1487 2730 ιι

51 2764 200 2833 minueret,
223 2763 396 2833 impetrauit:
418 2763 574 2833 quaesitum
599 2767 656 2832 est,
681 2765 837 2834 cognitione
860 2762 922 2818 falsi
940 2763 1077 2833 pendente
1097 2779 1131 2818 an
1150 2761 1283 2818 heredes⁴
1301 2779 1336 2818 ιι
1354 2765 1487 2833 stipulatu

50 2857 179 2922 petentes
202 2851 258 2908 doli
281 2851 443 2922 exceptione
467 2859 682 2907 summouentur.
713 2853 855 2923 respondit
881 2852 996 2908 heredes
1023 2852 1187 2922 uenditoris,
1215 2853 1238 2908 si
1265 2859 1329 2907 ante
1356 2859 1485 2908 euentum

51 2940 218 3012 cognitionis
239 2945 357 3010 pergunt
378 2945 487 3010 petere,
513 2941 676 3010 exceptione
699 2941 755 2997 dcii
779 2942 843 2996 maii
865 2956 948 3011 posse
966 2942 1140 2997 summoueri.
1171 2941 1275 3005 ¹biurito
1293 2946 1322 2996 et
1339 2939 1395 2997 filio
1413 2957 1486 2997 com-

51 3030 127 3086 muni
145 3043 182 3084 ex
198 3032 277 3098 parte
296 3027 410 3083 dimidia
427 3029 537 3099 scriptis
555 3028 701 3085 heredibus
724 3029 807 3085 filiam
831 3046 908 3086 sunm
934 3045 969 3086 ex
992 3031 1081 3101 priore
1105 3030 1277 3085 matrimonio
1301 3030 1341 3085 its
1358 3030 1486 3086 heredem
1506 3038 1535 3078 ιο

50 3119 183 3174 instituit:
202 3117 317 3171 'hirenis
335 3114 391 3172 tilia
410 3132 473 3172 mea
490 3133 525 3172 ex
543 3133 593 3172 sex
610 3118 699 3173 unciis
717 3117 797 3174 heres
815 3119 880 3173 mibi
899 3124 972 3188 esto,
998 3120 1021 3174 si
1039 3134 1102 3174 cum
1121 3117 1301 3174 coheredibus
1319 3121 1375 3174 tuis
1392 3135 1486 3189 parem

51 3206 192 3263 'rationem
210 3203 310 3261 seceris
327 3221 377 3276 pro
396 3221 458 3261 mea
475 3206 600 3275 portione
618 3207 646 3261 in
665 3206 737 3262 diem
757 3208 852 3262 mortis
870 3222 948 3263 meae
965 3208 1026 3263 eins
1044 3211 1137 3276 actus,
1161 3207 1209 3276 qui
1227 3207 1329 3278 pendet
1347 3222 1382 3262 ex
1400 3209 1488 3264 tutele
1593 3277 1598 3286 .

51 3295 114 3366 'tua‚
133 3309 217 3366 quarn
231 3293 322 3349 Titine
340 3299 420 3364 pater
438 3309 524 3365 mens,
543 3310 613 3350 suus
631 3299 696 3350 tuus
715 3295 932 3351 administrauit.
959 3297 1112 3365 quaesitum
1132 3299 1188 3364 est,
1207 3311 1251 3366 an,
1269 3296 1335 3364 quia
1352 3295 1404 3351 sub
1423 3311 1487 3352 con-

50 3384 158 3440 dicione
176 3383 303 3438 instituta
321 3381 376 3438 fllia
393 3386 476 3453 esset,
495 3383 519 3438 si
537 3384 677 3438 omitteret
694 3383 884 3454 hereditatem,
907 3385 947 3440 uti
965 3385 1070 3440 aduam
1088 3386 1191 3440 tutelae
1210 3384 1345 3440 actionem
1364 3383 1486 3456 haberet,

49 3473 143 3543 legata
160 3469 214 3527 sibi
231 3486 249 3526 ι
267 3475 354 3528 matre
372 3471 439 3526 dats
451 3473 583 3541 consequi
598 3472 693 3542 possit.
722 3473 864 3542 respondit
878 3472 1030 3529 seeundum
1045 3487 1079 3528 ea
1092 3487 1163 3543 qnae
1181 3477 1398 3542 proponerentur
1415 3488 1486 3543 eam,
1505 3479 1534 3521 tt

50 3561 159 3632 deque
177 3565 362 3631 quaereretur,
382 3565 477 3616 contra
495 3561 665 3617 uoluntatem
684 3565 778 3631 petere
797 3567 826 3616 et
842 3561 905 3618 ideo
924 3563 1113 3633 exceptionem
1132 3561 1188 3618 dcli
1206 3561 1386 3617 obstaturam.

51 3675 243 3746 nxrnoo)

49 3837 59 3872 ¹
78 3841 231 3907 emptorem
255 3852 290 3892 ex
313 3852 397 3892 ceusu
418 3835 532 3892 indicati
555 3833 610 3892 doli
635 3835 699 3891 mali
717 3837 878 3908 exceptione
896 3839 932 3904 (ι.
946 3837 995 3904 ι’.)ἰ
1084 3837 1193 3907 ²quem
1214 3840 1367 3908 compotem
1387 3835 1487 3892 mentis
1589 3875 1590 3880 .

49 3922 111 3964 esee
129 3908 307 3964 existimabat
324 3911 371 3964 det
389 3911 424 3975 (u.
438 3913 467 3974 i.)
545 3907 622 3977 ⁸qui
640 3911 687 3964 dei.
705 3911 792 3979 (edd),
810 3917 862 3964 uisi
879 3910 1004 3980 quaedem
1023 3910 1169 3964 admunt
1247 3907 1420 3980 ‘coheredis
1438 3917 1485 3963 ina.

48 4075 183 4145 equam}
208 4089 291 4145 quam
315 4076 339 4131 si
363 4076 400 4128 ι’
464 4075 612 4131 5ιιίιιιι
637 4080 680 4130 ιιι
703 4075 740 4127 F¹
794 4077 912 4144 (Aaou).
940 4078 1019 4132 nebu
1037 4091 1118 4147 quern
1138 4079 1292 4146 compotem
1305 4077 1405 4132 mentis
1423 4090 1485 4132 esse

48 4147 66 4202 6
89 4147 252 4216 exceptione
279 4162 314 4202 ex
338 4161 423 4202 ceusu
447 4145 560 4201 iudicati
588 4145 642 4201 dcli
665 4146 739 4214 mali]
794 4147 971 4204 existimabat
982 4155 1091 4220 apparet
1103 4165 1153 4202 non
1165 4155 1217 4202 tom
1230 4151 1351 4203 concentu
1367 4167 1420 4203 erse
1431 4151 1485 4202 loce

47 4233 83 4273 ex
94 4233 183 4273 cauea
193 4218 317 4283 (iudicati
330 4227 378 4272 ius.
387 4217 440 4285 X')
453 4217 615 4287 exceptione
627 4217 740 4272 iudicati
794 4238 843 4273 non
865 4239 924 4284 ruo,
949 4239 1025 4291 qurum
1050 4227 1107 4290 ipsa
1131 4226 1212 4289 inepte
1234 4219 1284 4273 ltus
1306 4221 1433 4273 translatu
1456 4237 1486 4272 en

47 4288 103 4344 doli
129 4289 194 4342 mali
210 4289 254 4354 X,
279 4304 314 4344 ιι
336 4303 421 4344 cauea
443 4288 556 4344 iudicati
579 4289 740 4358 exceptione
794 4292 809 4343 1.
819 4290 837 4342 4
849 4289 864 4360 §
878 4291 912 4344 26
924 4291 949 4344 h.
962 4297 993 4344 t:
1011 4309 1070 4344 nam
1087 4290 1193 4362 quodie
1206 4292 1373 4362 rmrfurtost
1385 4309 1485 4344 nemin

47 4359 103 4416 deii
122 4359 187 4414 maii
209 4359 296 4426 YMO,
318 4373 353 4414 ex
371 4375 455 4414 causa
472 4359 584 4414 iudicati
603 4358 658 4413 doli
676 4360 741 4414 maii
794 4367 841 4424 est,
872 4369 974 4415 omnino
999 4364 1124 4432 projicere
1148 4367 1225 4414 ettam
1248 4367 1337 4415 aciemn·
1351 4362 1485 4432 seriorum

46 4431 211 4502 exceptione
223 4430 262 4486 0:
280 4430 386 4492 sisaran
401 4429 481 4493 ιῨτὸι
495 4429 679 4492 siscianensis
691 4431 740 4485 utic
794 4449 847 4485 erse
871 4438 895 4485 et
918 4451 948 4486 ιι
972 4439 1030 4503 ipsu
1053 4451 1082 4486 re
1105 4437 1215 4502 apparet
1237 4437 1262 4484 et
1284 4449 1314 4484 en
1334 4434 1486 4486 teneritate

46 4503 188 4557 κιτιιίκιι
213 4499 317 4566 λιιι-ιιι
344 4502 551 4572 uapaspdqeceer
580 4502 606 4556 Β
630 4501 740 4568 (Auen.)
795 4503 830 4556 12
847 4502 964 4571 septimo
981 4503 1075 4556 om.F¹
1125 4503 1159 4556 14
1175 4515 1278 4570 genere
1296 4501 1406 4570 scripsit
1422 4501 1483 4574 seq]

46 4575 63 4628 9
75 4573 100 4628 ai
109 4577 152 4640 (ee
163 4573 210 4640 Ρ)
218 4571 327 4628 debimr
338 4587 356 4628 ι
367 4570 470 4628 furioso
482 4572 542 4645 sep]
553 4573 620 4626 idem
628 4574 741 4658 deperient
794 4571 833 4626 ὡι
848 4572 944 4636 rosere
956 4573 1098 4644 χρεωιτῶι
1111 4570 1311 4643 exerpsi-pierres
1325 4573 1364 4640 τῷ
1379 4573 1485 4642 sucepti)

47 4643 159 4700 Graeci:
173 4642 194 4730 ,d
211 4644 346 4728 xpedicrsc
363 4643 412 4705 τοῨ
426 4643 586 4706 ιιιιοιὲιογ
600 4659 662 4696 nare
675 4661 739 4712 προ·
794 4641 875 4706 uiro?
901 4645 968 4716 epu.
1029 4645 1062 4698 18
1086 4641 1250 4714 nepotibus
1274 4643 1312 4696 F’
1331 4645 1336 4711 Ι
1356 4642 1408 4698 hac
1433 4643 1482 4708 Fr

44 4716 133 4770 isaias
152 4733 235 4777 ιγιογ
252 4713 406 4769 ιιιιιιιὼι
424 4715 464 4780 τῷ
482 4713 602 4783 sessuri
616 4712 696 4776 ιιτοῩ
709 4712 738 4769 ὲκ
793 4713 1034 4784 ignoscite'x’ncm
1048 4714 1086 4767 ι’
1132 4716 1166 4770 19
1178 4713 1319 4770 mutuam
1327 4713 1484 4838 quindecim

45 4783 190 4856 diffinere?
207 4787 275 4854 cod.)
299 4785 393 4849 steen
414 4783 494 4846 ιῩτὸι
512 4783 693 4846 ruthenenses
713 4787 740 4840 B
794 4785 830 4838 Ρ
882 4787 918 4841 sb
935 4785 1091 4841 calendario
1111 4785 1144 4839 t*
1199 4787 1235 4841 28
1252 4784 1326 4840 here*
1346 4792 1386 4840 ιι
1405 4785 1441 4838 F’
