3584 5454
260 257 425 330 xxxxvl
447 261 467 324 3
486 263 621 321 98—104
935 253 1023 332 720
1205 276 1259 323 nu
1275 275 1457 325 souuu1ors.
1474 277 1522 324 uu
1544 277 1704 324 ureretur.

261 417 400 472 diuersum
419 415 550 484 dicemus,
569 415 593 468 si
611 428 709 469 seruus
726 414 878 483 promissus
897 412 931 469 sb
950 411 1075 468 hostibus
1094 416 1192 482 eaptus
1210 413 1258 467 sit:
1278 413 1322 468 hio
1340 414 1448 470 interim
1466 415 1528 484 peti
1540 431 1598 470 non
1616 420 1708 484 potest

261 507 340 576 qussi
358 510 423 560 unte
441 504 523 572 diem,
542 501 593 558 sed
611 503 635 557 si
652 502 765 558 redierit
781 501 957 572 postliminio,
975 507 1051 558 reete
1066 506 1132 556 tuno
1142 505 1265 571 petetur:
1284 503 1405 558 oesssuit
1416 504 1489 558 enim
1504 503 1550 558 bie
1562 503 1706 574 obligatio.

262 607 327 648 eres
344 597 436 648 eutem
456 597 541 660 extat,
558 591 631 646 sieut
648 596 748 662 oetero,
766 605 801 646 ex
819 590 920 662 quibus
938 588 1093 646 aedilicium
1111 591 1243 646 ooustitit
1270 590 1388 661 denique
1406 592 1452 646 lex
1463 591 1615 648 duodeoirn
1628 592 1707 648 tubu-

261 684 349 738 lsrum
367 683 474 752 tignum
494 678 610 735 sedibus
632 679 755 735 iunotum
779 679 914 736 uindiosri
936 693 1019 749 posse
1037 680 1102 749 soit,
1126 678 1177 734 sed
1200 680 1308 735 interim
1331 681 1361 736 id
1383 681 1454 736 solui
1476 679 1624 752 prohibuit
1646 695 1707 752 pre·

262 773 386 841 tiumque
404 771 464 826 elus
483 769 542 824 deri
559 768 656 824 uoluit
1725 781 1739 821 s

205 861 243 920 99
315 860 435 915 Pronus
452 857 521 913 libro
540 863 637 927 quarto
649 871 853 926 responsorum.
880 855 1033 926 Respondit
1045 855 1214 912 debitorem¹
1229 873 1284 914 non
1296 871 1357 913 esse
1370 857 1525 928 eogendum
1545 851 1708 942 [Q
1724 863 1751 917 P

262 949 290 1003 in
308 949 388 1004 ulium
408 947 523 1003 formum
541 961 668 1002 nummos
687 946 821 1016 uooipere,
840 946 863 1000 si
882 960 916 1000 ex
934 960 969 1000 eo
986 961 1016 1000 re
1034 945 1163 1001 domnum
1182 947 1286 1016 aliquid
1303 963 1435 1018 passurus
1454 947 1500 1002 sit

187 1037 246 1098 100
315 1037 393 1092 mnu
409 1035 479 1092 libro
497 1035 604 1090 deeimo
622 1049 824 1104 responsorum.
861 1033 983 1103 Quuero,
1007 1050 1042 1089 un
1060 1034 1232 1090 ourstorlbus
1255 1036 1300 1091 uel
1322 1035 1460 1091 tutoribus
1478 1037 1508 1090 in
1540 1046 1649 1101 Μαι,
1662 1047 1707 1092 10⁰
1725 1041 1752 1094 P

262 1125 405 1196 pronioris
422 1124 494 1180 dotis
513 1125 616 1179 Romus
633 1123 751 1193 pecunie
769 1123 839 1178 solui
856 1123 945 1192 possit
951 1123 971 1192 ²,
990 1137 1062 1193 quse
1080 1124 1108 1178 in
1127 1124 1269 1193 prouinoiu
1285 1125 1325 1179 itu
1343 1124 1378 1180 sb
1396 1123 1439 1179 bis
1456 1123 1605 1180 faenerato
1622 1131 1706 1193 esset,

262 1219 295 1269 ut
310 1213 414 1269 Romus
432 1213 599 1280 solueretur,
624 1227 686 1267 oum
705 1211 778 1266 idem
797 1214 938 1266 ourstores
960 1212 1005 1266 uel
1028 1216 1135 1267 tutores
1152 1227 1243 1268 rerum
1261 1213 1417 1268 ltsliourum
1436 1212 1707 1268 administrationem
1726 1225 1753 1264 rr

262 1317 317 1358 uon
336 1301 486 1371 sustinent,
509 1302 570 1370 sni,
589 1300 613 1356 si
631 1301 744 1356 soluerit
761 1298 881 1368 debitor,
900 1298 1038 1356 liberetur.
1066 1301 1168 1356 Paulus
1186 1301 1327 1372 respondit
1344 1301 1387 1356 his
1404 1299 1543 1357 tutoribus
1561 1301 1609 1356 uel
1629 1317 1708 1356 ours-

261 1390 367 1447 toribus
385 1394 460 1446 reete
478 1389 581 1459 pupillo
599 1389 743 1458 psouuism
762 1387 884 1444 debitum
903 1388 988 1458 solui,
1013 1390 1060 1459 qui
1083 1391 1195 1460 negotiu
1217 1391 1277 1445 eius
1300 1390 1507 1446 administrent:
1531 1404 1583 1445 eos
1602 1395 1707 1460 sutem,

262 1480 310 1550 qui
335 1479 542 1549 proulueiulium
570 1493 661 1532 rerum
687 1482 829 1534 ourutores
855 1477 899 1532 uel
926 1481 1032 1532 tutores
1058 1485 1136 1548 suot,
1167 1479 1263 1534 [tulius
1288 1480 1401 1550 negotiu
1427 1479 1624 1535 sdrnlnistnre
1651 1495 1707 1535 non

263 1567 364 1637 solere,
387 1567 439 1622 nisi
463 1567 618 1637 speeiulitsr
639 1571 745 1622 tutores
761 1565 970 1636 prouinoislium
993 1581 1097 1637 rerum,
1121 1571 1153 1622 ut
1175 1566 1228 1622 sibi
1251 1568 1356 1624 Romus
1378 1569 1555 1638 redderetur,
1580 1569 1706 1639 promitti

263 1659 436 1712 oursusrunt.
1726 1669 1751 1710 rs

186 1747 243 1806 101
315 1745 393 1800 Ioum
416 1742 486 1800 libro
508 1744 604 1814 quinto
628 1743 736 1798 decimo
756 1757 959 1812 responsorum.
998 1743 1099 1800 Paulus
1121 1744 1264 1816 respoudit
1284 1760 1339 1800 non
1361 1745 1424 1802 ideo
1448 1761 1507 1816 eos,
1526 1741 1568 1828 Β.
1577 1759 1617 1813 ss,
1627 1759 1649 1812 s,
1661 1759 1705 1804 ror
1724 1753 1749 1806 P

263 1832 310 1902 qui
327 1833 433 1888 uirilem
452 1833 605 1902 portionem
623 1847 658 1888 ex
676 1847 762 1887 ouuss
779 1830 983 1887 fideicommissi
1001 1830 1102 1887 inferre
1120 1833 1286 1904 debuerunt,
1305 1833 1435 1890 liberatos
1450 1834 1550 1903 uideri,
1573 1835 1706 1904 quonism

231 1935 243 1980 1
263 1921 375 1992 quidem
393 1935 428 1976 ex
446 1921 558 1991 eollegis
580 1936 630 1991 per
653 1935 772 1976 errorem
795 1921 857 1989 plus
881 1920 974 1977 debito
999 1921 1157 1977 intulerunt
1193 1923 1295 1978 Paulus
1318 1922 1461 1992 respondit
1484 1923 1567 1977 elium
1591 1939 1705 1978 osussm

264 2023 325 2065 esse
343 2009 475 2066 debitoris
493 2010 634 2078 uoluentis,
654 2009 735 2064 ulium
754 2008 897 2064 creditoris
915 2009 1015 2080 pignus
1034 2009 1226 2066 distrahentis:
1245 2025 1309 2066 num
1322 2026 1384 2066 oum
1398 2011 1507 2074 debitor
1518 2012 1606 2066 soluit
1623 2027 1705 2082 pesu-

264 2098 346 2168 nism,
364 2098 393 2154 in
411 2102 549 2168 potestate
567 2099 627 2154 eius
644 2113 707 2154 esse
725 2113 947 2167 commemorare,
965 2099 993 2153 iu
1011 2113 1094 2168 quum
1113 2115 1224 2154 esurum
1244 2100 1378 2155 solueret:
1395 2115 1458 2156 eum
1471 2105 1566 2156 sutem
1586 2101 1706 2158 emditor
1723 2114 1748 2154 so

263 2187 364 2257 pignus
382 2187 560 2258 distraheret,
579 2187 661 2244 lioere
679 2187 705 2242 ei
723 2187 841 2258 pretium
859 2187 888 2242 iu
905 2191 1050 2257 sooeptum
1070 2185 1171 2244 referre
1190 2189 1274 2244 etium
1292 2189 1321 2243 in
1339 2203 1400 2244 eum
1419 2189 1616 2260 quantitatem,
1634 2203 1704 2260 quse

263 2279 363 2332 ustura
380 2281 487 2332 tuntum
505 2273 666 2346 debebutur,
685 2280 713 2331 et
731 2275 810 2330 ideo⁴
828 2274 948 2330 deduoto
966 2289 1000 2330 eo
1017 2274 1140 2331 debitum
1160 2278 1217 2346 peti
1235 2292 1327 2348 posse.

188 2366 246 2426 102
318 2366 477 2422 serenent
499 2365 568 2422 libro
591 2365 686 2435 quinto
709 2378 912 2434 responsorum.
949 2363 1074 2420 creditor
1097 2365 1216 2422 oblutsm
1236 2381 1253 2420 s
1271 2364 1346 2420 debi-
1364 2363 1546 2450 [1311102-
1568 2374 1745 2439 spitotP

263 2459 324 2511 tore
341 2455 486 2526 peouuium
504 2459 536 2509 ut
554 2454 607 2508 sliu
624 2453 669 2508 die
688 2457 850 2523 uooepturus
868 2452 988 2508 distulit:
1010 2468 1074 2509 mox
1091 2455 1216 2524 peoonla,
1234 2470 1290 2524 qus
1307 2455 1354 2510 ills
1371 2470 1415 2510 res
1433 2455 1546 2524 publiea
1564 2455 1701 2526 utebatur,

264 2545 343 2614 qussi
366 2557 464 2599 seroso
487 2543 564 2598 iussu
582 2542 716 2613 prsesldis
734 2542 843 2597 sublate
861 2547 916 2596 est:
941 2542 1007 2596 item
1024 2543 1165 2612 pupilluris
1182 2545 1311 2614 peeunis,
1337 2549 1369 2600 ut
1385 2545 1474 2614 possit
1490 2545 1602 2600 idoneis
1619 2546 1702 2600 nomi·
1718 2555 1743 2598 ss

264 2632 345 2688 nibus
363 2631 437 2688 oredi
456 2634 580 2701 seruate,
599 2631 639 2686 its
655 2631 821 2701 interemptu
838 2633 892 2684 est:
912 2631 1066 2699 quaesitum
1085 2637 1135 2702 est,
1155 2632 1233 2687 ouius
1251 2632 1444 2689 detrimentum
1462 2640 1547 2690 esset
1576 2633 1701 2705 respondi

231 2733 244 2778 1
263 2721 414 2778 seeundum
437 2736 472 2776 eu
493 2734 565 2790 quse
587 2723 805 2790 proponerentur
827 2733 880 2774 nee
902 2719 1045 2775 creditoris
1067 2735 1119 2776 neo
1141 2721 1240 2776 tutoris
1258 2721 1452 2778 detrimentum
1470 2737 1542 2779 esse.
1583 2723 1651 2779 Cum
1669 2723 1700 2777 de

264 2814 339 2867 sorte
360 2809 454 2866 debito
476 2813 629 2879 oomturet,
653 2809 688 2864 de
706 2825 791 2864 usurs
808 2809 944 2878 litigatum
963 2811 1051 2878 esset,
1075 2809 1224 2864 nouissime
1242 2825 1277 2865 ex
1295 2812 1479 2880 sppellstlone
1496 2813 1699 2882 pronuntiatum

264 2905 309 2956 est
325 2899 429 2976 suetus
446 2897 558 2968 quidem
576 2913 674 2954 usurus
692 2913 746 2954 uon
764 2898 865 2968 repeti,
889 2896 1058 2953 infuturum
1077 2912 1143 2953 uero
1161 2913 1216 2954 uon
1235 2897 1343 2954 deberi:
1366 2915 1484 2970 quaero,
1502 2902 1624 2970 peeuniu
1640 2900 1699 2954 drts

263 2993 356 3044 uuum
374 2987 465 3042 usuris
483 2985 581 3042 eedere
600 2986 721 3057 deberet,
740 2987 813 3056 quod
832 2987 934 3057 petitor
951 2985 1136 3055 defendereu,
1157 3003 1192 3041 un
1210 3001 1276 3042 uero
1295 2989 1362 3043 sorti
1379 2987 1535 3058 proflueret
1566 2989 1697 3060 respondi,
1711 3000 1733 3040 ιι

231 3089 246 3134 u
264 3077 289 3133 si
306 3077 354 3147 qui
371 3075 464 3146 dubet,
481 3075 509 3131 iu
528 3080 629 3131 sortem
648 3091 680 3130 se
698 3075 764 3132 durs
781 3075 905 3144 dixisset,
924 3075 1016 3130 usuris
1033 3090 1088 3130 non
1106 3074 1207 3130 debere
1225 3075 1366 3146 profluere
1397 3077 1526 3134 Uslerius
1543 3080 1623 3134 Lusii
1639 3075 1696 3134 ‘litii

264 3179 362 3221 seruus
384 3165 506 3234 scripsit:
526 3165 627 3233 ‘seoepi
650 3165 771 3220 sMsrio
789 3164 893 3220 Morino
917 3179 952 3220 ex
975 3179 1083 3218 summu
1106 3165 1210 3220 maiore
1233 3169 1276 3220 tot
1292 3165 1413 3220 sureos':
1438 3181 1558 3238 quaero,
1583 3184 1620 3222 sn
1636 3167 1695 3221 huet

264 3269 372 3310 summe
395 3254 424 3308 in
445 3253 600 3323 proximum
624 3267 725 3309 sunum
748 3254 775 3308 ei
798 3257 913 3323 ueeepto
936 3251 1000 3308 ferri
1025 3253 1137 3323 debest,
1161 3269 1222 3308 eum
1242 3255 1389 3324 superioris
1407 3256 1473 3311 unni
1491 3257 1530 3311 sit
1547 3257 1692 3327 reliquutor.

231 3355 246 3400 s
263 3342 393 3412 respondi
410 3341 499 3398 uideri
516 3342 544 3396 iu
562 3341 678 3412 primum
697 3356 834 3412 quumque
852 3357 988 3396 summum
1007 3341 1195 3400 liberationem
1213 3341 1355 3412 profluere.
1383 3343 1474 3400 Titius
1494 3349 1619 3400 mutuum
1635 3347 1692 3415 lpe
1704 3337 1758 3396 llil

264 3432 372 3487 eunium
396 3430 504 3500 seoepit
527 3435 557 3484 et
579 3431 746 3499 qulnounees
770 3446 867 3486 usurss
891 3431 1039 3500 spopondit
1062 3445 1165 3501 euque
1183 3431 1279 3501 peusis
1296 3433 1375 3487 sonis
1392 3433 1490 3488 soluit:
1514 3439 1614 3504 postes
1630 3431 1691 3488 nullo
1707 3437 1727 3481 se

263 3524 346 3590 puoto
369 3518 568 3576 interueniente
591 3534 642 3588 per
662 3533 780 3574 errorem
800 3523 829 3574 et
846 3519 1028 3588 ignoruntium
1048 3521 1177 3576 semisses
1194 3536 1293 3576 usurus
1310 3520 1407 3576 soluit:
1431 3536 1552 3593 quaero,
1576 3537 1612 3578 su
1628 3525 1690 3592 pult

263 3607 337 3664 isoio
361 3623 453 3664 errore
475 3607 516 3677 id,
539 3607 613 3678 quod
637 3609 754 3678 emplius
777 3623 922 3663 usurarum
946 3609 1055 3663 nomine
1079 3610 1199 3664 solutum
1224 3615 1299 3666 esset
1322 3625 1405 3680 quum
1429 3610 1465 3666 in*
1477 3612 1638 3681 stipulatum
1654 3609 1689 3664 de-

263 3697 390 3767 duotum,
408 3701 510 3753 sortem
528 3697 672 3752 minueret.
701 3697 857 3766 respondit,
875 3697 899 3751 si
918 3711 1009 3752 errore
1026 3697 1088 3767 plus
1106 3698 1134 3752 in
1152 3699 1243 3754 usuris
1261 3699 1391 3754 uoluisset
1407 3713 1493 3768 quum
1512 3700 1638 3770 deberet,
1654 3697 1689 3754 lr-

262 3785 381 3842 hendsm
401 3786 534 3842 rationem
552 3786 580 3840 in
598 3789 700 3841 sortem
718 3785 777 3842 eius
795 3784 869 3854 quod
888 3786 1005 3855 emplius
1023 3781 1142 3842 solutum
1161 3793 1212 3842 est.
1700 3791 1719 3834 ³¹

188 3875 245 3934 103
316 3876 491 3930 honorosus
512 3873 581 3930 libro
605 3873 727 3930 seeundo
750 3871 1031 3929 fideicommissorum.
1068 3875 1137 3931 Cum
1156 3891 1191 3931 ex
1209 3875 1333 3946 pluribus
1350 3876 1444 3932 esuris
1462 3876 1511 3932 de·
1546 3875 1717 3960 sssffll'

262 3961 335 4020 bitor
351 3963 496 4034 pseunism
514 3963 605 4034 soluit,
623 3963 745 4018 Iulianus
763 3963 966 4031 elegentissime
983 3967 1064 4033 putot
1079 3973 1114 4019 'eu
1134 3981 1168 4020 es
1185 3980 1270 4020 euuss
1287 3979 1350 4020 eum
1363 3965 1483 4021 soluisse
1497 3955 1687 4029 oiddi‘dehss

245 4052 298 4107 *ex
315 4067 371 4122 que
387 4057 462 4121 tuno,
481 4067 543 4108 oum
563 4051 698 4121 soluebut,
717 4051 843 4122 oompelli
860 4051 961 4121 poterit
979 4051 1015 4106 ud
1033 4053 1206 4110 solutionem.

187 4142 245 4201 104
315 4141 394 4196 mnu
407 4140 477 4196 libro
488 4145 588 4196 oetsuo
600 4139 882 4197 fideicommissorum.
909 4139 983 4196 Ante
996 4143 1151 4198 restitutum
1163 4141 1343 4199 hereditstem
1357 4143 1512 4202 solutiones
1531 4131 1688 4230 Q
1699 4139 1717 4195 P

263 4234 292 4286 et
309 4228 485 4286 liberetiones
503 4227 594 4286 isetso
612 4228 648 4286 ub
665 4228 766 4286 herede
784 4234 861 4286 ratse
879 4229 1061 4286 habebuntur.

262 4343 457 4415 ramos)

264 4503 454 4560 ¹oreditorem
468 4507 503 4570 (u
516 4505 566 4572 t.)?
618 4505 792 4575 ²peounium
805 4507 863 4573 (dri.
875 4506 945 4561 solui
956 4506 1073 4576 possit)?
1126 4507 1245 4562 landet.
1302 4508 1445 4564 ‘nonius
1500 4499 1687 4566 sustentetur?

264 4671 288 4732 1Ἰ
299 4670 323 4725 si
341 4685 438 4726 seruus
457 4673 497 4726 hir
515 4671 550 4725 F¹
567 4673 572 4740 Ι
592 4673 638 4743 sit]
657 4673 702 4738 Ρ,
721 4676 765 4729 est
783 4675 819 4727 F’
872 4675 890 4730 3
907 4690 954 4730 ex·
1008 4673 1053 4729 tle
1121 4676 1203 4747 ογιιῠιζι
1223 4675 1286 4731 ueri
1305 4676 1423 4742 silerem
1441 4678 1492 4740 τοῨ
1512 4677 1637 4750 ἔρχοκτοο
1653 4673 1687 4728 b·

263 4743 343 4796 retr
380 4743 601 4797 4uiudiosreF¹
647 4744 838 4816 sdebitorem]
852 4747 954 4812 FY00‘,
1007 4748 1112 4812 horrison
1131 4747 1180 4802 rdu
1199 4747 1281 4812 riuos
1299 4749 1355 4803 τὼιι
1376 4748 1405 4803 'ss
1425 4747 1687 4822 iurisperitorum

263 4811 425 4868 oreditorem
443 4813 610 4869 mro‘o
658 4817 721 4870 tin
739 4817 820 4872 ulium
838 4815 954 4872 formum
1008 4819 1186 4882 λιτεγοιιὲιιωιι
1211 4819 1378 4874 suniemirus
1405 4821 1431 4875 B
1449 4823 1575 4888 (Aaou),
1597 4819 1640 4874 tis

263 4884 399 4952 nummos]
423 4884 504 4948 ἔλλογ
527 4885 610 4948 riuos
633 4889 776 4942 souicusrs
801 4889 827 4942 Β
844 4889 955 4954 (Aeon)
1007 4887 1134 4960 &sollerti
1152 4893 1209 4945 τῶι
1232 4891 1359 4952 ιιοῨιιιιωιι
1382 4889 1397 4943 ιἰ
1417 4893 1535 4961 solereio
1553 4891 1688 4966 lipsius

265 4957 299 5010 16
322 4955 556 5026 rsepondit'i'nou
581 4955 617 5010 F‘
708 4960 740 5013 17
764 4957 895 5014 liberatus
918 4959 954 5013 Ρ
1007 4961 1138 5030 popillius
1150 4963 1186 5016 F¹
1229 4964 1264 5019 26
1276 4959 1396 5018 oredi‘di'
1407 4969 1522 5020 seruutu
1532 4963 1573 5018 Fi
1609 4961 1688 5018 bist·

251 5028 299 5100 ¹18
324 5027 465 5097 collegiis
483 5029 520 5083 Ρ
608 5028 644 5084 24
666 5045 730 5084 mox
753 5031 871 5100 pecunie
892 5031 953 5103 sep]
1008 5033 1063 5102 eipi
1081 5033 1119 5086 1Ἶ
