3616 5468
286 251 435 321 llllllllll
454 252 475 318 2
495 257 610 316 27-32
964 241 1050 324 154
1245 267 1292 315 on
1309 266 1581 316 auuosaouuue
1596 266 1721 316 arnano

286 415 350 477 lina,
372 399 427 467 mm
445 416 598 473 sammua,
620 405 761 464 uindleare
778 405 869 477 potuit
886 421 967 463 suum
986 419 1056 462 esse.
1087 405 1178 462 sedai
1197 422 1253 478 qna
1269 405 1425 464 distributio
1443 407 1502 463 sins
1521 406 1561 462 rei
1577 404 1655 462 faeta
1671 411 1721 477 est,

286 505 353 556 tnno
369 500 491 568 interest,
509 496 647 568 quomodo
666 497 703 552 sit
719 497 850 566 legatum.
883 496 908 551 si
924 493 1028 552 laetum
1047 510 1143 552 aurum
1161 497 1283 566 legatum
1300 502 1352 568 est,
1369 511 1451 553 omne
1468 495 1505 552 ad
1522 511 1585 552 eum
1604 495 1724 566 portast

287 590 331 646 oui
348 589 470 659 legatum
487 590 532 642 est
548 601 584 642 ex
601 601 656 656 quo
673 600 741 642 auro
758 583 862 656 aliquid
879 588 923 640 est
940 585 1079 656 ellectum,
1097 585 1157 640 sine
1174 585 1204 641 id
1222 600 1289 642 suas
1307 586 1367 642 aine
1384 586 1497 642 alterius
1514 585 1620 641 udonis
1637 600 1723 641 saum

286 680 412 750 paratum
430 680 512 746 esset,
530 675 615 732 ueluti
634 690 703 730 nasa
721 689 805 731 aurea
823 673 988 730 emblemata
999 674 1080 744 signa
1091 689 1188 730 aurum
1200 673 1332 731 muliebre
1343 679 1371 731 et
1383 680 1482 745 uetera
1500 688 1572 745 qnae
1584 672 1629 730 bis
1639 673 1723 730 rebus

287 773 352 825 snnt
368 767 475 824 similia
506 763 556 820 sed
574 764 598 819 si
615 761 747 820 inieotum
764 765 886 833 legatum
905 767 956 833 eat,
975 763 1048 833 quod
1067 763 1127 819 eins
1144 763 1185 819 ita
1201 762 1305 820 iaotum
1322 768 1374 834 est,
1391 768 1424 821 ut
1441 777 1483 834 oo,
1500 761 1592 834 quod²
1611 761 1648 818 ad
1665 777 1724 818 rem

287 861 473 930 eomparatum
497 859 552 924 est,
577 868 633 909 non
649 853 740 923 possis
757 852 799 908 nti
816 853 876 908 sine
893 850 1056 922 retentione,
1079 851 1208 924 quodque
1226 852 1262 910 ab
1280 868 1313 909 oo
1330 859 1409 924 patre
1426 851 1543 910 iamlllas
1560 849 1658 907 inieoti
1674 867 1723 907 nu·

287 947 380 1004 maro*
396 944 500 1014 iuerat,
523 943 553 998 id
575 941 686 998 uidetur
708 942 830 1012 legatum
849 956 919 997 esse.
951 942 976 997 si
993 945 1085 998 antem
1104 957 1201 998 aurum
1218 943 1264 998 nel
1281 947 1426 1013 argentum
1444 941 1582 1013 signatum
1599 940 1723 1010 legatum

287 1040 344 1106 est,
366 1034 396 1091 id
418 1029 632 1106 paterfamilias
650 1030 759 1086 uidetur
775 1035 940 1087 testamento
958 1031 1081 1102 legasse,
1104 1030 1179 1102 qnod
1197 1031 1256 1087 eius
1272 1032 1366 1102 aliqua
1382 1030 1472 1087 torma
1488 1035 1532 1086 est
1549 1043 1723 1100 expressum,

254 1133 268 1180 5
287 1125 372 1182 ueluti
396 1137 467 1194 quae
488 1119 575 1192 filippi
597 1124 662 1176 sunt
685 1119 806 1192 itemque
830 1120 995 1176 nomismata
1016 1123 1045 1175 et
1063 1120 1170 1176 similia.
1206 1121 1331 1190 Argento
1348 1122 1441 1192 legato
1459 1133 1515 1175 non
1531 1123 1600 1190 puto
1618 1119 1730 1174 neumis

253 1221 371 1272 ooausa
393 1211 488 1269 habits
510 1207 596 1266 senfin
612 1208 760 1280 oontineri,
783 1209 848 1280 quia
865 1209 972 1278 argenti
990 1225 1103 1265 numero
1122 1224 1176 1266 uon
1194 1208 1337 1266 habentur.
1373 1208 1527 1280 Argentum
1560 1218 1731 1276 samam

287 1303 390 1360 fantum
408 1304 483 1357 reete
501 1299 563 1369 quis
580 1298 620 1354 ita
638 1295 773 1354 definierit
789 1297 864 1368 quod
882 1311 971 1368 neque
989 1298 1017 1354 in
1036 1313 1128 1354 massa
1144 1299 1280 1369 usquein
1297 1299 1389 1355 lamna
1406 1313 1496 1370 noque
1513 1297 1542 1354 in
1553 1297 1666 1368 signato
1678 1311 1736 1353 ns-

288 1407 341 1465 que
358 1392 387 1447 in
405 1387 566 1461 supellectili
583 1401 673 1457 nsque
690 1387 719 1442 in
736 1386 840 1443 mundo
858 1399 948 1456 neque
965 1386 994 1442 in
1011 1388 1179 1444 ornamentis
1196 1387 1271 1444 insit.

230 1479 270 1540 28
340 1481 481 1536 Anrmrus
498 1477 601 1533 Uanus
624 1475 694 1532 libro
717 1476 835 1547 septimo
858 1475 1035 1546 digestorum.
1072 1474 1142 1532 cum
1160 1477 1188 1532 in
1206 1479 1370 1532 manento
1388 1475 1469 1532 alieni
1486 1491 1528 1532 ar·
1547 1469 1740 1558 [emanans

287 1574 410 1642 gentum,
428 1567 503 1639 quod
520 1581 588 1622 nans
606 1566 649 1620 sui
667 1579 753 1621 eausa
768 1570 894 1635 paratum
912 1570 995 1635 emet,
1014 1565 1159 1636 legaretur,
1177 1565 1315 1636 tumque·
1331 1565 1417 1622 uestis
1428 1569 1478 1622 aut
1489 1551 1740 1635 sepelio-{uffi-

288 1662 371 1718 situm
389 1663 446 1728 est,
468 1655 535 1726 quid
552 1653 685 1724 omnaque
702 1667 770 1710 usus
788 1669 873 1710 oausa
891 1653 1031 1710 uideretur
1048 1659 1174 1725 paratum
1192 1669 1262 1724 esse,
1281 1659 1408 1710 unumne
1425 1653 1455 1710 id
1472 1659 1632 1724 argentum,
1651 1653 1743 1724 qnod

288 1750 379 1806 metus
397 1747 440 1802 sui
458 1761 543 1802 eausa
559 1747 685 1814 paratum
702 1747 781 1813 pater
799 1740 915 1800 familias
933 1743 970 1798 sd
988 1743 1154 1800 eotiffianum
1172 1757 1252 1799 nsum
1270 1748 1397 1814 pmasset
1413 1759 1449 1799 au
1466 1749 1496 1799 et
1511 1743 1536 1799 si
1553 1758 1603 1799 eas
1614 1759 1741 1800 mensas

288 1841 434 1910 argenteas
452 1840 481 1892 et
499 1835 558 1890 eiua
576 1832 685 1903 generis
703 1835 847 1902 argentum
865 1830 986 1903 baberet,
1005 1847 1059 1902 quo
1077 1833 1137 1902 ipss
1155 1846 1210 1888 non
1223 1836 1327 1889 temere
1339 1837 1468 1902 uteretur,
1487 1831 1538 1889 sed
1548 1832 1741 1890 sonnodnre

287 1928 325 1984 ad
341 1925 421 1983 ludos
438 1929 468 1981 et
485 1924 522 1980 ad
539 1927 646 1979 oeteraa
664 1922 856 1992 apparationes
873 1921 982 1978 soleret.
1013 1927 1042 1978 et
1058 1921 1148 1992 magis
1166 1922 1264 1993 planet,
1282 1920 1356 1992 quod
1374 1921 1464 1978 uiotus
1482 1922 1526 1978 sui
1542 1931 1630 1978 eausa
1647 1937 1739 1994 para-

288 2023 347 2074 tum
365 2020 416 2085 est,
434 2018 542 2070 tantum
560 2011 702 2068 eontinerl.
1633 2071 1638 2082 ¹

232 2107 270 2166 29
340 2105 551 2161 linoauarruus
574 2101 642 2156 libro
666 2099 811 2156 undeoimo
834 2099 1044 2156 institutionum.
1081 2098 1111 2156 Si
1133 2099 1244 2170 quando
1267 2099 1379 2156 altsrim
1397 2100 1506 2170 generis
1523 2099 1643 2156 materia
1661 2115 1739 2157 auro

288 2199 438 2266 argentone
460 2192 578 2248 inioota⁴
600 2189 650 2260 sit,
674 2189 699 2246 si
721 2187 824 2246 bourn
846 2204 942 2245 aurum
960 2189 1005 2244 uel
1023 2192 1167 2259 argentum
1186 2189 1306 2260 legetur,
1330 2193 1361 2246 et
1377 2189 1405 2245 id
1422 2187 1498 2260 qnod
1515 2188 1667 2244 inlsoturn⁸
1686 2193 1740 2246 est

257 2293 270 2338 1
287 2283 411 2340 debetur.
439 2281 507 2338 Utro
524 2282 617 2336 autem
635 2279 724 2334 utrius
741 2277 872 2334 materiae
887 2278 924 2334 sit
936 2279 1066 2348 massaio,
1085 2278 1148 2334 uisu
1161 2283 1243 2350 atque
1255 2294 1308 2334 usu
1319 2278 1367 2349 rei,
1386 2281 1532 2344 eonsuetu:
1562 2289 1638 2348 last,
1648 2291 1689 2348 ιο,
1699 2290 1737 2338 a?

288 2373 360 2430 dinis
377 2371 463 2443 patris
480 2367 617 2425 familiss⁸
634 2366 834 2424 aestimandum
853 2372 905 2423 est

232 2459 272 2519 30
342 2462 462 2517 Patruus
483 2457 553 2514 libro
577 2456 709 2528 singulari
732 2456 767 2512 de
790 2456 980 2526 adsignatione
998 2454 1165 2512 libertorum.
1202 2455 1233 2514 Si
1250 2456 1311 2526 quis
1328 2456 1368 2511 its
1385 2455 1531 2524 leganerit:
1549 2449 1736 2538 [ιῖοῖῖοῆέ

289 2550 375 2607 ‘uxori
392 2563 471 2605 meae
488 2545 620 2603 mundum
638 2550 799 2602 ornaments
816 2559 866 2602 seu
883 2560 954 2614 quae
972 2545 1032 2600 eins
1050 2560 1135 2601 eausa
1146 2545 1251 2616 paraui,
1269 2544 1306 2601 do
1317 2543 1396 2615 lego',
1414 2543 1611 2614 plaoetornnia
1622 2543 1736 2614 deberi,
1761 2547 1783 2588 2

289 2639 370 2696 sinoti
387 2653 450 2694 enm
468 2637 508 2692 ita
524 2637 646 2706 legatur:
665 2633 745 2690 “litio
764 2634 843 2706 uina,
861 2649 932 2704 quae
950 2635 978 2689 in
996 2633 1064 2690 urbe
1082 2633 1170 2690 babeo
1189 2647 1239 2689 seu
1257 2634 1397 2704 inportu,
1415 2632 1452 2689 do
1469 2632 1548 2704 lego',
1567 2634 1665 2690 omnis
1683 2633 1737 2692 ds·

289 2728 361 2786 beri:
380 2727 433 2784 boo
451 2727 523 2782 euim
543 2726 553 2795 {t
571 2721 686 2779 uerbum
705 2722 769 2779 ‘ssu'
788 2723 936 2794 ampliandi
952 2723 1038 2792 legati
1055 2723 1145 2793 grstia
1161 2722 1281 2794 positum
1300 2727 1352 2780 est
1757 2721 1783 2771 Ι

232 2816 270 2876 31
342 2817 445 2872 nanno
467 2814 537 2871 libro
560 2813 681 2870 seeundo
704 2812 885 2883 posteriorum
909 2833 926 2868 o
948 2813 1078 2870 Iauoleno
1098 2813 1317 2884 epitomatorem.
1354 2811 1406 2880 Qui
1423 2813 1530 2868 lanoem
1562 2821 1689 2882 blais
1700 2825 1735 2872 aa
1761 2809 1783 2833 ⁴

290 2906 437 2962 maximam
455 2904 587 2960 minorem
605 2902 744 2958 minimam
762 2900 941 2972 relinquebat,
959 2901 999 2956 ita
1015 2901 1169 2972 legsuerat:
1188 2902 1301 2958 ‘laneam
1315 2901 1447 2958 minorem
1459 2901 1499 2958 illi
1509 2887 1735 2971 lsgonTdi'a}

290 2993 486 3066 magnitudinis
504 2991 592 3048 uideri
608 2991 729 3062 legatam
747 2991 852 3047 lanoem
870 3005 1033 3061 responsum
1050 2995 1102 3062 est,
1120 2992 1145 3047 si
1162 3005 1218 3048 non
1235 2996 1390 3062 appareret,
1407 3005 1490 3061 quarn
1508 2990 1616 3048 laneam
1634 3007 1674 3049 ex
1687 2992 1736 3050 bis
1759 2991 1783 3032 ³

289 3091 368 3156 pater
385 3083 501 3140 familias
519 3081 708 3138 demonstrare
726 3080 866 3136 noluisset

233 3175 271 3233 32
343 3175 462 3230 Paunus
484 3171 554 3228 libro
577 3169 699 3226 seeundo
721 3169 758 3224 ad
782 3168 928 3226 Uitellinm.
963 3169 1101 3226 Pediouliu
1123 3169 1262 3240 mgentsia
1284 3169 1415 3226 adiunots
1437 3167 1528 3239 sigilla
1550 3162 1736 3252 [la—affi‘e'o

291 3278 378 3320 aenea
395 3265 540 3332 oetemqne
558 3259 658 3330 omnia,
677 3273 748 3329 quae
766 3258 802 3314 ad
816 3259 932 3316 eandem
945 3259 1148 3316 similitudinem
1160 3259 1248 3330 redigi
1259 3262 1383 3330 possam,
1402 3262 1516 3329 argento
1528 3255 1603 3316 iaoto
1616 3245 1736 3318 offitii

258 3360 271 3404 1
291 3353 366 3407 Auro
385 3349 458 3407 iaetu
477 3349 691 3406 adnumerantur
708 3363 835 3418 gemmae
852 3348 941 3404 anulis
958 3349 1088 3418 inolusm,
1105 3349 1208 3420 qnippe
1226 3349 1368 3406 anulorum
1380 3353 1453 3418 sunt,
1472 3345 1585 3419 eymbia
1594 3355 1738 3420 argentea

291 3441 390 3497 errmtb
408 3440 498 3496 aureis
515 3439 628 3510 illigata
662 3438 840 3508 margaritae,
859 3452 930 3508 quae
948 3439 987 3494 ita
1004 3439 1170 3494 ornamentis
1188 3436 1366 3494 muliebribus
1383 3441 1528 3494 oontextae
1546 3442 1625 3508 suut,
1651 3445 1686 3496 ut
1703 3441 1737 3498 in
1760 3436 1783 3477 ³

291 3529 333 3585 bis
351 3534 479 3600 aspsetua
497 3528 556 3584 auri
574 3527 712 3598 potentior
730 3527 779 3597 sit,
798 3541 865 3582 auro
883 3523 957 3583 laeto
975 3526 1197 3584 adnumerantur.
1227 3539 1312 3583 aures
1328 3525 1506 3598 emblemata,
1524 3528 1643 3598 quaein
1661 3531 1737 3602 lapi·

291 3619 388 3675 dibusl
406 3616 549 3690 opsidibus
567 3617 706 3687 argenteis
724 3621 818 3672 essent
836 3621 865 3670 et
882 3614 1047 3686 replumbari
1063 3621 1186 3686 possent,
1204 3614 1299 3672 deberi
1316 3615 1411 3673 Gallus
1428 3617 1481 3672 ait:
1499 3615 1550 3672 sed
1562 3616 1662 3674 Labeo
1681 3619 1736 3676 im·

289 3707 396 3780 probat.
423 3707 533 3763 Tubero
552 3711 658 3777 antem,
678 3705 753 3776 quod
771 3711 888 3762 testator
905 3705 965 3760 anri
983 3720 1096 3761 numero
1113 3704 1268 3776 habuisset,
1286 3707 1406 3778 legatum
1424 3705 1519 3762 deberi
1535 3705 1587 3762 ait:
1606 3707 1739 3780 ιΙίοᾳιιίι

258 3805 272 3850 a
290 3801 388 3854 aurata
409 3801 439 3853 et
455 3796 561 3852 melosa
579 3797 665 3851 rsasa8
684 3795 796 3850 alterius
815 3794 945 3850 materiae
964 3794 1023 3850 auri
1040 3809 1153 3850 numero
1171 3809 1226 3850 non
1245 3794 1379 3852 habenda
1415 3797 1539 3866 Argento
1555 3798 1668 3866 potorio
1686 3796 1738 3856 uel

290 3886 395 3944 esoario
416 3887 508 3956 legato
530 3885 559 3940 iu
583 3883 640 3952 bis,
664 3899 735 3954 quae
753 3881 867 3940 dubium
885 3887 929 3940 est
946 3883 1024 3938 ouius
1042 3884 1151 3954 generis
1169 3884 1237 3954 sint,
1261 3885 1486 3941 eonsuetudinem
1503 3885 1592 3956 patris
1608 3883 1738 3945 familias
1776 3904 1783 3910 ·

258 3983 272 4029 a
290 3975 478 4046 speetandam,
496 3989 550 4030 non
568 3975 651 4030 stiam
669 3975 698 4030 in
715 3971 766 4043 his,
785 3987 856 4042 quse
874 3975 978 4028 eertum
998 3977 1041 4028 est
1058 3973 1117 4028 dns
1135 3975 1244 4044 genem
1259 3989 1314 4030 non
1325 3989 1395 4030 osae.
1423 3974 1539 4041 Quidam
1551 3976 1739 4048 primipilaris

291 4064 370 4121 uxori
388 4078 455 4119 suae
473 4069 616 4135 argentum
636 4063 770 4119 asoarium
789 4061 942 4132 legauerat:
961 4063 1115 4132 quaesitum
1133 4068 1184 4133 est,
1202 4079 1266 4120 oum
1283 4069 1362 4134 pater
1378 4062 1496 4120 iamilias
1506 4063 1536 4120 in
1547 4071 1668 4135 argento
1679 4081 1737 4124 suo

291 4169 361 4210 uasa
383 4153 530 4223 babuerat,
556 4152 655 4224 quibus
679 4155 708 4207 et
730 4150 845 4222 potabat
865 4156 895 4206 et
911 4150 1025 4220 edebat,
1050 4167 1085 4207 an
1103 4152 1195 4222 legato
1212 4151 1281 4210 haee
1300 4166 1409 4224 quoqne
1426 4167 1496 4208 uasa
1512 4153 1737 4213 eontinerentur.

257 4252 274 4298 4
291 4241 425 4300 Scaeuola
442 4242 584 4313 respondit
601 4241 760 4298 eontineri‘t
787 4239 872 4311 idem,
891 4256 953 4297 eum
971 4247 1148 4312 quaereretur
1166 4241 1201 4298 de
1213 4242 1262 4297 tali
1273 4243 1378 4312 legato:
1395 4240 1455 4298 ‘hoe
1467 4242 1584 4314 amplius
1595 4241 1657 4301 fllia
1669 4259 1738 4304 mea

291 4339 533 4411 namuurum

291 4485 402 4590 :quam
426 4481 474 4570 (D.
494 4480 702 4566 Gotlofredm)i
774 4479 929 4568 ’‘babitum
954 4491 1048 4568 tm...
1077 4479 1158 4537 aalli
1180 4490 1228 4538 sna.
1303 4481 1461 4568 ‘intentui
1536 4483 1736 4543 ‘inteotumi

291 4627 303 4661 ⁹
320 4559 612 4699 grangffitgnkusu
630 4557 718 4624 patrus
735 4550 872 4610 famuliae?
937 4555 947 4589 ἵ
965 4552 1102 4625 laprdrbus
1120 4555 1166 4608 det.
1185 4555 1220 4622 (a.
1233 4555 1262 4622 ι’.)
1327 4555 1338 4590 ⁸
1356 4569 1431 4610 uasrs
1449 4555 1493 4630 (of.
1505 4555 1521 4609 ι
1535 4555 1569 4610 19
1583 4555 1598 4627 5
1611 4556 1630 4612 6
1643 4556 1736 4628 lati?

291 4756 520 4830 9itemquo'quo'
539 4757 576 4812 F*
634 4757 668 4814 10
690 4755 778 4814 ababa
799 4758 836 4810 Ρ
896 4759 929 4814 11
952 4759 981 4814 in
1033 4757 1222 4831 roioiprrpoic
1235 4761 1393 4825 crorrsltiorc
1406 4760 1539 4834 B(Tip.):
1557 4763 1655 4819 cosma
1669 4765 1736 4822 t19

291 4829 474 4895 ‘il'lamnaF⁸,
493 4829 554 4884 bai
568 4830 607 4884 dra
620 4828 809 4886 iatiasareB
845 4830 879 4885 12
891 4831 981 4900 snpel·
1035 4831 1080 4901 §6
1098 4831 1122 4884 i.
1136 4837 1153 4885 t.
1170 4830 1307 4901 lapidibus
1324 4839 1412 4887 natm
1430 4851 1483 4888 aeas
1500 4851 1531 4888 es
1545 4833 1737 4908 dsuopmptea

291 4902 392 4958 leotili⁴
403 4903 442 4957 1³³
486 4903 522 4960 14
533 4901 693 4971 suppellex
704 4901 742 4956 F'
785 4901 821 4956 28
838 4917 857 4956 a
872 4901 979 4971 omli
1033 4902 1151 4958 manbota·
1166 4910 1293 4975 aequorea
1307 4904 1511 4960 utdtttluiooius
1554 4905 1590 4959 tt
1608 4909 1735 4992 replum·

291 4973 416 5030 isboleno
429 4973 455 5026 F
496 4973 531 5028 36
549 4987 621 5042 quae
638 4974 666 5030 in
684 4971 821 5046 lapidibus
840 4970 981 5042 apsidibns
1033 4973 1094 5028 nari
1112 4973 1149 5026 F¹
1196 4972 1379 5030 40'a’eseario
1396 4974 1434 5029 F‘
1485 4975 1522 5031 li
1539 4971 1745 5036 munanumf

291 5046 429 5116 argenteis
452 5043 553 5115 esseut]
576 5043 606 5100 ri
626 5045 749 5104 demuma
767 5044 823 5100 τοῖο
841 5045 923 5100 littore
941 5045 979 5100 sai
1033 5044 1069 5100 lu
1086 5043 1213 5102 habuerit
1231 5045 1310 5102 Tuus.
