3480 5460
32 333 645 391 sxusn.ueen.nnn.r.sonroso
751 311 838 390 277
1141 320 1515 390 xxxviiia-31
1588 419 1591 426 Ι

36 475 181 542 uenter,
206 472 276 528 item
299 471 434 543 furiosus,
456 474 521 529 item
544 473 569 528 is
594 473 642 543 qui
660 473 778 543 captiui¹
796 472 930 530 bonorum
948 477 1151 544 possessionem
1169 477 1247 547 petit.
1283 477 1453 546 Ubicumque
1470 479 1516 534 lex

39 558 107 626 uel
127 561 270 616 senatus*
288 563 333 616 uei
352 562 511 618 constitutio
530 577 628 630 cepere
648 560 827 616 hereditatem
846 562 979 633 probibet,
999 569 1027 618 et
1044 563 1177 620 bonorum
1195 566 1335 635 possessio
1353 570 1452 620 cessat.

116 647 304 704 messus
327 649 396 704 libro
420 650 515 719 quinto
539 650 740 718 quaestionum.
776 649 875 704 Edicto
897 652 1031 718 praetoris
1049 651 1182 708 bonorum
1201 655 1339 723 possessio
1358 648 1515 737 [Q
1534 663 1574 734 ss

45 741 104 806 hi!
125 735 304 806 denegetur,
323 738 371 806 qui
388 737 427 792 rei
445 737 570 806 capitalis
590 737 712 792 damuati
730 741 795 791 sunt
812 752 901 806 neque
919 739 946 792 in
965 739 1101 808 integrum
1121 741 1240 796 restituti
1258 745 1331 796 sunt
1364 743 1405 796 rei
1422 747 1515 796 sutem

53 823 200 892 ospitalis
219 825 367 880 damnatus
386 825 553 894 intellegitur
571 826 609 895 is,
632 826 676 880 eui
694 839 785 894 poene
803 841 876 880 mors
895 832 943 882 aut
961 843 1048 897 equae
1067 833 1096 882 et
1113 828 1185 896 ignis
1202 829 1358 884 interdictio
1376 829 1420 884 sit
1452 845 1515 884 curn
1533 841 1547 882 s

58 914 165 981 ,utem
185 914 216 968 in
234 913 430 982 relegationem
449 914 511 982 quis
529 914 589 982 erit,
608 913 644 966 ad
662 913 794 969 bonorum
813 915 1016 984 possessionem
1035 915 1195 970 admittitur.

0 1025 42 1083 Α
122 999 312 1058 Permessus
332 999 403 1056 libro
422 1001 629 1056 tertiodecimo
648 1003 848 1070 quaestionum.
886 1002 954 1058 (ium
974 1003 1085 1073 quidam
1103 1005 1273 1074 propinquus
1290 1002 1339 1060 isi-
1371 1017 1516 1089 ΒΑΜ
1533 1009 1559 1066 Ρ

67 1104 134 1157 sum
157 1093 355 1144 testamentum
375 1093 518 1144 accusaret
536 1105 569 1142 ac
587 1094 650 1158 post
668 1090 780 1158 tongum
798 1090 917 1160 spatium
935 1092 1067 1162 temporis
1085 1091 1243 1162 probasset,
1265 1093 1329 1148 iicet
1348 1092 1407 1148 dies
1425 1095 1450 1148 ei
1468 1108 1515 1163 pe·

71 1173 176 1242 pendae
194 1177 387 1247 possessionis,
405 1191 487 1247 quarn
506 1175 576 1231 sorte
594 1181 687 1232 certus
704 1179 887 1234 accusationis
900 1184 994 1250 petere
1006 1179 1110 1249 debuit,
1129 1181 1245 1234 cessisse
1258 1181 1374 1250 uidetur,
1392 1184 1515 1236 attamen

77 1263 143 1344 quie
159 1264 211 1320 boc
229 1267 369 1335 proposit-o
387 1265 590 1320 accusationem
603 1266 740 1336 instruit⁸,
758 1269 790 1322 ut
801 1283 881 1322 suum
894 1267 937 1324 ins
950 1268 1004 1324 sibi
1015 1272 1116 1337 seruet,
1135 1268 1301 1338 adgnouisse
1313 1269 1515 1324 somessionem
1535 1281 1562 1322 to

82 1367 139 1417 non
153 1352 275 1409 inmerito
293 1352 440 1408 uidebitur.

48 1447 76 1503 ιδ
139 1438 248 1498 Psunue
270 1441 339 1497 libro
363 1440 508 1496 undecimo
532 1456 734 1511 responsorum.
771 1443 872 1499 Paulus
895 1442 1038 1514 respondit
1061 1443 1220 1515 petitionem
1242 1443 1337 1498 matris
1356 1438 1514 1525 [B'ffi
1533 1451 1560 1505 P

89 1529 170 1588 sclam
183 1547 234 1586 non
253 1529 408 1600 adquisisse
425 1527 497 1583 tiliae
515 1529 651 1598 impuberi
667 1529 801 1586 bonorum
819 1534 1037 1603 possessionem,
1063 1533 1116 1588 nisi
1135 1533 1159 1587 si
1176 1533 1200 1588 is
1219 1532 1266 1602 qui
1284 1545 1345 1588 earn
1363 1519 1515 1588 dedit—eff

92 1621 179 1674 denter
196 1619 281 1674 notuit
298 1634 359 1673 eam
379 1616 514 1687 impuberi
532 1617 608 1672 dare.
1534 1633 1564 1673 rs

55 1701 81 1758 lt
142 1704 209 1762 ineu
223 1707 292 1763 libro
309 1707 392 1761 tertio
410 1705 616 1760 sententiarum.
644 1705 827 1776 Quartensis,
847 1707 890 1762 cui
903 1706 1037 1764 bonorum
1049 1709 1191 1778 possessio
1203 1707 1239 1764 ab
1252 1708 1338 1764 attero
1357 1702 1514 1794 Q
1532 1715 1561 1770 P

92 1794 217 1859 metulae
233 1801 283 1864 est,
302 1793 394 1850 furere
411 1794 541 1864 coeperit,
560 1793 648 1862 magis
665 1793 811 1862 probatum
830 1800 920 1851 ratum
938 1797 1019 1854 eum‘
1038 1797 1127 1852 uideri
1145 1795 1288 1852 babuisse:
1306 1797 1360 1852 rati
1377 1797 1449 1854 enim
1467 1797 1515 1854 ba·

92 1875 152 1934 bitio
167 1875 202 1938 sd
217 1881 448 1939 confirmationem
467 1882 565 1952 prioris
582 1882 714 1952 postulati
730 1883 859 1952 pertinet.
1372 1909 1379 1922 =

243 2197 254 2283 i
283 2197 321 2274 rr
338 2289 345 2302 ¹
363 2195 405 2272 si
433 2191 656 2270 asemas
685 2061 991 2272 usslulnrrnurr
1016 2193 1275 2272 EXTABUNT
1316 2195 1354 2274 rs
1531 2217 1605 2265 rm

56 2335 67 2388 l
121 2339 248 2405 Paucos
265 2349 336 2406 libro
354 2351 435 2404 tertio
455 2349 491 2404 ad
509 2348 650 2404 Sabinum.
686 2348 803 2419 Herodi,
822 2349 900 2404 cuius
918 2364 1018 2404 nomeu
1036 2349 1190 2404 inconsulto
1208 2350 1248 2404 ita
1265 2349 1337 2405 dele·
1356 2343 1553 2433 ms

80 2425 121 2479 iim
141 2435 207 2507 eit,
229 2445 259 2492 ut
275 2439 387 2508 penitus
404 2437 460 2504 legi
479 2451 534 2490 non
551 2437 653 2506 possit,
678 2435 738 2490 dari
756 2435 888 2492 bonorum
906 2437 1045 2507 possessio
1063 2438 1174 2491 minime
1191 2441 1297 2507 potest,
1315 2439 1380 2507 quia
1397 2426 1513 2494 esce]
1531 2449 1559 2491 ss

76 2507 186 2576 ieram
204 2542 253 2581 uon
271 2527 381 2596 proprie
398 2525 518 2594 scriptus
537 2523 684 2595 uideretur,
703 2527 839 2594 quemuis,
857 2526 882 2580 si
900 2529 964 2594 post
981 2525 1102 2594 prolatas
1120 2525 1228 2580 tabulas
1246 2525 1366 2580 deletum
1381 2526 1417 2581 sit
1428 2531 1512 2582 testa·

73 2606 216 2684 neutum,
238 2613 371 2670 bonorum
394 2613 535 2683 possessio
558 2617 705 2682 competet.
737 2629 800 2668 nem
825 2617 854 2668 et
875 2613 899 2667 si
922 2611 1018 2668 mortis
1041 2617 1165 2682 tempore
1183 2613 1294 2668 tabulae
1311 2611 1425 2685 tuerint,
1447 2615 1512 2671 licet

69 2695 170 2752 We&
196 2701 350 2771 interierint,
369 2705 508 2771 competet
524 2699 658 2756 bonorum
676 2701 824 2771 possessio,
843 2699 909 2769 quie
926 2713 1021 2755 uerum
1040 2697 1094 2754 tuit
1110 2699 1219 2756 tabulas
1237 2704 1354 2757 exstare

763 2879 820 2962 lii.
1370 2879 1371 2882 ‘
1529 2897 1558 2940 ¹⁵

83 2997 116 3075 R
179 3011 241 3090 DE
273 3013 506 3092 BONORUM
541 3011 853 3088 POSSESSIONE
886 3011 1086 3088 FURIOSO
1122 3012 1316 3090 INFANTI
1349 3013 1482 3091 MUTO
1527 3031 1574 3087 Pe

410 3135 564 3214 SURDO
602 3135 755 3212 OAECO
792 3135 1108 3212 ooMPETENTE
1148 3137 1186 3213 R

33 3275 45 3331 Ῑ
106 3273 308 3348 ΡΑΩιΜΑκυε
325 3291 396 3346 libro
414 3292 509 3361 quinto
527 3290 634 3346 decimo
653 3289 854 3359 quaestionum.
882 3290 997 3346 Furiosc
1010 3291 1100 3346 Titius
1118 3288 1284 3346 substitutus
1296 3294 1353 3346 est:
1372 3285 1510 3372 [W
1527 3295 1556 3350 P

61 3357 210 3433 bonorum
226 3381 409 3450 possessionis
427 3384 550 3448 tempus,
574 3377 706 3448 quamdiu
723 3376 842 3448 furiosus
860 3379 889 3434 in
906 3379 1003 3434 eedem
1022 3379 1182 3434 condicione
1199 3381 1256 3447 est,
1278 3392 1366 3447 neque
1384 3367 1510 3435 diffisa

61 3461 157 3514 mque
189 3467 331 3523 substituto
349 3468 433 3523 cedit
461 3482 520 3536 nec,
539 3467 563 3521 si
582 3471 692 3521 curator
708 3463 804 3520 furiosi
817 3467 927 3521 nominc
940 3468 1142 3537 possessionem
1155 3466 1279 3535 accipere
1290 3471 1390 3535 potest,
1407 3466 1510 3522 idcirco
1528 3477 1558 3518 ao

61 3535 199 3634 tostius„
215 3557 357 3627 temporis,
375 3555 451 3626 quod
469 3554 619 3612 scientibus
636 3553 810 3624 praefinitum
829 3560 886 3624 est,
904 3555 1042 3612 uidebitur
1059 3555 1171 3610 cedere:
1189 3569 1252 3610 nam
1271 3557 1301 3608 et
1317 3559 1396 3622 peter
1412 3552 1511 3608 intenti

62 3618 108 3674 ⁵¹¹⁰
125 3641 351 3701 Dossessionem
370 3645 479 3715 accipit,
497 3658 552 3713 quo
570 3647 664 3698 tamen
681 3648 808 3698 cessante
826 3641 916 3698 intans
933 3657 988 3698 non
1006 3643 1168 3699 excluditur.
1195 3641 1261 3711 quid
1272 3655 1347 3710 ergo,
1365 3641 1390 3696 si
1401 3645 1511 3696 curator

61 3724 318 3819 dimotos)
1261 3789 1264 3797 s

61 3829 1509 3868 Μ

63 3881 215 3959 ¹¹¹⁰mins
232 3915 277 3961 ias.
297 3907 382 3972 (adda
400 3925 424 3960 a.
438 3911 466 3971 ι’.)
527 3905 711 3960 ²consultum
730 3913 777 3960 ina.
797 3907 875 3974 (edd.)
940 3905 1089 3962 ⁸instituit
1106 3904 1203 3973 (ecidit
1241 3978 1244 3984 .
1268 3905 1352 3960 ⁴nou
1370 3912 1418 3959 ine.
1434 3903 1509 3971 (ai.)

62 3985 501 4024 *xm-*-

66 4035 326 4118 lsffiosustitew
339 4063 363 4118 is
377 4063 413 4115 Ρ
428 4063 432 4130 Ι
448 4061 495 4130 qui
513 4062 615 4131 captiui
633 4061 766 4118 bonorum
820 4063 931 4118 dardeis
954 4063 1031 4124 Rusti
1048 4065 1086 4118 D.
1106 4063 1149 4130 29,
1166 4064 1191 4128 2,
1209 4062 1246 4117 48
1268 4069 1292 4118 et
1313 4070 1423 4116 manime
1462 4081 1510 4119 aas

64 4122 277 4190 posseBaitistem
296 4133 375 4204 petit]
393 4141 492 4186 tiamsi
505 4151 679 4203 omuesaeqae
692 4137 767 4187 aliter
818 4134 943 4188 subicitur
959 4141 1037 4198 ratio,
1054 4153 1119 4204 qaae
1137 4153 1165 4188 eo
1182 4141 1298 4204 pertinet,
1316 4140 1345 4188 at
1358 4139 1411 4186 roti
1464 4139 1510 4186 itio

67 4177 193 4264 Gffl‘es':
214 4205 228 4258 ὁ
249 4205 316 4276 upbc
339 4203 388 4257 rr'ru
412 4204 586 4272 sisposouisa
610 4203 659 4264 τοῨ
677 4203 766 4272 sixtee-
819 4205 937 4274 subsequi
949 4204 1038 4257 debeat
1046 4207 1254 4275 postulationem:
1273 4221 1353 4274 quare
1365 4211 1421 4256 aine
1432 4201 1510 4256 dubio

68 4257 163 4332 ΨῘΟΥ
192 4273 239 4330 iub
263 4275 347 4338 adeor
371 4274 533 4336 satoissaoc
559 4273 606 4327 HS
624 4274 765 4340 (Darem).
820 4275 905 4345 deficit
921 4281 1031 4344 nepotis.
1058 4275 1209 4328 crediderim
1224 4273 1461 4328 adsuescendum
1479 4289 1511 4327 eo

70 4337 294 4420 ῠιυζῆροκὸκοο
330 4345 378 4406 rc?
408 4343 571 4414 Αῑχοωλώτογ
603 4344 627 4398 Β
657 4343 766 4410 (Aaou.)
820 4363 885 4416 poue
908 4345 989 4398 tradit
1011 4347 1091 4398 uttero
1115 4347 1170 4398 toro
1194 4345 1301 4398 Pontum
1324 4343 1372 4397 boc
1394 4351 1433 4396 sie
1446 4345 1510 4426 sere

72 4389 177 4462 4h'18
196 4417 229 4468 Ρ
273 4415 482 4486 tpspinianus]
497 4413 578 4475 Oisia
592 4415 618 4468 B
663 4415 766 4469 detta
819 4423 872 4468 acri
889 4423 968 4468 sisse:
989 4419 1079 4469 ratum
1102 4429 1165 4468 eum
1189 4429 1244 4468 non
1261 4413 1349 4468 uideri
1371 4411 1509 4482 habuisse,

76 4477 127 4546 Ψ
142 4475 190 4528 F¹
232 4489 264 4541 12
276 4485 529 4556 responoirsolsm
558 4483 697 4540 etitionem
710 4500 766 4538 me-
820 4435 977 4540 ratibebitio
1002 4485 1073 4540 enim
1098 4483 1133 4539 ed
1156 4481 1389 4540 confirmationem
1412 4483 1511 4553 prioris

80 4539 120 4588 ²¹¹³
129 4554 226 4628 spiam
239 4558 335 4621 rw,
353 4556 495 4626 respondit
508 4503 593 4611 sofam
607 4557 766 4626 petitionem
820 4557 950 4624 postulati
962 4557 1087 4624 pertinet,
1100 4555 1149 4610 sed
1159 4555 1182 4609 si
1191 4557 1342 4624 praecessit
1350 4554 1509 4608 mandatnm

85 4612 361 4692 miiflsWDiiQC‘ii
394 4627 487 4682 13nisi
498 4626 535 4680 'si'
545 4627 569 4680 is
580 4627 616 4678 F’
653 4628 686 4681 14
696 4626 766 4696 eam]
821 4632 849 4680 et
861 4625 949 4681 iurere
963 4627 1055 4696 coepit
1065 4632 1211 4696 postquam
1223 4626 1410 4681 mandatarius
1422 4626 1510 4696 petiit,

92 4677 200 4764 DEFK,
215 4712 272 4752 cum
286 4697 335 4752 Fi:
354 4697 377 4752 ei
394 4698 429 4752 usi
446 4697 561 4768 ὁᾶρχωκ
582 4697 696 4767 scrinei
716 4709 766 4758 oa·
820 4696 1012 4752 ratihabitione
1030 4713 1099 4766 opus
1116 4713 1171 4752 non
1189 4711 1264 4765 esse,
1289 4715 1367 4768 eaque
1384 4699 1510 4766 compita·

95 4767 176 4818 “ime
190 4765 261 4826 siit«
278 4769 369 4830 scisci
388 4768 430 4822 tud
446 4769 495 4823 τῆς
511 4766 766 4837 κητρὸετῷὶκὴῠῳ
820 4775 888 4822 tores
910 4770 977 4822 mate
998 4768 1142 4838 consedisse
1203 4769 1237 4821 21
1261 4767 1315 4822 8ἰῆ4
1338 4766 1376 4818 F¹
1400 4767 1405 4832 Ι
1428 4764 1511 4835 p‘a'e·

102 4819 386 4906 B(.Aaos.)1dariF²
440 4841 473 4894 16
491 4844 581 4893 ratum
600 4853 662 4892 sum
679 4837 769 4892 uideri
821 4838 894 4892 nitus
913 4837 950 4890 F*
1006 4837 1042 4891 24
1059 4837 1190 4906 competit
1207 4837 1245 4890 F’
1301 4837 1334 4892 27
1353 4839 1510 4906 competen-

105 4888 223 4974 Μύκο]
238 4912 300 4964 idem
321 4911 430 4965 Graeci:
448 4909 643 4964 toueictesr‘os
657 4908 767 4973 tir-ricae·
820 4913 876 4964 tem
901 4908 947 4972 ΙΝ,
975 4908 1141 4978 competenti
1164 4907 1208 4971 Ρ,
1235 4907 1392 4977 conpetenti
1419 4907 1470 4959 iad
1489 4906 1515 4959 F

113 4969 143 5050 Ψ
161 4966 296 5047 Biduum),
313 4981 360 5036 ssd
376 4988 534 5035 contrariom
552 4986 700 5034 sententiam
709 4981 767 5052 fla·
821 4979 955 5035 estcoas
966 4980 1003 5033 F¹
1039 4979 1073 5035 31
1086 4977 1219 5034 oed'd'ere
1231 4977 1267 5031 F*
1305 4975 1459 5046 ddsooepit
1471 4976 1509 5031 ΡΙ

118 5037 169 5102 ii¹⁸¹
178 5049 197 5095 st
206 5050 266 5102 istor
277 5059 340 5106 iuris
352 5058 376 5106 et
387 5057 549 5123 comparatio
557 5054 663 5106 ctterim
675 5056 768 5122 capitis
